2020 3122
516 131 581 162 DE
606 131 843 163 01vrrA'rE
867 134 956 164 DEI
979 134 1021 166 L.
1045 135 1135 167 XII.
1161 135 1197 167 c.
1223 137 1275 168 14.
1300 139 1353 170 15.
1665 128 1770 180 533

91 246 304 303 erimuS,
345 243 425 291 cui
462 243 607 291 modo
649 243 879 310 dicimuS,
920 247 1050 308 quod
1092 262 1229 296 sacer
1269 248 1498 297 admonet
1534 249 1771 313 psalmus:

98 319 182 379 Tu,
223 318 448 376 Domine,
486 317 712 365 servabis
743 331 833 365 nos
873 324 921 366 et
959 323 1209 370 custodies
1247 336 1335 370 nos
1375 337 1407 371 a
1442 326 1773 383 qeneratione

92 395 191 442 hac
223 398 271 440 et
304 393 355 439 in
388 395 664 439 aeternum.
744 389 872 438 Satis
903 397 1066 440 autem
1098 395 1205 442 istis
1245 396 1468 443 existimo
1510 398 1771 445 convenire

93 464 223 530 quod
264 464 512 528 sequitur:
562 464 624 512 In
672 466 894 512 circuit-u.
944 467 1083 526 impii
1120 468 1445 517 ambulabunt
1456 487 1475 526 ;
1522 485 1618 517 non
1658 471 1771 534 quia

89 554 180 604 per
219 536 457 603 circulos,
505 552 628 602 quos
677 539 962 604 opinantur,
1008 553 1182 588 eorum
1210 542 1324 589 -vita
1371 549 1445 590 est
1493 557 1770 608 recursura,
1802 551 1828 590 5

91 613 176 662 sed
225 613 339 676 quia
386 610 529 660 modo
576 610 686 659 talis
735 617 812 660 est
858 613 1042 660 erroris
1090 628 1262 661 eorum
1309 615 1404 681 via,
1451 614 1499 663 id
1539 623 1614 664 est
1654 615 1772 665 falsa

90 686 327 736 doctrina.

758 826 956 880 CAPUT
988 827 1104 882 XV.

93 938 168 1005 De
200 938 467 998 temporali
496 936 783 984 conditione
818 937 1024 995 qenerz’s
1062 937 1283 997 humani,
1324 951 1473 997 quam
1505 938 1641 986 Deus
1679 951 1774 986 nec

234 1024 359 1059 novo
399 1011 606 1058 consilio
647 1011 924 1058 instituerit
959 1024 1053 1058 nec
1092 1011 1321 1059 mutabili
1358 1014 1621 1060 voluntate.
1804 1019 1858 1058 10

240 1111 369 1170 Quid
402 1117 567 1160 autem
598 1112 779 1160 mirum
813 1117 903 1178 est,
943 1112 984 1159 si
1016 1113 1066 1160 in
1105 1112 1182 1160 his
1222 1112 1511 1162 circuitibus
1551 1119 1774 1161 errantes

92 1201 183 1235 nec
231 1185 418 1234 aditum
464 1199 554 1233 nec
603 1186 789 1233 exitum
828 1183 1122 1235 inveniunt?
1162 1188 1274 1250 quia
1313 1201 1468 1250 genus
1507 1186 1774 1234 humanum

92 1267 238 1324 atque
294 1261 388 1310 ista
443 1265 608 1307 nostra
665 1258 938 1308 mortalitas
991 1274 1083 1308 nec
1138 1275 1235 1323 quo
1289 1262 1430 1308 initio
1486 1266 1657 1324 coepta
1712 1261 1773 1307 sit

93 1336 270 1400 sciunt,
310 1347 401 1381 nec
436 1347 533 1396 quo
567 1333 662 1381 fine
696 1332 974 1399 claudatur3
1008 1333 1201 1397 quando
1235 1333 1434 1398 quidem
1468 1333 1773 1382 altitudinem

91 1407 180 1456 Dei
225 1411 488 1472 penetrare
536 1421 635 1455 non
686 1412 919 1472 possunt3
970 1409 1107 1474 quia,
1147 1422 1260 1456 cum
1299 1409 1403 1472 ipse
1444 1408 1508 1455 sit
1546 1413 1777 1454 aeternus
1811 1414 1864 1453 15

93 1487 143 1530 et
174 1482 279 1529 sine
312 1481 467 1547 initio,
507 1479 566 1528 ab
607 1479 769 1544 aliquo
810 1486 974 1529 tamen
1014 1482 1155 1530 initio
1196 1496 1402 1529 exorsus
1443 1487 1517 1529 est
1557 1486 1775 1544 tempora

94 1561 142 1604 et
179 1554 457 1621 hominem,
497 1568 643 1618 quem
684 1569 951 1618 numquam
992 1562 1133 1603 antea
1172 1555 1371 1620 fecerat,
1411 1554 1526 1603 fecit
1565 1556 1614 1602 in
1654 1560 1774 1625 tem-

91 1643 228 1695 pore,
267 1642 366 1676 non
391 1634 553 1676 tamen
580 1643 704 1676 novo
731 1635 779 1676 et
804 1630 1079 1695 repentine,
1120 1627 1205 1677 sed
1238 1627 1515 1677 inmutabili
1553 1634 1774 1675 aeterno-

94 1695 198 1766 que'
245 1700 463 1750 consilio,
541 1700 663 1758 Quis
719 1701 846 1751 hanc
902 1702 1054 1751 valeat
1107 1701 1411 1751 altitudinem
1467 1698 1773 1764 investigabi-

95 1775 190 1824 lem
223 1777 465 1838 vestigare
499 1781 548 1824 et
579 1775 948 1824 inscrutabilem
973 1777 1293 1841 perscrutari,
1333 1774 1604 1823 secundum
1630 1787 1775 1837 quam
1808 1781 1864 1821 20

93 1848 225 1898 Deus
278 1848 530 1897 hominem
582 1849 928 1916 temporalem,
983 1856 1094 1898 ante
1150 1864 1297 1914 quem
1348 1863 1491 1897 nemo
1542 1861 1774 1910 umquam

93 1922 350 1971 hominum
384 1922 492 1988 suit,
532 1937 631 1970 non
663 1922 883 1971 mutabili
925 1923 1173 1972 voluntate
1214 1924 1263 1971 in
1296 1928 1517 1986 tempore
1559 1919 1776 1969 condidit

95 2002 145 2045 et
183 2010 339 2060 genus
379 1995 649 2044 humanum
681 2011 740 2045 ex
780 2012 878 2046 uno
919 1992 1293 2061 multiplicavit?
1333 1993 1536 2053 Quando
1578 1993 1774 2058 quidem

93 2069 310 2134 psalmus
342 2070 448 2134 ipse
481 2085 594 2118 cum
625 2072 962 2135 praemisisset
992 2077 1138 2135 atque
1171 2070 1396 2118 dixisset:
1433 2068 1519 2134 Tu,
1551 2069 1777 2131 Domine,

93 2144 320 2192 servabis
366 2158 456 2192 nos
502 2149 553 2192 et
597 2146 847 2193 custodies
894 2159 983 2193 nos
1031 2160 1062 2193 a
1104 2146 1436 2206 generatione
1482 2144 1581 2191 hac
1631 2146 1680 2189 et
1725 2142 1776 2188 in
1809 2145 1863 2186 25

95 2223 372 2277 aeternum,
412 2231 467 2265 ac
507 2217 683 2266 deinde
724 2219 1112 2282 repercussisset
1151 2233 1250 2283 eoS,
1287 2218 1339 2265 in
1380 2230 1590 2280 quorum
1630 2212 1777 2263 stulta

94 2291 341 2355 impiaque
375 2290 598 2339 doctrina
630 2290 762 2340 nulla
801 2290 1106 2339 liberationis
1146 2297 1195 2339 et
1233 2289 1549 2339 beatitudinis
1589 2289 1774 2335 animae

97 2369 322 2412 servatur
362 2367 640 2430 aeternitaS,
681 2366 915 2413 continuo
956 2363 1226 2413 subiciens:
1276 2364 1337 2412 In
1377 2364 1596 2412 circuitu
1637 2361 1778 2420 impii

96 2438 449 2486 ambulabunt:
488 2443 737 2502 tamquam
769 2440 815 2487 ei
848 2438 1118 2487 diceretur:
1156 2436 1316 2503 „Quid
1350 2450 1465 2499 ergo
1506 2441 1556 2482 tu
1599 2431 1773 2495 crediS,

214 2551 260 2605 3)
290 2549 364 2593 Ps.
400 2555 469 2606 11,
501 2554 527 2593 8
561 2564 632 2605 sq.-

216 2686 242 2724 3
276 2684 324 2726 et
364 2682 449 2725 VA
481 2681 581 2738 (καὶ
613 2680 680 2731 εἰς
711 2678 795 2725 τὸν
828 2679 1017 2736 αἰῶνα);
1050 2694 1132 2724 om.
1164 2694 1190 2723 υ
1222 2680 1430 2733 (itemque
1461 2679 1544 2729 25)
1574 2677 1589 2730 ΙΙ
1619 2679 1646 2717 4
1678 2687 1772 2716 am-

95 2739 325 2784 bulabunt
365 2740 475 2793 VA,·
508 2741 752 2784 ambulant,
781 2755 805 2783 v
838 2741 1046 2796 (itemque
1077 2742 1160 2793 29)
1182 2740 1197 2794 ss
1222 2742 1277 2780 10
1309 2735 1600 2780 constituent
1628 2747 1654 2775 v
1677 2734 1693 2787 ΙΙ
1719 2735 1771 2775 15

96 2799 226 2856 quia]
261 2812 402 2855 quam
443 2799 487 2841 V
513 2798 800 2855 (quoniam?)
831 2801 848 2855 ΙΙ
870 2798 960 2855 ipsi
991 2798 1259 2842 coaeternus
1301 2794 1378 2850 Vss
1403 2798 1455 2836 17
1490 2794 1597 2836 ante
1627 2805 1654 2835 v
1676 2792 1693 2847 Η
1716 2794 1772 2834 29

96 2859 148 2900 tu
180 2871 290 2914 ergo
323 2857 434 2913 quid
465 2859 510 2901 A
