2020 3122
554 151 621 183 DE
647 150 885 184 cmTATE
908 151 996 183 DEI
1020 152 1062 184 L.
1086 153 1173 185 vn.
1198 153 1235 186 c.
1261 155 1314 187 15.
1340 154 1392 187 16.
1700 142 1808 195 293

127 263 209 312 illo
241 262 601 327 fulgentissimo
635 263 796 311 sidere
823 263 951 327 apud
983 278 1068 312 eos
1107 270 1354 329 tamquam
1394 265 1454 314 de
1493 265 1618 314 malo
1660 281 1808 315 aureo

129 337 252 386 Iuno
290 335 554 401 Venusque
595 335 908 385 contendant.
984 335 1270 387 Luciferum
1311 341 1442 388 enim
1482 339 1679 403 quidam
1719 338 1808 387 Ve-

128 411 286 476 neriS,
326 410 525 474 quidam
564 409 737 459 dicunt
776 424 885 458 esse
924 408 1150 476 lunonis;
1205 411 1314 477 sed,
1365 420 1421 461 ut
1460 412 1605 478 solet,
1644 411 1809 461 Venus

129 485 292 532 vincit.
370 483 493 532 Nam
538 482 693 532 multo
739 483 908 548 plures
957 498 1064 531 eam
1112 483 1302 532 stellam
1341 483 1519 533 Veneri
1570 485 1812 552 tribuunt,

128 559 196 606 ita
235 563 291 606 ut
321 558 401 606 vix
433 572 606 606 eorum
639 558 899 621 quisquam
939 558 1232 623 reperiatur,
1271 559 1357 621 qui
1396 558 1524 606 aliud
1566 560 1809 622 opinetur.

131 630 252 689 Quis
284 637 451 680 autem
482 645 582 679 non
614 630 786 697 rideat,
825 645 939 679 cum
970 645 1139 694 regem
1172 632 1390 679 omnium
1429 630 1593 679 Iovem
1634 631 1811 696 dicant,

131 704 260 769 quod
301 704 442 754 stella
473 706 579 753 eius
613 703 671 752 ab
713 703 851 753 stella
885 703 1088 752 Veneris
1129 711 1262 752 tanta
1302 705 1515 752 vincitur
1555 703 1812 753 claritate?

132 778 288 827 Tanto
328 780 459 827 enim
498 793 606 826 esse
648 777 818 826 debuit
857 779 1036 826 ceteris
1075 777 1154 826 illa
1194 776 1475 842 fulgentior,
1515 783 1697 841 quanto
1739 784 1814 826 est

131 853 237 917 ipse
268 853 535 916 potentior.
599 851 918 916 Respondent
950 851 1060 899 ideo
1094 853 1164 900 sic
1196 850 1367 917 videri,
1407 852 1519 915 quia
1552 850 1646 912 illa,
1689 865 1812 914 quae

129 931 333 990 putatur
365 925 640 991 obscurior,
681 926 908 989 superior
941 930 1016 973 est
1047 931 1193 990 atque
1227 940 1251 973 a
1284 926 1432 973 terris
1470 924 1613 989 longe
1653 939 1812 973 remo-

130 1001 238 1048 tior.
318 997 371 1047 Si
425 1014 542 1063 ergo
591 1000 901 1063 superiorem
946 998 1110 1047 locum
1157 1000 1312 1046 maior
1360 997 1570 1062 dignitas
1617 999 1815 1063 meruit,

131 1087 281 1137 quare
309 1072 553 1122 Saturnus
592 1071 659 1120 ibi
693 1078 769 1121 est
806 1071 918 1120 Iove
960 1068 1222 1137 superior?
1271 1072 1344 1120 An
1383 1073 1569 1120 vanitas
1609 1070 1815 1136 fabulae,

132 1161 257 1211 quae
295 1161 465 1210 regem
496 1145 659 1195 Iovem
700 1146 829 1211 facit,
869 1161 967 1194 non
1006 1147 1167 1210 potuit
1206 1161 1365 1210 usque
1405 1145 1464 1193 ad
1504 1145 1664 1193 sidera
1703 1159 1813 1209 per-

131 1221 323 1286 venire,
363 1226 412 1269 et
452 1220 583 1284 quod
623 1235 721 1268 non
761 1219 912 1268 valuit
953 1218 1197 1269 Saturnus
1236 1221 1285 1267 in
1327 1234 1480 1283 regno
1521 1234 1610 1267 suo
1651 1233 1812 1282 neque

129 1295 180 1342 in
239 1292 504 1360 Capitolio,
559 1293 731 1342 saltem
793 1292 1018 1342 obtinere
1082 1300 1158 1342 est
1211 1294 1482 1357 permissus
1537 1294 1587 1340 in
1643 1288 1814 1340 caelo?

135 1366 297 1425 Quare
353 1374 517 1417 autem
571 1367 716 1416 Ianus
782 1382 881 1415 non
935 1369 1126 1431 accepit
1187 1366 1399 1430 aliquam
1462 1362 1686 1414 stellam?
1764 1364 1815 1413 Si

134 1446 413 1508 propterea,
454 1442 567 1506 quia
599 1440 815 1490 mundus
848 1447 922 1489 est
961 1446 1012 1489 et
1051 1455 1222 1489 omnes
1261 1442 1313 1488 in
1352 1439 1434 1488 illo
1475 1445 1612 1488 sunt:
1652 1444 1703 1487 et
1740 1438 1813 1486 Io-

133 1516 206 1563 vis
252 1515 466 1564 mundus
514 1520 591 1564 est
637 1522 685 1563 et
730 1513 878 1563 habet
925 1521 1103 1563 tamen.
1183 1514 1255 1562 An
1305 1516 1399 1563 iste
1440 1527 1637 1562 causam
1677 1527 1815 1561 suam

134 1590 410 1653 composuit
459 1594 514 1637 ut
553 1590 715 1653 potuit
762 1595 812 1637 et
859 1603 951 1653 pro
990 1603 1086 1636 una
1128 1587 1291 1653 stella,
1345 1602 1490 1652 quam
1531 1601 1631 1635 non
1669 1585 1816 1634 habet

129 1663 261 1710 inter
300 1661 485 1730 sidera,
524 1668 599 1711 tot
638 1662 788 1710 facies
829 1664 1017 1726 accepit
1057 1663 1107 1710 in
1149 1658 1316 1710 terra?
1392 1659 1576 1708 Deinde
1618 1661 1660 1707 si
1698 1674 1809 1723 pro·

131 1741 243 1800 pter
299 1735 426 1784 solas
482 1735 646 1784 stellas
699 1735 1002 1785 Mercurium
1058 1742 1107 1783 et
1160 1734 1366 1783 Martem
1419 1739 1586 1798 partes
1641 1731 1811 1781 mundi

129 1808 325 1876 putant,
358 1815 414 1858 ut
453 1825 538 1858 eos
578 1809 697 1858 deos
729 1808 910 1857 habere
950 1809 1157 1873 possint,
1199 1809 1311 1871 quia
1351 1809 1523 1870 utique
1564 1821 1726 1854 sermo
1767 1811 1817 1853 et

129 1881 312 1933 bellum
351 1898 451 1931 non
498 1890 613 1932 sunt
651 1889 817 1947 partes
857 1882 1050 1948 mundi,
1107 1881 1193 1930 sed
1233 1887 1371 1930 actus
1410 1880 1687 1928 hominum:
1727 1894 1816 1927 cur

132 1955 288 2004 Arieti
328 1963 377 2005 et
415 1956 578 2004 Tauro
627 1963 676 2004 et
717 1954 905 2004 Cancro
954 1962 1003 2004 et
1044 1955 1303 2020 Scorpioni
1351 1955 1629 2017 ceterisque
1668 1952 1815 2000 huius

134 2029 280 2095 modi,
319 2044 444 2093 quae
485 2029 711 2078 caelestia
752 2030 889 2093 signa
928 2035 1190 2077 numerant
1229 2034 1278 2077 et
1318 2027 1472 2076 stellis
1511 2041 1611 2075 non
1650 2027 1814 2090 singu-

130 2102 224 2169 lis,
275 2103 361 2151 sed
418 2102 609 2167 singula
659 2101 886 2166 pluribus
941 2109 1167 2151 constant
1222 2103 1550 2166 superiusque
1604 2100 1712 2148 istis
1767 2101 1817 2147 in

136 2190 327 2224 summo
380 2175 514 2225 caelo
567 2175 831 2240 perhibent
870 2175 1149 2242 conlocata,
1187 2175 1273 2224 ubi
1313 2175 1616 2223 constantior
1655 2179 1818 2221 motus

134 2249 451 2299 inerrabilem
490 2255 706 2299 meatum
747 2248 995 2298 sideribus
1033 2248 1262 2316 praebet,
1310 2248 1469 2297 nullas
1508 2262 1639 2314 araS,
1686 2245 1817 2294 nulla

136 2337 295 2389 sacra,
348 2323 480 2373 nulla
536 2323 714 2387 templa
770 2323 1018 2388 fecerunt,
1065 2338 1157 2372 nec
1206 2322 1347 2389 deOS,
1393 2336 1492 2370 non
1540 2319 1650 2369 dico
1688 2321 1817 2367 inter

132 2394 222 2444 hos
279 2396 512 2463 selectos,
568 2396 654 2446 sed
705 2411 766 2445 ne
813 2398 943 2446 inter
993 2396 1103 2445 illos
1161 2396 1359 2460 quidem
1411 2395 1550 2459 quasi
1599 2392 1816 2458 plebeios

133 2467 449 2519 habuerunt}>

791 2553 982 2608 CAPUT
1013 2554 1158 2607 XVI.

134 2630 210 2678 De
249 2632 477 2694 Apolline
516 2638 566 2682 et
602 2633 774 2681 Diana
814 2634 1099 2693 ceterisque
1137 2634 1335 2681 selectis
1374 2631 1497 2694 diis,
1536 2641 1657 2688 quos
1686 2641 1813 2687 par-

601 2712 672 2755 tes
711 2707 889 2755 mundi
925 2719 1031 2755 esse
1070 2707 1349 2754 voluerunt.

282 2792 555 2856 Apollinem
603 2795 823 2857 quamvis
878 2793 1202 2841 divinatorem
1253 2798 1302 2839 et
1357 2789 1602 2838 medicum
1653 2785 1816 2850 velint,

135 2871 298 2913 tamen
337 2873 393 2914 ut
430 2868 481 2914 in
521 2866 683 2930 aliqua
721 2872 860 2930 parte
900 2864 1070 2914 mundi
1112 2869 1409 2927 statuerent,
1460 2863 1623 2925 ipsum
1671 2860 1815 2907 etiam

1843 568 1868 607 5

1848 934 1901 974 10

1849 1300 1902 1340 15

1846 1669 1900 1708 20

1850 2034 1904 2074 25

1848 2401 1906 2440 30

1848 2794 1905 2834 35
