2020 3122
529 151 596 183 DE
621 151 859 184 mvrrA'rE
882 152 971 184 DEI
995 152 1036 185 L.
1061 152 1171 185 xm.
1196 152 1232 185 c.
1259 154 1310 186 18.
1337 154 1389 186 19.
1706 142 1810 194 581

135 278 327 312 summo
375 263 647 312 concedere
696 262 1028 312 dubitabimus
1041 303 1054 330 ,
1102 266 1244 313 cuius
1282 264 1363 313 ille
1403 264 1640 314 voluntati
1679 273 1812 329 pote-

133 339 345 401 statique
379 338 640 402 concessit,
681 353 740 385 ne
775 338 1048 386 moriantur
1073 352 1196 401 quae
1223 344 1328 387 orta
1363 340 1475 405 sint,
1514 345 1563 387 et
1603 345 1699 387 tam
1741 339 1813 387 di-

131 425 286 476 versa,
326 416 422 458 tam
463 409 741 476 dissimilia,
782 409 829 458 id
871 417 947 458 est
987 425 1225 475 corporea
1265 418 1314 460 et
1354 414 1660 478 incorporea,
1699 412 1812 461 sibi-

132 489 232 532 met
264 497 448 532 conexa
478 482 610 532 nulla
642 485 834 548 possint
872 483 1193 532 dissolutione
1235 487 1440 551 seiungi,
1479 491 1534 534 ut
1574 485 1633 534 de
1667 501 1813 534 carne

131 557 366 623 hominiS,
419 558 499 606 cui
547 556 695 606 donat
733 556 1156 624 inmortalitatem,
1204 561 1571 623 corruptionem
1612 560 1814 625 auferat,
1846 567 1872 607 5

131 636 356 679 naturam
406 630 673 698 relinquat,
722 632 1096 695 congruentiam
1144 630 1327 695 figurae
1379 631 1813 697 membrorumque

132 704 370 766 detineat,
422 703 646 753 detrahat
685 704 917 769 ponderis
969 701 1290 754 tarditatem?
1368 704 1465 753 Sed
1505 706 1564 754 de
1605 706 1697 755 fide
1739 722 1814 754 re-

133 779 458 827 surrectionis
506 786 815 827 mortuorum
873 785 922 827 et
969 778 1028 826 de
1082 777 1373 843 corporibus
1422 793 1595 827 eorum
1633 781 1813 828 inmor-

130 850 310 900 talibus
350 851 659 919 diligentius,
711 854 751 901 si
792 851 923 900 Deus
963 851 1198 918 voluerit,
1238 854 1289 900 in
1329 852 1424 901 fine
1465 851 1612 901 huius
1652 854 1816 917 operis

131 925 475 974 disserendum
514 932 602 974 est.
1402 978 1414 986 Α
1850 934 1903 974 10

788 1111 984 1182 CAPUT
1015 1113 1160 1165 XIX.

141 1220 328 1268 Contra
361 1233 534 1268 eorum
567 1220 818 1281 doqmata,
859 1222 949 1281 qui
978 1221 1171 1282 primos
1209 1221 1446 1280 homine&
1484 1223 1530 1269 si
1565 1220 1663 1269 no'n
1698 1235 1814 1281 pec-

136 1298 358 1353 cassent,
409 1296 700 1342 inmortales
734 1292 940 1354 futuros
974 1292 1135 1354 fuisse
1173 1307 1271 1342 non
1314 1295 1549 1355 credunt,
1597 1296 1814 1342 aeterni-

345 1372 495 1415 tatem
535 1369 820 1416 animarum
859 1370 1032 1416 volunt
1069 1381 1254 1416 carere
1294 1368 1607 1429 corporibus.

279 1469 422 1518 Nunc
474 1469 533 1517 de
589 1469 882 1534 corporibus
933 1471 1208 1534 primorum
1258 1469 1513 1519 hominum
1564 1469 1694 1534 quod
1745 1471 1816 1518 in·
1851 1478 1905 1516 15

135 1544 386 1592 stituimus
426 1543 750 1609 explicemus,
790 1545 1023 1607 quoniam
1062 1558 1154 1591 nec
1194 1558 1327 1592 mors
1367 1545 1488 1610 ista,
1528 1558 1652 1607 quae
1692 1543 1818 1591 bona

135 1615 427 1681 perhibetur
474 1615 616 1665 bonis
668 1632 760 1665 nec
812 1623 1002 1666 tantum
1051 1618 1222 1680 paucis
1267 1615 1666 1681 intellegentibus
1717 1618 1818 1664 sive

136 1689 470 1756 credentibuS,
511 1689 594 1739 sed
637 1690 866 1739 omnibus
905 1697 1020 1738 nota
1060 1697 1149 1754 est,
1190 1705 1285 1753 qua
1325 1690 1378 1738 fit
1418 1691 1604 1738 animae
1645 1705 1671 1738 a
1711 1705 1817 1738 cor-

134 1779 253 1828 pore
296 1766 555 1830 separatiO,
595 1779 690 1827 qua
730 1770 865 1812 certe
906 1778 1088 1828 corpus
1129 1764 1410 1828 animantiS,
1452 1763 1582 1827 quod
1624 1763 1816 1811 eviden-

133 1845 210 1886 ter
264 1836 486 1903 vivebat,
541 1837 795 1885 evidenter
850 1838 1113 1901 emoritur,
1169 1838 1240 1884 eis
1285 1838 1531 1900 potuisset
1577 1836 1816 1903 accidere,
1849 1844 1905 1884 20

133 1912 230 1959 nisi
279 1913 470 1975 peccati
524 1911 756 1959 meritum
813 1916 1121 1974 sequeretur.
1198 1908 1337 1958 Licet
1388 1911 1519 1958 enim
1573 1911 1818 1962 iustorum

132 1999 186 2032 ac
240 1985 436 2048 piorum
493 1986 681 2032 animae
736 1983 1083 2032 defunctorum
1137 1983 1268 2047 quod
1322 1985 1371 2031 in
1428 1985 1599 2047 requie
1656 1984 1818 2032 vivant

132 2056 356 2106 dubitare
399 2058 469 2105 sas
516 2072 614 2105 non
665 2059 750 2123 sit,
795 2072 954 2122 usque
995 2056 1115 2105 adeo
1155 2063 1319 2105 tamen
1360 2058 1430 2105 eis
1469 2056 1646 2105 melius
1686 2063 1818 2105 esset

133 2146 247 2180 cum
288 2132 390 2180 suis
424 2130 716 2195 corporibus
755 2129 881 2179 bene
922 2129 1196 2180 valentibus
1236 2132 1413 2196 vivere,
1454 2136 1508 2179 ut
1548 2131 1693 2180 etiam
1732 2128 1816 2196 illi,

133 2206 218 2268 qui
250 2204 558 2253 omnimodo
600 2219 708 2253 esse
750 2206 854 2252 sine
896 2219 1103 2269 corpore
1143 2203 1482 2253 beatissimum
1522 2205 1816 2270 existimant,
1849 2210 1903 2249 25

133 2278 259 2326 hanc
317 2280 599 2343 opinionem
655 2292 792 2327 suam
852 2271 1095 2327 sententia
1150 2284 1454 2342 repugnante
1511 2278 1815 2326 convincant.

135 2350 306 2416 Neque
346 2354 478 2401 enim
518 2354 778 2416 quisquam
817 2351 1016 2401 audebit
1054 2351 1251 2400 illorum
1293 2353 1539 2415 sapientes
1578 2350 1816 2414 homineS,

135 2427 234 2473 sive
266 2428 534 2474 morituros
569 2427 669 2473 sive
702 2426 798 2473 iam
838 2432 1074 2491 mortuOS,
1114 2425 1163 2473 id
1205 2431 1281 2474 est
1320 2431 1403 2472 aut
1444 2430 1667 2472 carentes
1708 2437 1814 2470 cor-

54 2553 58 2557 ,
132 2497 335 2562 poribus
383 2506 467 2547 aut
525 2513 732 2563 corpora
787 2498 1072 2565 relicturOS,
1136 2498 1229 2547 diis
1283 2495 1625 2546 inmortalibus
1678 2502 1813 2543 ante-

132 2586 333 2638 ponere,
374 2571 553 2636 quibus
587 2571 717 2620 Deus
750 2587 973 2621 summus
995 2571 1123 2636 apud
1147 2571 1400 2620 Platonem
1426 2584 1605 2618 munus
1622 2570 1811 2633 ingenS,
1846 2575 1902 2614 30

131 2645 523 2695 indissolubilem
571 2646 758 2694 scilicet
804 2647 978 2712 vitam,
1030 2645 1079 2693 id
1128 2652 1203 2693 est
1250 2651 1504 2692 aeternum
1556 2656 1668 2690 cum
1709 2642 1811 2689 suis

252 2821 277 2859 2
312 2818 420 2860 sunt
449 2830 474 2860 v
498 2818 513 2872 ss
540 2821 592 2859 12
625 2818 874 2872 peccarent
914 2815 957 2859 V
991 2818 1006 2871 fl
1047 2819 1098 2858 13
1131 2818 1183 2858 ut
1214 2814 1364 2857 editur
1404 2812 1467 2866 V‚·
1499 2812 1635 2855 verba
1666 2811 1811 2854 aeter-

132 2873 329 2918 nitatem
363 2911 372 2920 .
409 2909 418 2918 .
450 2874 719 2931 corporibus
752 2888 834 2919 om.
867 2889 892 2918 v
916 2876 1011 2931 1126
1045 2887 1127 2916 sua
1158 2873 1224 2917 ed.
1256 2871 1428 2916 Lovan.
