2020 3122
575 113 643 146 m:
667 111 906 147 cnutum
928 113 1017 145 DEI
1040 114 1082 147 L.
1108 114 1178 146 1v.
1203 114 1241 148 o.
1266 116 1318 149 23.
1691 105 1795 158 175

105 241 190 277 eos
229 231 365 275 tanto
398 225 589 274 numini
620 239 811 288 suoque
850 225 1064 289 principi
1102 225 1353 276 voluntate
1394 242 1639 295 cessuroS,
1679 231 1793 293 quia

103 299 244 349 multi
283 304 424 348 erant
461 297 587 364 illic,
625 297 713 347 ubi
752 296 1046 363 Capitolium
1086 301 1412 350 constitutum
1450 308 1539 368 est,
1578 317 1668 367 per
1708 317 1791 352 au-

102 374 300 438 gurium
350 373 612 438 quaesivit,
665 377 834 421 utrum
895 371 1168 421 concedere
1220 372 1384 422 locum
1434 375 1616 424 vellent
1665 375 1790 442 Iovi3

101 453 248 510 atque
301 447 396 510 ipsi
467 445 581 494 inde
645 445 824 494 cedere
879 460 1052 495 omnes
1105 445 1370 496 voluerunt
1430 455 1629 513 praeter
1682 450 1790 499 illos

101 535 225 584 quos
259 521 652 585 commemoravi,
676 519 898 580 Martem,
931 519 1235 586 Terminum,
1273 520 1602 588 Iuventatem3
1642 529 1788 587 atque
1821 535 1848 576 5

98 594 210 643 ideo
254 591 548 658 Capitolium
604 595 671 642 ita
726 599 1070 642 constructum
1117 600 1218 660 est,
1267 601 1324 644 ut
1370 596 1517 644 etiam
1564 597 1647 645 isti
1685 603 1789 646 tres

99 669 234 717 intus
288 674 457 716 essent
511 674 610 716 tam
666 666 893 716 obscuris
948 668 1124 733 signiS,
1181 674 1236 716 ut
1288 667 1384 717 hoc
1437 670 1517 718 vix
1563 669 1788 720 homines

99 742 372 791 doctissimi
404 742 603 791 scirent.
680 740 827 790 Nullo
859 741 1005 790 modo
1045 743 1198 806 igitur
1228 741 1534 791 Felicitatem
1566 742 1789 807 Iuppiter

98 817 203 881 ipse
245 822 600 880 contemneret,
639 816 770 865 sicut
808 831 835 864 a
873 815 1129 878 Termino,
1169 814 1340 881 Marte,
1379 815 1632 865 Iuventate
1673 831 1787 866 con-

97 896 317 954 temptus
373 896 462 938 est.
540 888 637 938 Sed
691 890 787 954 ipsi
841 891 1014 956 etiam,
1071 890 1157 953 qui
1210 904 1310 938 non
1364 896 1618 939 cesserant
1671 889 1786 957 Iovi,
1821 903 1874 945 10

97 964 322 1028 profecto
372 962 606 1012 cederent
645 962 908 1030 Felicitati,
957 978 1081 1027 quae
1129 962 1224 1011 illis
1271 978 1440 1029 regem
1487 964 1673 1013 fecerat
1712 964 1785 1012 Io-

96 1052 220 1085 vem.
298 1036 395 1086 Aut
420 1038 461 1086 si
485 1051 585 1085 non
612 1036 861 1103 cederent,
899 1052 999 1085 non
1032 1036 1081 1084 id
1107 1043 1394 1101 contemptu
1420 1039 1526 1087 eius
1551 1038 1786 1104 facerent,

97 1111 184 1159 sed
225 1110 355 1174 quod
402 1111 454 1158 in
501 1109 646 1158 domo
686 1109 952 1160 Felicitatis
1001 1109 1201 1159 obscuri
1251 1126 1360 1159 esse
1399 1110 1600 1160 mallent
1639 1126 1786 1175 quam

97 1186 202 1233 sine
241 1183 322 1232 illa
359 1185 411 1232 in
450 1183 572 1232 locis
609 1186 824 1248 propriis
865 1186 1098 1233 eminere.

243 1257 315 1306 Ita
362 1256 451 1306 dea
502 1257 754 1306 Felicitate
802 1259 854 1306 in
900 1257 1008 1306 loco
1059 1256 1360 1322 amplissimo
1413 1264 1462 1307 et
1509 1258 1781 1307 celsissimo
1818 1272 1871 1313 15

97 1332 364 1381 constituta
396 1330 646 1380 discerent
678 1332 824 1392 civeS,
863 1331 994 1379 unde
1028 1332 1188 1379 omnis
1220 1329 1338 1379 boni
1376 1333 1477 1380 voti
1514 1331 1783 1396 petendum

96 1411 228 1455 esset
266 1404 524 1472 auxilium,
570 1420 624 1453 ac
675 1406 745 1454 sic
784 1406 891 1470 ipsa
930 1404 1166 1454 suadente
1207 1411 1383 1454 natura
1422 1404 1630 1454 aliorum
1670 1405 1782 1454 deo-

91 1494 206 1529 rum
246 1478 495 1544 superflua
541 1477 860 1528 multitudine
909 1477 1144 1528 derelicta
1185 1478 1435 1528 coleretur
1473 1494 1572 1528 una
1610 1478 1781 1528 Felici·

94 1560 191 1620 taS,
241 1554 328 1603 uni
375 1552 767 1620 supplicaretur,
821 1554 970 1602 unius
1016 1552 1255 1618 templum
1306 1553 1709 1617 frequentaretur
1756 1568 1783 1602 a

95 1626 282 1676 civibus
331 1629 416 1692 qui
463 1626 632 1676 felices
682 1642 790 1676 esse
836 1627 1040 1694 vellent,
1087 1642 1301 1692 quorum
1340 1634 1473 1676 esset
1511 1642 1656 1676 nemo
1697 1628 1782 1691 qui
1814 1640 1870 1681 20

92 1700 260 1767 nollet,
300 1707 446 1766 atque
485 1703 553 1750 ita
591 1702 697 1766 ipsa
735 1716 762 1749 a
802 1716 853 1750 se
893 1703 998 1766 ipsa
1036 1707 1321 1766 peteretur,
1362 1715 1485 1765 quae
1526 1700 1585 1749 ab
1626 1702 1780 1750 omni-

93 1774 186 1824 bus
210 1775 485 1840 petebatur.
563 1774 685 1833 Quis
717 1777 850 1824 enim
882 1775 1066 1839 aliquid
1106 1774 1165 1823 ab
1207 1774 1369 1838 aliquo
1409 1774 1501 1823 deo
1541 1776 1637 1823 nisi
1676 1773 1780 1823 feli-

93 1851 292 1899 citatem
337 1848 455 1898 velit
500 1850 724 1914 accipere
779 1849 855 1898 vel
906 1849 1036 1913 quod
1091 1848 1150 1897 ad
1200 1848 1484 1897 felicitatem
1535 1849 1782 1897 existimat

91 1919 380 1988 pertinere?
417 1922 632 1972 Proinde
665 1924 707 1971 si
738 1922 946 1981 felicitas
977 1921 1126 1971 habet
1163 1923 1215 1971 in
1252 1927 1496 1987 potestate
1530 1937 1644 1971 cum
1682 1936 1779 1985 quo

89 1996 291 2046 ‘homine
332 1998 396 2046 sit
436 1990 608 2064 (habet
647 2002 834 2063 autem,
881 1998 923 2045 si
962 1996 1053 2046 dea
1092 1990 1219 2063 est):
1260 2010 1384 2061 quae
1423 1994 1622 2045 tandem
1660 1994 1779 2044 stul·
1812 2008 1866 2048 25

95 2071 202 2122 titia
241 2077 317 2120 est
348 2069 408 2120 ab
433 2070 595 2135 aliquo
629 2085 735 2120 eam
776 2070 868 2120 deo
905 2077 1093 2138 petere,
1133 2084 1279 2134 quam
1316 2071 1478 2135 possis
1518 2084 1544 2118 a
1584 2084 1635 2118 se
1674 2071 1781 2134 ipsa

88 2141 394 2210 impetrare?
432 2144 568 2193 Hanc
609 2160 726 2209 ergo
766 2143 909 2194 deam
948 2159 1099 2210 super
1139 2144 1257 2193 deos
1298 2150 1492 2193 ceteros
1532 2142 1776 2192 honorare

96 2219 239 2268 etiarn
286 2219 383 2268 loci
434 2219 669 2283 dignitate
718 2217 1012 2268 debuerunt.
1091 2217 1231 2267 Sicut
1281 2219 1412 2266 enim
1463 2217 1591 2282 apud
1643 2219 1776 2282 ipsos

92 2289 286 2359 legitur,
324 2292 530 2341 Romani
569 2298 764 2342 veteres
803 2294 971 2342 nescio
1012 2307 1158 2357 quem
1194 2291 1532 2357 Summanum,
1572 2293 1652 2340 cui
1691 2305 1776 2339 no-

94 2371 268 2415 cturna
314 2366 518 2416 fulmina
565 2365 870 2432 tribuebant,
917 2366 1180 2416 coluerunt
1217 2366 1371 2430 magis
1412 2380 1559 2430 quam
1597 2364 1775 2429 Iovem,
1807 2377 1863 2416 30

94 2437 152 2487 ad
192 2454 338 2504 quem
377 2439 553 2489 diurna
591 2440 795 2489 fulmina
833 2442 1155 2504 pertinerent.
1235 2438 1333 2488 Sed
1371 2445 1634 2504 postquam
1673 2437 1774 2485 Iovi

93 2513 329 2578 templum
359 2515 551 2578 insigne
577 2528 632 2564 ac
658 2513 867 2563 sublime
899 2520 1242 2567 constructum
1275 2519 1365 2580 est,
1403 2518 1608 2578 propter
1641 2510 1774 2559 aedis

95 2583 377 2650 dignitatem
409 2589 480 2636 sic
520 2586 579 2636 ad
612 2603 726 2638 eum
758 2586 1020 2638 multitudo
1060 2587 1310 2653 confluxit,
1349 2593 1406 2636 ut
1443 2588 1521 2634 vix
1560 2584 1773 2633 invenia-

94 2664 175 2707 tur
214 2662 297 2724 qui
330 2660 583 2710 Summani
615 2676 810 2727 nomen,
850 2661 980 2726 quod
1021 2660 1190 2711 audire
1231 2663 1327 2709 iam
1365 2675 1464 2708 non
1503 2663 1680 2723 potest,
1720 2670 1772 2704 se

213 2850 235 2888 1
267 2846 443 2891 nomini
474 2846 571 2891 AF
