2020 3122
226 125 334 178 580
911 135 945 169 S.
970 134 1247 170 Aucus'rnu

227 249 494 297 fectissime
542 247 719 314 beatiS,
767 254 822 297 ut
868 250 1089 313 quamvis
1135 254 1353 315 terrena,
1405 255 1568 299 tamen
1609 251 1905 316 incorrupti-

225 321 339 371 bilia
378 324 474 370 iam
513 337 720 387 corpora
759 321 845 371 ubi
883 321 1054 372 volunt
1091 329 1276 387 ponant
1315 329 1364 372 et
1404 339 1500 388 quo
1540 323 1711 373 volunt
1749 332 1906 391 agant,

227 397 324 444 situ
365 402 599 460 motuque
640 394 890 445 facillimo!
959 395 1034 444 An
1072 411 1188 445 vero
1229 397 1271 444 si
1310 396 1403 446 hoc
1443 397 1601 461 angeli
1641 398 1820 447 faciant
1859 406 1908 448 et

227 468 473 533 quaelibet
504 469 728 518 animalia
760 471 1018 519 terrestria
1049 471 1242 535 rapiant
1272 470 1403 519 unde
1436 470 1556 519 libet
1588 473 1911 521 constituant-

169 554 195 593 5
229 559 324 608 que
366 542 450 592 ubi
489 542 632 609 libet,
683 549 767 593 aut
819 558 903 592 eos
943 559 1042 592 non
1081 559 1226 608 posse
1267 550 1351 592 aut
1392 559 1543 593 onera
1583 547 1767 594 sentire
1807 560 1911 595 cre-

228 616 444 666 dendum
502 614 613 666 est?
691 616 791 667 Cur
846 632 963 681 ergo
1020 623 1304 666 sanctorum
1354 619 1602 682 perfectos
1648 624 1697 667 et
1744 618 1914 668 beatos

227 691 390 739 divino
449 705 655 740 munere
714 692 917 756 spiritus
969 693 1075 739 sine
1122 690 1219 740 ulla
1270 690 1556 740 difficultate
1594 707 1740 756 posse
1781 693 1912 741 ferre

229 780 325 828 quo
379 763 624 813 voluerint
675 770 723 813 et
775 766 950 813 sistere
999 763 1085 812 ubi
1135 764 1380 813 voluerint
1427 780 1514 814 sua
1568 780 1775 830 corpora
1815 781 1913 815 non

229 835 524 887 credamus?
599 838 720 886 Nam
762 852 873 887 cum
913 844 1230 886 terrenorum
1269 853 1557 906 corporum,
1596 841 1725 888 sicut
1764 855 1915 889 onera

143 923 198 963 10
230 913 280 962 in
321 911 556 976 gestando
597 913 781 960 sentire
823 913 1186 978 consuevimus,
1227 918 1409 976 quanto
1450 914 1604 961 maior
1644 919 1720 962 est
1758 928 1908 978 quan-

229 987 356 1051 titaS,
396 992 531 1034 tanto
566 986 630 1034 sit
661 986 815 1033 maior
848 991 898 1034 et
929 986 1154 1051 gravitaS,
1193 986 1259 1034 ita
1291 991 1347 1034 ut
1376 985 1519 1050 plura
1557 986 1720 1051 pondo
1761 1002 1906 1051 quam

226 1056 459 1124 pauciora
489 1058 600 1123 plus
631 1064 881 1123 premant:
921 1058 1139 1108 membra
1171 1066 1335 1108 tamen
1375 1074 1492 1108 suae
1533 1061 1694 1109 carnis
1733 1059 1914 1109 leviora

227 1139 392 1198 portat
443 1134 602 1181 anima
651 1147 763 1182 cum
802 1133 851 1180 in
893 1134 1099 1181 sanitate
1140 1132 1343 1182 robusta
1384 1139 1499 1182 sunt
1539 1149 1686 1197 quam
1724 1135 1775 1182 in
1814 1133 1912 1183 lan-

229 1222 382 1271 guore
424 1222 537 1255 cum
577 1221 741 1255 macra
791 1211 920 1255 sunt.
996 1205 1059 1254 Et
1098 1221 1210 1255 cum
1250 1206 1356 1255 aliis
1395 1206 1701 1271 gestantibus
1741 1223 1913 1256 onero-

144 1289 197 1329 15
232 1282 331 1329 sior
383 1282 446 1329 sit
493 1279 655 1329 salvus
706 1285 755 1328 ct
794 1279 982 1329 validus
1023 1295 1168 1344 quam
1210 1279 1349 1329 exilis
1389 1286 1439 1329 et
1478 1279 1758 1347 morbidus,
1807 1283 1912 1346 ipse

230 1361 393 1403 tamen
425 1354 482 1402 ad
518 1369 663 1403 suum
695 1369 877 1418 corpus
909 1353 1204 1403 movendum
1238 1359 1383 1418 atque
1416 1353 1712 1419 portandum
1744 1355 1915 1419 agilior

230 1434 319 1494 est,
359 1443 472 1476 cum
511 1429 562 1476 in
601 1427 728 1476 bona
768 1426 1043 1476 valetudine
1083 1427 1194 1492 plus
1235 1426 1380 1477 habet
1418 1428 1577 1494 moliS,
1617 1443 1762 1492 quam
1802 1445 1912 1478 cum

229 1503 278 1549 in
334 1507 474 1565 peste
525 1500 600 1549 vel
655 1502 781 1549 fame
835 1502 1092 1549 minimum
1144 1499 1351 1550 roboris.
1430 1501 1641 1550 Tantum
1687 1501 1814 1551 valet
1863 1504 1914 1550 in

231 1574 471 1623 habendis
523 1576 666 1623 etiam
715 1575 928 1622 terrenis
979 1573 1298 1640 corporibus,
1350 1577 1569 1639 quamvis
1609 1574 1767 1624 adhuc
1809 1591 1913 1624 cor-

145 1658 200 1697 20
232 1647 550 1713 ruptibilibus
590 1653 735 1711 atque
776 1647 1080 1713 mortalibUS,
1119 1663 1218 1696 non
1258 1650 1543 1712 quantitatis
1580 1649 1790 1715 pondus,
1829 1648 1915 1698 sed

1990 863 1992 866 ⁴
1983 443 2020 828 ···ae--z—÷e.2u=m÷2
2008 395 2010 399 -

230 1723 600 1786 temperationis
648 1720 838 1770 modus,
917 1720 980 1771 Et
1029 1723 1138 1785 quis
1187 1720 1348 1770 verbis
1400 1722 1630 1788 explicat,
1677 1728 1913 1786 quantum
2003 1717 2012 1740 Ι

231 1796 379 1844 distet
429 1797 560 1844 inter
610 1801 923 1860 praesentem
979 1810 1125 1859 quam
1176 1794 1384 1844 dicimus
1436 1796 1694 1845 sanitatem
1745 1803 1794 1845 et
1843 1798 1914 1845 in-

230 1868 576 1918 mortalitatem
624 1865 876 1918 futuram‘?
951 1868 1060 1917 Non
1110 1870 1275 1932 itaque
1337 1875 1554 1918 nostram
1606 1870 1751 1919 fidem
1806 1869 1914 1919 red-

233 1949 447 2007 arguunt
476 1941 756 2007 philosophi
803 1942 862 1990 de
910 1941 1213 2006 ponderibus
1263 1957 1541 2008 corporum.
1618 1943 1740 1991 Nolo
1785 1945 1915 1992 enim

145 2025 200 2063 25
235 2031 500 2082 quaerere,
548 2031 637 2065 cur
691 2031 789 2064 non
842 2015 1046 2064 credant
1091 2022 1346 2065 terrenum
1396 2032 1502 2065 esse
1549 2032 1694 2081 posse
1736 2032 1916 2082 corpus

231 2091 282 2138 in
324 2089 472 2155 caele,
514 2105 627 2139 cum
666 2095 802 2138 terra
843 2091 1073 2138 universa
1113 2088 1323 2138 libretur
1361 2091 1411 2138 in
1452 2090 1618 2139 nihilo,
1674 2090 1916 2139 Fortassis

232 2164 363 2211 enim
404 2163 463 2211 de
502 2164 608 2227 ipso
649 2163 809 2211 medio
851 2163 1022 2212 mundi
1060 2162 1192 2229 loc0,
1232 2178 1290 2211 eo
1331 2163 1459 2227 quod
1500 2165 1551 2212 in
1591 2179 1702 2212 eum
1743 2169 1917 2214 coeant

233 2251 454 2300 quaeque
488 2238 708 2299 graviora
765 2237 912 2284 etiam
952 2238 1311 2300 argumentatio
1353 2239 1455 2285 veri
1496 2236 1702 2286 similior
1740 2236 1914 2286 habea·
1979 2243 1983 2246 ’

232 2317 328 2358 tur.
406 2309 530 2357 Illud
582 2275 725 2358 dic!
772 2309 823 2357 Si
875 2310 941 2357 dii
997 2311 1235 2375 minoreS,
1285 2309 1464 2374 quibus
1515 2312 1645 2370 inter
1695 2311 1917 2359 animalia

144 2393 200 2432 30
234 2384 488 2432 terrestria
523 2388 687 2431 cetera
719 2384 863 2431 etiam
897 2382 1146 2431 hominem
1180 2384 1455 2432 faciendum
1497 2386 1741 2432 commisit
1764 2383 1916 2448 Plato,

230 2463 517 2522 potuerunt,
556 2457 684 2504 sicut
709 2455 841 2519 dicit,
882 2455 940 2503 ab
974 2458 1096 2520 igne·
1121 2472 1374 2506 removere
1407 2457 1584 2506 urendi
1617 2457 1913 2522 qualitatem,
1974 2476 2004 2522 ,⁷

232 2530 427 2579 lucendi
479 2529 759 2592 relinquere
807 2544 930 2592 quae
978 2544 1067 2592 per
1115 2530 1283 2578 oculos
1331 2532 1587 2579 emicaret:
1643 2532 1771 2579 itane
1813 2530 1913 2579 Deo

352 2644 424 2697 30)
460 2641 576 2686 Tim.
610 2657 654 2699 p.
688 2645 758 2695 42,
791 2641 843 2684 D.
905 2642 979 2696 32)
1012 2641 1078 2685 Ib.
1109 2656 1153 2698 p.
1187 2646 1258 2696 45,
1291 2641 1342 2685 B.

353 2808 377 2846 5
413 2816 490 2846 eos
522 2817 613 2846 non
643 2816 757 2854 mss;
790 2815 868 2846 eos
901 2802 998 2846 sine
1030 2802 1188 2847 labore
1220 2817 1311 2847 non
1345 2818 1368 2847 v
1401 2804 1415 2859 ΙΙ
1449 2807 1500 2846 21
1538 2802 1739 2860 explicet
1768 2816 1792 2846 v
1817 2803 1832 2858 ΙΙ
1857 2808 1911 2846 23

233 2861 514 2918 redarguant
544 2876 569 2906 v
593 2863 608 2917 ΙΙ
632 2866 687 2906 25
719 2876 854 2918 posse
886 2874 968 2905 om.
1002 2860 1099 2904 AF
