2020 3122
138 917 192 955 10

140 1280 193 1319 15

219 125 328 177 292
895 135 932 170 s,
958 134 1231 170 AUGUS'HNI

221 249 403 298 dicitur
435 263 544 298 esse
577 247 870 312 MercuriuS,
909 251 1038 298 sicut
1078 264 1148 314 ea,
1189 264 1310 313 quae
1353 248 1412 298 de
1451 247 1534 297 illo
1574 249 1901 314 interpretan-

221 330 318 388 tur,
357 322 624 371 ostendunt
656 317 795 389 (nam
825 321 935 370 ideo
967 321 1243 371 Mercurius
1283 323 1423 386 quasi
1463 322 1654 371 medius
1693 337 1902 371 currens

222 396 403 445 dicitur
443 395 737 461 appellatUS,
787 395 918 460 quod
959 411 1121 444 sermo
1162 403 1330 445 currat
1367 397 1498 444 inter
1537 395 1762 444 homines
1801 410 1900 444 me-

223 469 370 538 dius3‘
406 469 518 519 ideo
551 463 746 534 “Ερμῆς
786 468 994 535 Graece,
1041 469 1172 533 quod
1221 484 1383 518 sermo
1432 468 1508 517 vel
1546 470 1904 535 interpretatio,

202 555 350 607 ⁴quae
391 542 450 592 ad
492 558 769 592 sermonem
803 544 973 607 utique
1013 545 1244 608 pertinet,
1283 540 1515 607 ἑρμηνεία
1553 542 1755 608 dicitur3
1795 542 1904 591 ideo

227 624 275 666 et
329 617 578 666 mercibus
626 631 879 683 praeesse,
935 618 1048 680 quia
1094 618 1225 665 inter
1272 616 1540 665 vendentes
1587 623 1636 665 et
1685 623 1906 665 ementes

227 705 390 739 sermo
436 691 490 740 fit
538 690 749 755 medius3
798 690 895 739 alas
943 691 1050 739 eius
1099 692 1150 738 in
1191 691 1348 754 capite
1391 697 1439 739 et
1476 689 1685 754 pedibus
1724 689 1905 754 signifi-

228 779 340 812 care
373 764 623 813 volucrem
656 765 777 812 ferri
814 779 904 828 per
944 778 1056 812 aera
1096 778 1396 829 sermonem3
1437 765 1666 812 nuntium
1706 763 1907 827 dictum,

228 839 460 902 quoniam
491 853 582 902 per
606 852 884 886 sermonem
918 839 1079 885 omnia
1119 838 1330 901 cogitata
1370 831 1711 904 enuntiantur)
1759 863 1820 870 —
1866 838 1908 885 si

228 927 345 975 ergo
386 911 662 960 Mercurius
708 912 813 975 ipse
862 925 1024 958 sermo
1065 918 1162 976 est,
1213 912 1359 958 etiam
1399 912 1519 974 ipsis
1559 909 1908 959 confitentibus

226 986 348 1034 deus
395 999 495 1033 non
541 991 630 1033 est.
709 983 805 1032 Sed
853 999 966 1033 cum
1015 983 1107 1032 sibi
1156 983 1274 1032 deos
1314 984 1500 1032 faciunt
1539 999 1646 1050 eoS,
1693 985 1778 1048 qui
1817 999 1908 1032 nec

226 1059 488 1107 daemones
521 1064 658 1119 sunt,
709 1057 960 1106 inmundis
1001 1057 1320 1122 supplicando
1361 1056 1617 1122 spiritibus
1654 1057 1907 1122 possiden-

225 1139 308 1180 tur
347 1131 405 1180 ab
447 1133 542 1198 eiS,
590 1133 675 1196 qui
714 1146 812 1180 non
853 1131 941 1196 dii,
991 1130 1076 1179 sed
1117 1131 1381 1180 daemones
1422 1137 1551 1180 sunt.
1629 1130 1753 1180 Item
1793 1132 1907 1196 quia

227 1220 318 1254 nec
357 1205 502 1255 Marti
542 1205 736 1269 aliquod
785 1204 1084 1254 elementum
1131 1204 1206 1253 vel
1243 1211 1435 1269 partem
1475 1205 1650 1254 mundi
1687 1206 1908 1255 invenire

228 1286 524 1345 potuerunt,
563 1278 650 1328 ubi
688 1285 855 1343 ageret
894 1294 1044 1342 opera
1083 1278 1457 1343 qualiacumque
1497 1285 1723 1346 naturae,
1762 1279 1909 1328 deum

227 1352 342 1401 belli
381 1368 489 1401 esse
531 1353 775 1418 dixerunt,
816 1352 947 1416 quod
987 1367 1112 1417 opus
1151 1359 1228 1400 est
1266 1351 1520 1402 hominum
1560 1359 1609 1401 et
1648 1351 1910 1417 optabilius

227 1441 326 1474 non
367 1432 456 1475 est.
536 1425 587 1474 Si
627 1441 743 1490 ergo
783 1441 954 1489 paceni
994 1433 1285 1490 perpetuam
1324 1425 1549 1475 Felicitas
1590 1427 1742 1492 daret,
1780 1425 1910 1474 Mars

229 1499 345 1563 quid
399 1507 567 1564 ageret
615 1515 712 1548 non
763 1498 980 1548 haberet.
1061 1499 1112 1548 Si
1167 1506 1331 1548 autem
1384 1501 1547 1564 ipsum
1597 1499 1784 1548 bellum
1836 1506 1910 1548 est

227 1572 380 1639 MarS,
429 1575 560 1622 sicut
606 1588 768 1622 sermo
816 1572 1121 1622 Mercurius:
1168 1575 1357 1621 utinam
1404 1589 1550 1637 quam
1597 1574 1911 1622 manifestum

141 1647 198 1686 20
231 1653 320 1712 est,
360 1646 491 1710 quod
532 1661 630 1695 non
671 1649 734 1695 sit
773 1647 918 1712 deus,
958 1652 1058 1695 tam
1097 1661 1196 1695 non
1238 1648 1301 1695 sit
1341 1653 1389 1695 et
1429 1646 1625 1713 bellum,
1666 1647 1796 1711 quod
1835 1646 1911 1695 vel

142 2159 198 2199 25

141 2527 198 2567 30

227 1719 346 1768 falso
387 1728 591 1769 vocetur
631 1721 766 1769 deus.

895 1862 1090 1916 CAPUT
1123 1862 1242 1916 XV.

315 1972 390 2020 De
427 1973 579 2020 stellis
619 1972 939 2031 quibusdam,
980 1985 1108 2030 quas
1138 1972 1340 2034 paqanz‘
1377 1971 1584 2019 deorum
1623 1984 1828 2020 suorum

715 2045 997 2092 nominibus
1036 2050 1412 2105 nuncuparunt.

378 2147 483 2195 Nisi
515 2147 639 2195 forte
673 2145 782 2194 illae
818 2145 983 2194 stellae
1020 2153 1135 2194 sunt
1166 2146 1217 2194 hi
1256 2146 1336 2212 dii,
1377 2161 1498 2210 quas
1538 2161 1710 2196 eorum
1749 2146 1911 2212 appel-

226 2221 388 2270 lavere
437 2219 733 2269 nominibus.
809 2218 929 2267 Nam
982 2219 1170 2269 stellam
1218 2219 1459 2283 quandam
1510 2226 1684 2269 vocant
1721 2219 1910 2269 Mercu-

228 2297 374 2359 rium,
416 2293 658 2358 quandam
698 2293 866 2341 itidem
899 2291 1119 2342 Martem.
1198 2292 1294 2341 Sed
1334 2292 1403 2341 ibi
1444 2300 1519 2343 est
1558 2300 1606 2342 et
1645 2293 1726 2342 illa
1765 2309 1913 2358 quam

228 2374 404 2416 vocant
444 2367 630 2431 Iovem,
679 2372 727 2414 et
774 2372 938 2414 tamen
981 2368 1051 2414 eis
1092 2366 1306 2415 mundus
1347 2373 1423 2415 est
1460 2366 1610 2433 Iovis3
1658 2366 1725 2415 ibi
1765 2382 1912 2431 quam

229 2448 404 2490 vocant
439 2440 722 2499 Saturnum,
764 2445 813 2488 et
844 2445 1008 2488 tamen
1042 2441 1086 2488 ei
1124 2445 1380 2504 praeterea
1422 2440 1538 2489 dant
1576 2455 1675 2489 non
1714 2455 1912 2504 parvam

232 2514 583 2579 substantiam,
638 2515 858 2561 omnium
912 2512 1142 2562 videlicet
1189 2514 1454 2578 seminum3
1508 2513 1576 2562 ibi
1624 2519 1699 2562 est
1745 2521 1795 2563 et
1832 2513 1913 2562 illa

231 2590 449 2637 omnium
477 2587 759 2652 clarissima,
801 2601 922 2650 quae
951 2585 1009 2634 ab
1035 2587 1106 2635 eis
1146 2585 1417 2650 appellatur
1440 2585 1620 2654 Venus,
1660 2593 1710 2635 et
1747 2593 1911 2636 tamen

233 2662 439 2711 eandem
479 2660 721 2709 Venerem
771 2675 877 2708 esse
929 2660 1073 2708 etiam
1114 2658 1301 2708 Lunam
1352 2659 1542 2726 volunt,
1594 2662 1813 2725 quamvis
1853 2659 1911 2709 de
1972 2700 1986 2704 i

354 2809 404 2846 16
451 2802 701 2859 optabilius
741 2801 888 2845 AKF
922 2800 1101 2854 (ναῖεν.
1137 2802 1272 2844 Max.
1306 2806 1356 2855 5,
1397 2807 1421 2844 1
1456 2802 1534 2856 fin.
1578 2803 1631 2845 ut
1662 2802 1912 2858 optabilius

232 2862 279 2905 in
309 2862 475 2918 patria,
507 2862 574 2905 ita
606 2860 855 2917 speciosius
887 2874 971 2916 pro
1004 2859 1156 2916 patria.
1187 2860 1471 2916 conlapsae);
1506 2860 1712 2917 optabile
1745 2860 1810 2905 eis
1841 2875 1867 2904 v
