2020 3122
563 137 629 169 DE
653 134 893 169 οΙνΙΤΑΤΕ
916 134 1004 166 Dm
1028 135 1070 168 L.
1094 135 1159 167 1v.
1186 135 1222 168 c.
1247 137 1280 170 6.
1308 137 1337 169 7.
1699 123 1803 175 153

122 251 344 300 firmavit.
422 249 628 298 Domitis
675 249 826 313 igitur
872 249 1110 312 proximis
1151 263 1262 297 cum
1304 250 1585 298 accessione
1624 250 1804 298 virium

123 325 296 373 fortior
337 322 395 372 ad
436 322 556 371 alios
603 323 837 371 transiret
876 328 926 371 et
963 323 1184 386 proxima
1226 337 1449 387 quaeque
1488 323 1693 372 victoria
1731 324 1803 371 in-

123 403 456 448 strumentum
495 397 748 460 sequentis
788 401 934 461 esset,
972 396 1126 444 totius
1156 394 1372 444 Orientis
1411 397 1621 461 populos
1660 395 1803 445 sube-

120 466 236 537 git.“
289 469 516 528 Qualibet
548 476 712 519 autem
753 469 848 518 fide
887 483 1057 518 rerum
1088 468 1165 517 vel
1210 470 1302 518 iste
1352 470 1426 517 vel
1459 470 1653 534 Trogus
1685 471 1804 518 scri·

121 547 277 610 pserit
317 538 455 612 (nam
502 544 741 608 quaedam
779 542 888 591 illos
928 543 1080 591 fuisse
1120 544 1354 592 mentitos
1395 543 1513 592 aliae
1553 543 1800 592 fideliores
1833 550 1858 590 5

120 619 310 668 litterae
344 613 653 685 ostendunt),
693 622 885 666 constat
915 623 1080 665 tamen
1120 623 1170 665 et
1208 618 1339 666 inter
1379 616 1498 666 alios
1537 619 1805 682 scriptores

119 707 328 757 regnum
360 692 674 756 Assyriorum
707 706 733 739 a
764 690 890 739 Nino
923 705 1040 754 rege
1081 690 1232 739 fuisse
1273 690 1416 754 longe
1456 690 1651 754 lateque
1692 705 1804 755 por·

120 768 326 816 rectum.
404 764 525 814 Tam
564 765 647 814 diu
687 770 852 814 autem
890 765 1237 830 perseveravit,
1276 771 1333 814 ut
1370 763 1647 813 Romanum
1685 778 1806 812 non·

121 839 238 889 dum
279 841 342 888 sit
381 840 488 888 eius
521 841 707 888 aetatis.
784 838 908 887 Nam
947 839 1076 888 sicut
1115 837 1356 905 scribunt,
1397 840 1483 902 qui
1523 837 1806 887 chronicam

120 913 375 962 historiam
423 914 675 977 persecuti
722 919 863 979 sunt,
910 911 1042 961 mille
1090 911 1331 961 ducentos
1378 919 1429 961 et
1484 911 1804 976 quadraginta
1838 918 1892 957 10

122 1002 276 1036 annos
316 985 375 1035 ab
416 1001 543 1035 anno
574 988 749 1052 primo,
790 1001 886 1050 quo
919 985 1077 1035 Ninus
1116 1001 1324 1050 regnare
1365 987 1544 1050 coepit,
1582 1001 1807 1050 perman·

122 1062 185 1110 sit
230 1060 324 1109 hoc
370 1075 601 1126 regnum,
649 1060 806 1109 donec
853 1060 1213 1114 transferretur
1260 1059 1319 1108 ad
1357 1059 1540 1108 Medos,
1618 1059 1807 1108 [nferre

122 1140 286 1183 autem
337 1132 464 1182 bella
510 1134 731 1182 finitimis
779 1140 829 1182 et
867 1135 918 1182 in
959 1140 1124 1182 cetera
1163 1132 1276 1181 inde
1316 1133 1587 1198 procedere
1629 1148 1683 1181 ac
1722 1148 1807 1197 po-

121 1207 264 1273 pulos
297 1206 389 1255 sibi
422 1222 521 1255 non
554 1207 787 1256 molestos
828 1207 930 1255 sola
968 1208 1110 1270 regni
1152 1207 1418 1271 cupiditate
1460 1213 1718 1256 conterere
1759 1213 1808 1255 et

122 1280 358 1347 subdere,
413 1280 531 1344 quid
586 1280 714 1329 aliud
774 1295 919 1344 quam
968 1280 1151 1345 grande
1200 1279 1514 1329 latrocinium
1553 1282 1805 1329 nominan-
1842 1286 1895 1325 15

120 1354 236 1404 dum
277 1351 387 1403 est‘?

788 1525 985 1580 CAPUT
1019 1526 1140 1580 VII.

157 1636 236 1683 An
276 1620 438 1696 reyna
479 1640 686 1685 terrena
729 1637 861 1684 inter
894 1634 1159 1697 profectus
1197 1649 1314 1684 suos
1354 1640 1506 1695 atque
1546 1634 1771 1696 defectus

306 1710 514 1758 deorum
554 1712 633 1758 vel
670 1711 904 1758 inventur
944 1712 1023 1759 vel
1059 1711 1364 1758 deserantur
1405 1711 1614 1758 auxilio.

270 1812 322 1861 Si
360 1812 494 1862 nullo
528 1811 734 1861 deorum
774 1812 1016 1862 adiutorio
1056 1819 1157 1862 tam
1196 1827 1427 1876 magnum
1464 1812 1559 1861 hoc
1599 1827 1808 1877 regnum
1841 1819 1895 1859 20

121 1893 170 1935 et
207 1885 454 1951 prolixum
494 1886 608 1951 fuit,
657 1901 808 1950 quare
849 1886 942 1935 diis
981 1886 1214 1934 Romanis
1254 1885 1493 1935 tribuitur
1532 1885 1807 1936 Romanum

122 1975 331 2024 regnum
369 1959 491 2008 locis
539 1959 754 2024 amplum
799 1959 1205 2025 temporibusque
1247 1957 1574 2009 diuturnum?
1651 1960 1806 2019 Quae-

121 2033 332 2098 cu⁴mque
390 2035 521 2082 enim
569 2048 714 2082 causa
772 2040 847 2082 est
892 2033 994 2100 illa,
1050 2033 1219 2083 eadem
1269 2040 1345 2082 est
1385 2035 1531 2083 etiam
1570 2036 1677 2083 ista.
1757 2034 1808 2083 Si

121 2114 285 2156 autem
326 2114 374 2156 et
404 2106 524 2155 illud
569 2106 775 2155 deorum
815 2107 1056 2157 adiutorio
1097 2107 1417 2156 tribuendum
1457 2123 1565 2156 esse
1607 2114 1807 2158 conten-

122 2180 258 2247 dunt,
300 2195 482 2245 quaero
515 2195 740 2244 quorum.
796 2180 903 2230 Non
945 2183 1076 2230 enim
1116 2181 1236 2230 aliae
1275 2187 1464 2249 genteS,
1505 2196 1626 2245 quas
1650 2181 1807 2231 Ninus
1841 2188 1895 2227 25

123 2254 311 2303 domuit
349 2261 398 2303 et
437 2252 646 2321 subegit,
686 2255 805 2304 alios
843 2262 962 2304 tunc
1003 2255 1229 2304 colebant
1269 2255 1401 2304 deoS.
1478 2255 1576 2304 Aut
1615 2257 1658 2305 si
1695 2271 1807 2320 pro-

121 2330 255 2392 prios
308 2327 592 2377 habuerunt
631 2328 838 2394 Assyrii,
894 2331 1033 2394 quasi
1087 2330 1351 2394 peritiores
1401 2327 1566 2378 fabros
1613 2331 1809 2394 imperii

123 2401 443 2450 construendi
504 2409 650 2466 atque
715 2403 967 2470 servandi,
1029 2402 1385 2467 numquidnam
1440 2405 1624 2451 mortui
1678 2410 1808 2469 sunt,

124 2474 317 2538 quando
370 2482 418 2524 et
465 2476 559 2540 ipsi
605 2477 869 2540 imperium
915 2477 1261 2543 perdiderunt,
1317 2483 1401 2525 aut
1439 2476 1668 2525 mercede
1709 2491 1807 2524 non

124 2547 216 2596 sibi
262 2548 453 2597 reddita
499 2549 575 2597 vel
623 2549 713 2598 alia
759 2551 944 2599 maiore
991 2552 1233 2615 promissa
1281 2550 1339 2598 ad
1379 2549 1547 2598 Medos
1594 2551 1806 2598 transire
1839 2555 1895 2594 30

128 2620 422 2688 maluerunt,
462 2629 608 2687 atque
641 2623 754 2672 inde
789 2639 966 2673 rursus
1006 2624 1064 2672 ad
1097 2624 1275 2672 Persas
1316 2623 1442 2687 Cyro
1482 2624 1717 2671 invitante
1759 2629 1808 2671 et

126 2693 305 2758 aliquid
363 2696 667 2745 commodius
721 2694 1023 2761 pollicente?
1086 2697 1220 2755 Quae
1268 2711 1388 2760 gens
1437 2711 1534 2744 non
1587 2696 1806 2759 angustis

245 2869 302 2908 24
333 2867 380 2909 et
410 2879 492 2913 om.
525 2868 569 2910 A
