2020 3122
173 1063 224 1102 10

173 1431 225 1468 15

173 2534 228 2573 30

208 2166 223 2176 “
263 2171 383 2205 num
422 2163 613 2205 mentes

254 132 361 184 370
947 140 981 175 S.
1008 140 1283 174 AUGUSTINI

931 322 1125 376 CAPUT
1166 323 1262 376 ΠΙ.

316 434 454 491 Quae
494 432 820 480 daemonibus
859 433 1100 494 Apuleius
1139 431 1388 490 ascribat,
1430 431 1610 490 quibus
1649 445 1762 480 cum
1802 446 1890 480 να-

427 509 608 555 tionem
648 520 746 554 non
785 506 1075 564 subtrahat,
1115 506 1244 553 m'lzz‘l
1279 506 1479 552 virtutis
1519 506 1758 565 assignat.

405 609 539 667 Quae
594 609 745 673 igitur
792 614 868 656 est
921 607 1196 656 differentia
1250 606 1543 655 daemonum
1597 606 1842 656 bonorum
1888 613 1943 656 et

256 679 531 733 malorum?
617 681 820 739 Quando
878 682 1075 745 quidem
1129 680 1410 729 Platonicus
1458 680 1691 745 Apuleius
1746 680 1806 729 de
1860 680 1942 729 his

257 756 599 807 universaliter
640 755 889 804 disserens
925 761 974 804 et
1013 761 1111 803 tam
1144 753 1301 803 multa
1338 753 1546 818 loquens
1587 754 1646 803 de
1679 756 1825 803 aeriis
1858 769 1937 802 eo·

256 847 366 880 rum
423 829 715 895 corporibus
770 829 828 878 de
876 827 1143 877 virtutibus
1197 829 1351 876 tacuit
1405 829 1702 894 animorum,
1758 827 1941 892 quibus

259 911 423 954 essent
461 903 691 969 praediti,
740 904 781 951 si
821 908 986 951 essent
1031 901 1161 950 boni.
1239 901 1413 950 Taeuit
1452 917 1569 966 ergo
1618 900 1938 950 beatitudinis

258 993 477 1044 eausam,
524 977 761 1025 indicium
799 992 915 1024 vero
956 977 1182 1024 miseriae
1223 982 1387 1024 tacere
1427 991 1526 1023 non
1565 977 1749 1041 potuit,
1789 976 1937 1024 eonfi-

258 1060 366 1101 tens
406 1066 580 1100 eorum
623 1057 862 1115 mentem,
912 1064 1007 1113 qua
1052 1049 1314 1098 rationales
1363 1064 1471 1098 esse
1518 1048 1792 1114 perhibuit,
1840 1063 1939 1097 non

259 1126 429 1174 saltem
467 1124 688 1173 inbutam
728 1125 1067 1186 munitamque
1106 1124 1288 1172 virtute
1327 1122 1639 1187 passionibus
1679 1124 1828 1171 animi
1866 1124 1939 1170 in·
1988 1150 1996 1163 x

258 1198 627 1248 rationabilibus
659 1212 970 1261 nequaquam
1004 1196 1203 1263 cedere,
1243 1196 1330 1245 sed
1369 1198 1525 1261 ipsam
1557 1212 1769 1260 quoque,
1810 1197 1940 1244 sieut

258 1273 518 1322 stultarum
573 1273 813 1320 mentium
867 1286 974 1319 mos
1031 1277 1125 1336 est,
1183 1270 1471 1335 procellosis
1527 1270 1738 1334 quodam
1793 1269 1937 1318 modo

258 1345 715 1411 perturbationibus
763 1346 947 1409 agitari.
1026 1343 1184 1392 Verba
1230 1359 1440 1408 namque
1483 1346 1589 1393 eius
1638 1344 1697 1392 de
1745 1343 1835 1392 hae
1883 1358 1937 1391 re

258 1423 350 1470 ista
386 1426 522 1468 sunt:
559 1418 665 1486 „Ex
702 1419 796 1467 hoe
836 1419 991 1467 ferme
1025 1417 1318 1466 daemonum
1348 1433 1571 1483 numerO,
1610 1419 1786 1483 inquit,
1823 1432 1940 1482 poe-

260 1503 334 1543 tae
376 1493 534 1542 solent
573 1492 950 1556 haudquaquam
989 1491 1162 1556 procul
1203 1507 1229 1539 a
1267 1493 1472 1540 veritate
1513 1507 1683 1540 osores
1723 1497 1773 1539 et
1813 1505 1938 1538 ama-

258 1575 391 1617 tores
433 1566 739 1630 quorundam
786 1566 1041 1614 hominum
1089 1566 1206 1614 deos
1252 1566 1461 1630 fingere3
1507 1565 1598 1613 bos
1645 1579 1940 1629 prosperare

260 1650 308 1690 et
341 1641 564 1706 evehere,
595 1640 705 1696 illos
739 1646 910 1689 contra
943 1639 1190 1688 adversari
1223 1646 1272 1688 et
1304 1639 1558 1705 adfligere3
1589 1640 1740 1703 igitur
1773 1644 1822 1687 et
1852 1639 1940 1686 mi-

260 1716 415 1764 sereri
455 1720 504 1763 et
541 1713 806 1779 indignari,
853 1719 903 1762 et
942 1715 1054 1778 angi
1094 1720 1142 1762 et
1186 1712 1358 1762 laetari
1397 1727 1691 1777 omnemque
1739 1712 1942 1761 hnmani

259 1790 409 1838 animi
448 1789 623 1837 faeiem
662 1789 783 1853 pati,
833 1787 979 1836 simili
1018 1793 1156 1835 motu
1197 1787 1359 1836 cordis
1400 1792 1448 1835 et
1488 1786 1587 1835 salo
1628 1787 1806 1835 mentis
1853 1800 1942 1850 per

261 1877 430 1911 omnes
473 1863 826 1926 cogitationum
865 1867 1030 1910 aestus
1069 1860 1323 1909 fluctuare.
1394 1860 1527 1917 Quae
1566 1875 1736 1909 omnes
1775 1858 1941 1908 turbe-

259 1937 332 1984 lae
380 1942 797 2000 tempestatesque
844 1934 1018 2000 proeul
1059 1950 1085 1982 a
1125 1934 1331 1983 deorum
1371 1934 1658 1983 caelestium
1707 1932 1941 1997 tranquil-

260 2010 396 2058 litate
430 2004 675 2058 exulant.“
734 2009 863 2058 Num
897 2016 973 2057 est
1004 2010 1055 2056 in
1087 2008 1164 2056 his
1196 2007 1360 2056 verbis
1392 2007 1490 2058 ulla
1522 2007 1776 2069 dubitatio,
1811 2005 1941 2070 quod

263 2098 363 2131 non
399 2084 675 2131 animorum
706 2083 892 2146 aliquas
931 2083 1193 2131 inferiores
1232 2088 1414 2148 parteS‚
1453 2081 1539 2130 sed
1578 2083 1709 2146 ipsas
1749 2081 1940 2142 daemo-

622 2197 635 2222 ,
684 2156 864 2220 quibus
902 2155 1157 2205 rationalia
1197 2162 1314 2204 sunt
1359 2155 1603 2221 animalia,
1650 2154 1783 2204 velut
1828 2169 1939 2219 pro-

262 2229 494 2279 cellosum
529 2230 684 2278 salum
715 2230 837 2278 dixit
875 2231 1160 2294 passionum
1198 2236 1490 2293 tempestate
1524 2226 1751 2277 turbari?
1789 2234 1845 2276 ut
1877 2242 1939 2276 ne

260 2303 540 2352 hominibus
582 2303 780 2367 quidem
813 2303 1115 2368 sapientibus
1156 2303 1470 2367 comparandi
1509 2304 1628 2368 sint,
1669 2304 1753 2366 qui
1792 2301 1939 2350 huius

260 2377 392 2426 modi
437 2376 892 2442 perturbationibus
941 2379 1236 2443 animorum,
1284 2392 1310 2425 a
1356 2376 1535 2441 quibus
1582 2376 1793 2424 humana
1839 2390 1939 2423 non

263 2458 337 2500 est
375 2452 592 2499 inmunis
630 2451 910 2516 infirmitaS‚
959 2453 1105 2499 etiam
1146 2466 1257 2499 eum
1299 2465 1379 2499 eas
1419 2450 1567 2499 huius
1606 2452 1731 2498 vitae
1772 2448 1938 2497 condi·

262 2527 402 2573 eione
441 2526 711 2590 patiuntur,
750 2531 913 2573 mente
953 2523 1293 2588 inperturbata
1326 2526 1580 2590 resistunt,
1619 2539 1718 2572 non
1757 2524 1827 2571 eis
1861 2537 1939 2570 ce-

261 2598 433 2647 dentes
481 2597 539 2647 ad
588 2598 768 2661 aliquid
817 2597 1186 2662 adprobandum
1231 2598 1308 2646 vel
1352 2598 1759 2662 perpetrandum,
1808 2595 1938 2660 quod

262 2671 506 2720 exorbitet
538 2670 596 2720 ab
637 2674 813 2720 itinere
849 2673 1113 2736 sapientiae
1147 2678 1196 2720 et
1234 2671 1340 2735 lege
1380 2673 1617 2736 iustitiae3
1658 2670 1744 2719 sed
1776 2669 1964 2719 stultis?

261 2745 550 2794 mortalibus
583 2752 632 2794 et
670 2747 866 2794 iniustis
898 2761 996 2793 non
1030 2744 1337 2810 eorp01‘ibuS‚
1377 2744 1462 2793 sed
1503 2744 1723 2793 moribus
1756 2742 1940 2792 similes

380 2874 452 2928 23)
485 2872 554 2916 De
588 2873 674 2917 deo
709 2873 831 2917 Socr.
864 2888 909 2929 p.
943 2877 1013 2916 48.
