2020 3122
594 138 660 168 DE
686 137 923 170 CIVITATE
947 140 1033 171 Dm
1058 141 1099 172 12.
1126 142 1191 172 ix.
1217 142 1252 173 c.
1278 144 1308 174 7.
1665 133 1769 184 377

768 302 959 357 CAPUT
992 305 1110 358 VII.

102 412 246 471 Quod
293 410 549 460 Platonici
591 413 845 471 fiqmeme‘s
891 419 1156 472 poetarum
1217 414 1484 474 e‘ns'amatos
1541 425 1774 467 asserant

147 487 263 533 deos
304 485 366 533 de
405 487 784 534 contrariorum
821 487 1103 534 studiorum
1144 490 1432 547 certamine,
1474 504 1585 538 cum
1626 493 1721 540 hae

397 564 576 620 partes
615 560 924 618 daemonum,
966 573 1063 607 non
1106 561 1310 608 deorum
1350 564 1462 610 se’nt.

243 661 383 718 Quod
410 662 451 709 si
476 662 735 725 quisquam
777 661 909 727 dicit,
948 676 1046 709 non
1080 678 1137 710 ex
1179 664 1412 730 omnium,
1452 665 1537 712 sed
1577 682 1635 713 ex
1676 682 1770 715 ma-

93 735 253 784 lorum
301 734 594 784 daemonum
641 749 848 783 numero
898 750 1028 801 esse,
1077 751 1199 799 quos
1247 743 1419 799 poetae
1468 740 1774 801 quorundam

93 809 348 858 hominum
394 823 564 857 osores
612 815 661 857 et
708 814 949 858 amatores
998 808 1115 858 deos
1156 825 1253 857 non
1293 809 1466 874 procul
1505 826 1531 858 a
1570 813 1773 861 veritate

94 883 380 947 confingunt
411 877 524 949 (hos
558 883 688 931 enim
721 882 842 931 dixit
875 881 1109 947 Apuleius
1135 883 1234 932 salo
1268 885 1444 932 mentis
1475 899 1566 949 per
1605 901 1774 934 omnes

94 957 446 1021 cogitationum
479 962 643 1005 aestus
676 951 962 1024 ssuctua1·e):
1004 972 1100 1020 quo
1134 957 1277 1006 modo
1317 958 1449 1007 istud
1489 958 1773 1024 intellegere

92 1031 388 1098 poterimus,
430 1029 647 1096 quandO,
687 1045 800 1079 cum
839 1030 933 1079 hoc
974 1030 1182 1096 diceret,
1224 1046 1322 1079 non
1363 1033 1684 1100 quorundam,
1724 1034 1771 1082 id

93 1111 169 1153 est
206 1103 462 1170 malorum,
503 1103 589 1152 sed
629 1105 847 1153 omnium
889 1104 1182 1153 daemonum
1223 1104 1534 1154 medietatem
1572 1112 1775 1171 propter

93 1180 223 1227 aeria
271 1193 478 1243 corpora
524 1179 654 1227 inter
709 1178 826 1227 deos
879 1185 927 1226 et
977 1178 1201 1226 homines
1251 1177 1595 1228 describebat?
1671 1179 1773 1228 Hoc

93 1253 222 1300 enim
264 1253 331 1301 ait
370 1252 554 1316 fingere
594 1258 787 1318 poetaS,
836 1252 967 1316 quod
1007 1268 1066 1301 ex
1106 1254 1315 1301 istorum
1354 1252 1648 1302 daemonum
1687 1269 1773 1303 nu-

94 1341 229 1374 mero
285 1325 404 1374 deos
459 1325 644 1374 faciunt
698 1331 748 1374 et
802 1327 873 1374 eis
929 1326 1135 1374 deorum
1192 1328 1385 1374 nomina
1437 1329 1681 1391 inponunt
1727 1334 1775 1376 et

94 1399 273 1464 quibus
304 1399 552 1448 voluerint
583 1397 865 1448 hominibus
893 1415 951 1448 ex
975 1400 1052 1448 his
1093 1402 1275 1448 amicos
1316 1402 1638 1464 inimicosque
1680 1401 1772 1450 dis-

91 1472 318 1523 tribuunt
359 1473 468 1522 -ficti
516 1473 746 1522 carminis
777 1475 1004 1538 inpunita
1041 1473 1252 1538 licentia,
1293 1489 1405 1522 cum
1444 1474 1562 1522 deos
1602 1474 1660 1522 ab
1700 1474 1776 1522 his

93 1547 386 1596 daemonum
433 1546 654 1595 moribus
706 1553 755 1595 et
811 1546 1011 1596 caelesti
1056 1547 1162 1596 loco
1214 1554 1261 1595 et
1301 1547 1616 1596 beatitudinis
1656 1563 1774 1613 opu-

92 1620 242 1669 lentia
280 1627 499 1670 remotos
548 1636 655 1669 esse
694 1620 965 1685 perhibeat.
1043 1620 1175 1669 Haec
1218 1627 1293 1669 est
1332 1636 1448 1685 ergo
1489 1622 1621 1670 fictio
1659 1637 1774 1686 poe·

91 1701 254 1743 tarum
293 1694 411 1743 deos
451 1694 632 1761 (licere,
673 1696 758 1758 qui
797 1695 863 1743 (lii
903 1710 1002 1742 non
1043 1701 1173 1759 sunt,
1214 1709 1395 1758 eosque
1438 1694 1528 1743 sub
1570 1695 1775 1743 deorum

92 1767 373 1817 nominibus
421 1770 551 1818 inter
599 1783 651 1816 se
693 1767 947 1816 decertare
987 1774 1190 1832 propter
1230 1767 1475 1833 homineS,
1522 1783 1645 1832 quos
1684 1783 1773 1832 pro

93 1841 254 1891 studio
301 1844 518 1906 partium
563 1841 774 1906 diligunt
819 1841 895 1890 vel
950 1841 1174 1890 oderunt.
1253 1841 1361 1889 Non
1400 1841 1573 1906 procul
1613 1848 1775 1890 autem

93 1930 120 1964 a
148 1916 362 1966 veritate
403 1915 522 1965 dicit
562 1915 686 1964 hanc
728 1930 835 1963 esse
877 1916 1138 1980 fictionem,
1179 1916 1409 1979 quoniam
1450 1915 1656 1964 deorum
1695 1930 1774 1979 ap-

91 1988 256 2054 pellati
281 1988 547 2056 vocabuliS,
588 1990 672 2053 qui
712 1988 778 2036 dii
818 2004 915 2036 non
956 1995 1084 2053 sunt,
1126 1987 1246 2036 tales
1286 1995 1449 2037 tamen
1490 1988 1774 2038 describun-

93 2070 174 2112 tur
229 2061 522 2128 (laemoneS‚
586 2061 754 2126 quales
815 2069 943 2111 sunt.
1028 2061 1248 2126 Denique
1311 2062 1425 2111 hinc
1489 2077 1596 2112 esse
1659 2062 1777 2111 (licit

93 2135 404 2185 Homericam
435 2135 566 2184 illam
590 2135 872 2202 Minervam,
910 2151 1064 2202 „quae
1099 2136 1273 2184 mediis
1314 2135 1536 2185 coetibus
1577 2135 1776 2185 Graium

95 2209 367 2259 cohibendo
424 2209 600 2258 Achilli
656 2205 968 2258 intervenit.“
1060 2209 1202 2266 Quod
1257 2225 1374 2274 ergo
1427 2209 1645 2258 Minerva
1698 2208 1775 2257 illa

94 2283 268 2350 suerit,
307 2285 558 2348 poeticum
598 2282 699 2331 vult
739 2298 847 2331 esse
886 2283 1196 2348 figmentum,
1245 2299 1300 2331 eo
1343 2283 1473 2347 quod
1511 2283 1775 2331 Minervam

95 2356 234 2414 deam
286 2364 428 2422 putat
482 2372 687 2421 eamque
728 2358 857 2405 inter
897 2357 1041 2422 deos,
1098 2372 1220 2420 quos
1261 2372 1431 2406 omnes
1471 2355 1626 2405 bonos
1665 2355 1773 2404 bea-

94 2437 269 2494 tosque
325 2431 505 2496 credit,
559 2433 611 2479 in
665 2430 759 2479 alta
814 2430 1031 2479 aetheria
1078 2430 1192 2478 sede
1242 2430 1484 2495 conlocat,
1539 2428 1710 2494 procul
1749 2444 1774 2474 a

1809 1043 1860 1081 10

1810 1410 1861 1448 15

1809 1777 1863 1816 20

1810 2144 1862 2182 25

95 2506 464 2553 conversatione
532 2504 844 2569 mortalium3
914 2504 1042 2568 quod
1107 2511 1269 2552 autem
1333 2504 1506 2567 aliquis
1569 2502 1770 2549 daemon
1804 2509 1860 2548 30

214 2648 286 2701 18)
320 2647 387 2690 De
420 2647 504 2689 deo
539 2645 661 2690 Socr.
695 2662 739 2701 p.
774 2652 851 2699 443
886 2652 954 2691 45.
1019 2651 1090 2698 26)
1125 2647 1188 2689 Ib.
1224 2662 1265 2702 p.
1301 2650 1368 2687 4⁵2.

94 2864 124 2908 b
215 2811 267 2894 {8
327 2807 572 2863 perhibeat
625 2808 791 2863 scripsi
843 2810 976 2860 (379,
1028 2811 1088 2851 12
1140 2820 1257 2862 sqq.,·
1313 2810 1372 2849 :24
1420 2808 1560 2859 sqq.);
1619 2803 1770 2859 perhi-

129 2878 236 2908 eant
269 2880 290 2909 ο
