2020 3122
543 161 609 192 m:
634 159 870 194 01v1'rA'rE
895 161 984 193 DEI
1008 162 1049 194 L.
1073 162 1160 194 ΧΠ.
1185 162 1222 195 c.
1247 164 1299 195 21.
1657 153 1765 204 545

87 273 198 336 quis
239 267 442 320 credat?
482 272 592 335 quis
631 268 792 320 ferat?
839 271 973 329 Quae
1015 275 1056 322 si
1095 289 1208 322 vera
1248 281 1428 340 essent,
1468 290 1566 323 non
1607 275 1766 325 solum

87 351 374 394 tacerentur
418 344 736 410 prudentiuS,
782 360 955 394 verum
1003 348 1149 395 etiam
1190 342 1270 413 (ut
1310 363 1405 412 quo
1448 348 1590 397 modo
1630 348 1764 397 valeo

87 418 244 467 dicam
285 418 415 482 quod
455 414 587 484 volo)
635 417 828 467 doctius
867 421 1192 468 nescirentur.
1268 421 1389 469 Nam
1429 424 1470 470 si
1510 421 1629 471 haec
1666 422 1765 471 illic

85 493 137 541 in
175 493 412 540 memoria
451 507 551 540 non
582 490 873 540 habebimus
912 499 961 540 et
999 492 1109 541 ideo
1149 493 1279 542 beati
1318 496 1518 561 erimus,
1558 511 1647 544 cur
1685 496 1765 544 hic

84 580 176 630 per
207 579 382 614 eorum
414 566 668 614 scientiam
701 571 930 629 gravatur
969 565 1177 630 amplius
1217 575 1384 616 nostra
1424 566 1656 617 miseria?
1714 569 1765 617 Si

86 645 251 688 autem
289 638 357 687 ibi
398 654 454 687 ea
492 640 771 688 necessario
811 641 986 688 scituri
1025 654 1211 706 sumus,
1250 639 1328 688 hic
1370 641 1541 690 saltem
1580 644 1765 690 nescia-

86 727 219 778 muS‚
280 719 336 761 ut
396 712 476 761 hic
531 712 721 761 felicior
775 714 839 762 sit
892 715 1166 777 expectatio
1222 729 1368 777 quam
1421 714 1518 762 illic
1573 715 1766 779 adeptio

87 788 267 834 summi
321 785 460 851 boni;
516 785 709 850 quando
765 786 845 835 hic
893 794 1091 835 aeterna
1148 788 1245 835 vita
1294 788 1640 851 consequenda
1687 803 1766 836 ex-

86 866 336 924 pectatur3
392 859 461 908 ibi
508 866 670 909 autem
711 859 874 921 beata,
930 859 1016 909 sed
1058 875 1156 908 non
1197 867 1418 927 aeterna,
1474 861 1767 924 quandoque

85 933 351 982 amittenda
391 935 719 997 cognoscitur.

237 1006 288 1054 Si
336 1013 500 1055 autem
547 1007 718 1056 dicunt
767 1009 1015 1057 neminem
1068 1022 1212 1072 posse
1270 1008 1327 1056 ad
1379 1007 1510 1056 illam
1559 1007 1767 1056 beatitu-

87 1080 251 1128 dinem
304 1082 596 1146 pervenire‚
657 1082 752 1129 nisi
805 1081 896 1129 hos
950 1082 1188 1130 circuitus
1200 1120 1214 1147 7
1277 1080 1362 1130 ubi
1416 1080 1667 1130 beatitudo
1720 1087 1769 1129 et

87 1155 284 1202 miseria
317 1155 532 1202 vicissim
564 1154 822 1219 alternant,
860 1156 910 1202 in
942 1154 1091 1203 huius
1122 1156 1247 1203 vitae
1282 1155 1556 1203 eruditione
1591 1169 1766 1218 cogno-

86 1229 234 1276 verit:
274 1242 371 1291 quo
403 1227 548 1275 modo
588 1243 705 1291 ergo
746 1228 978 1294 fatentur,
1019 1235 1200 1292 quanto
1242 1227 1352 1292 plus
1392 1229 1600 1292 quisque
1641 1243 1766 1276 ama-

86 1302 212 1350 verit
257 1300 436 1367 Deum,
483 1307 618 1350 tanto
667 1317 781 1350 eum
827 1301 1017 1350 facilius
1065 1301 1124 1350 ad
1171 1301 1524 1350 beatitudinem
1563 1316 1767 1366 perven-

86 1381 270 1445 turum,
311 1376 396 1438 qui
435 1389 490 1423 ea
530 1374 723 1441 docent,
764 1374 943 1438 quibus
983 1390 1120 1423 amor
1158 1377 1263 1440 ipse
1304 1371 1586 1439 torpescat?
1647 1374 1769 1423 Nam

20 1465 22 1467 ’
88 1449 199 1512 quis
231 1463 330 1496 non
362 1450 619 1497 remissius
652 1455 701 1497 et
732 1449 946 1512 tepidius
980 1456 1109 1498 amet
1142 1464 1269 1514 eum,
1309 1463 1458 1513 quem
1498 1463 1550 1496 se
1591 1450 1772 1512 cogitat

87 1523 367 1570 necessario
422 1521 738 1571 deserturum
793 1528 842 1571 et
893 1529 1064 1571 contra
1115 1523 1221 1571 eius
1273 1523 1530 1571 veritatem
1580 1523 1767 1586 sapien-

87 1596 303 1659 tiamque
351 1610 637 1662 sensurum,
686 1602 735 1644 et
781 1595 874 1644 hoc
922 1611 1035 1644 cum
1074 1595 1132 1644 ad
1173 1597 1279 1644 eius
1319 1595 1514 1660 plenam
1551 1610 1641 1659 pro
1683 1609 1771 1644 sua

87 1670 356 1733 capacitate
421 1671 646 1718 notitiam
699 1668 1017 1718 beatitudinis
1086 1669 1390 1733 perfectione
1452 1664 1769 1732 pervenerit?

88 1741 283 1806 quando
324 1757 416 1791 nec
465 1742 714 1792 hominem
754 1745 966 1792 amicum
1004 1744 1162 1806 possit
1201 1743 1410 1806 quisque
1451 1756 1612 1790 amare
1653 1740 1767 1789 fide-

87 1815 227 1882 liter,
266 1817 347 1864 cui
387 1831 439 1864 se
479 1817 703 1866 futurum
742 1818 876 1864 novit
913 1817 1182 1864 inimicum.
1261 1814 1358 1864 Sed
1398 1814 1524 1864 absit
1562 1821 1617 1863 ut
1658 1829 1770 1862 vera

89 1891 217 1955 sint,
281 1904 404 1953 quae
467 1889 609 1938 nobis
671 1891 921 1938 minantur
974 1904 1140 1938 veram
1201 1890 1448 1937 miseriam
1502 1903 1771 1952 numquam

89 1962 373 2023 finiendam,
422 1963 508 2012 sed
554 1962 1015 2028 interpositionibus
1066 1962 1212 2011 falsae
1258 1962 1576 2011 beatitudinis
1624 1977 1769 2026 saepe

32 2063 35 2066 <
89 2051 146 2084 ac
185 2038 291 2084 sine
332 2037 427 2084 fine
468 2036 804 2101 rumpendam.
883 2035 1011 2093 Quid
1051 2037 1183 2084 enim
1221 2035 1302 2084 illa
1340 2035 1645 2084 beatitudine
1686 2034 1769 2083 fal-

90 2111 194 2158 sius
234 2116 380 2174 atque
414 2110 648 2175 fallaciUS,
687 2109 774 2158 ubi
811 2125 901 2159 nos
942 2110 1136 2158 futuros
1176 2111 1384 2158 miseros
1424 2115 1508 2158 aut
1546 2111 1597 2157 in
1636 2115 1770 2157 tanta

90 2185 310 2232 veritatis
349 2182 459 2232 luce
499 2186 777 2232 nesciamus
816 2190 900 2232 aut
938 2185 988 2232 in
1029 2198 1218 2232 summa
1273 2182 1519 2232 felicitatis
1560 2197 1671 2231 arce
1712 2183 1769 2230 ti-

90 2253 346 2306 meamus?
394 2257 446 2306 Si
477 2259 609 2306 enim
640 2264 895 2306 venturam
928 2256 1251 2306 calamitatem
1281 2257 1555 2321 ignoraturi
1586 2270 1772 2321 sumuS,

89 2331 296 2395 peritior
329 2338 404 2380 est
434 2330 514 2379 hic
554 2338 722 2380 nostra
754 2332 965 2397 miseria,
1004 2330 1090 2379 ubi
1120 2336 1377 2379 venturam
1415 2329 1772 2379 beatitudinem

1803 945 1857 984 10

1804 1310 1856 1349 15

1802 1678 1858 1717 20

1803 2044 1857 2083 25

90 2405 338 2469 novimus3
386 2405 429 2453 si
474 2411 639 2453 autem
677 2420 767 2453 nos
806 2404 903 2453 illic
944 2403 1106 2453 clades
1145 2405 1391 2452 inminens
1431 2418 1529 2451 non
1582 2401 1766 2465 latebit,
1801 2410 1859 2450 30

90 2476 283 2526 beatius
322 2483 544 2542 tempora
584 2479 811 2542 transigit
848 2480 1008 2527 anima
1047 2479 1253 2543 misera,
1292 2476 1472 2541 quibus
1511 2476 1770 2524 transactis

93 2549 151 2599 ad
183 2549 539 2600 beatitudinem
576 2551 874 2618 sublevetur,
915 2566 1060 2615 quam
1099 2550 1253 2617 beata,
1293 2549 1472 2615 quibus
1511 2548 1770 2596 transactis

91 2626 142 2672 in
174 2625 424 2673 miseriam
453 2625 744 2674 revolvatur.
821 2625 980 2689 Atque
1021 2626 1088 2673 ita
1128 2639 1240 2688 spes
1281 2630 1477 2672 nostrae
1517 2621 1770 2669 infelicita-

177 2830 239 2926 οί34
283 2823 582 2868 habuerimus
630 2825 674 2867 V
714 2826 729 2881 ΙΙ
776 2829 831 2868 22
871 2823 1004 2868 nouit
1052 2822 1189 2867 VAF
1223 2824 1295 2876 (ut
1334 2826 1393 2866 17
1437 2820 1650 2877 cogitat);
1690 2832 1770 2862 no-

91 2896 190 2926 veri
241 2897 267 2927 υ

181 2973 277 2999 Auo.
300 2973 352 2998 nn
374 2973 454 2999 mv.
479 2973 559 2999 nm.
594 2965 626 2999 1.
1364 2957 1418 2996 35
