2020 3122
544 142 611 174 DE
635 141 875 175 01vrrATE
898 143 990 176 Dm
1014 143 1055 175 L.
1079 143 1131 175 11.
1157 143 1194 177 c.
1219 145 1271 178 15.
1298 146 1349 178 16.
1717 136 1783 187 71

102 256 263 322 poetis
302 259 491 319 ageret:
535 253 647 321 „Ad
695 268 820 318 quos
867 268 980 303 cum
1020 256 1249 320 accessit,
1287 257 1470 323 inquit,
1518 256 1700 307 clamor
1741 265 1788 308 et

104 327 390 393 adprobatio
428 327 599 392 populi
638 329 780 392 quasi
831 329 995 392 magni
1034 327 1290 377 cuiusdam
1328 336 1376 378 et
1416 332 1650 394 sapientis
1690 346 1786 380 ma-

103 403 260 468 gistri,
300 416 421 466 quas
467 400 538 450 illi
576 400 831 450 obducunt
868 400 1123 467 tenebraS,
1172 417 1296 466 quos
1334 404 1574 453 invehunt
1611 411 1789 472 metUS,

103 490 226 540 quas
264 474 567 524 inflammant
606 470 954 539 cupiditates!“

771 631 967 686 CAPUT
1000 633 1119 686 XV.

199 742 346 801 Quod
382 741 603 790 Romani
639 741 881 801 quosdam
919 741 1021 789 sibi
1057 742 1175 790 deos
1215 755 1313 790 non
1353 744 1574 803 ratione,
1614 744 1706 791 sed

618 816 911 863 adulatione
951 817 1275 865 instituerint.

253 917 388 976 Quae
428 916 719 966 autemillis
759 917 1099 982 eligendorum
1138 917 1345 967 deorum
1385 919 1531 967 etiam
1568 919 1792 983 ipsorum

105 992 343 1042 falsorum
381 993 505 1040 ratio
554 1006 608 1039 ac
659 1006 758 1040 non
796 993 962 1055 potius
1003 991 1214 1041 adulatio
1255 989 1366 1041 est‘?
1406 991 1600 1057 quando
1640 994 1791 1041 istum

105 1066 384 1132 Platonem,
434 1079 583 1130 quem
631 1064 903 1114 semideum
949 1065 1139 1132 volunt,
1187 1067 1335 1114 tantis
1376 1065 1791 1131 disputationibus

104 1139 424 1204 laborantem,
463 1153 524 1187 ne
567 1139 715 1187 animi
747 1138 902 1205 maliS,
941 1154 1065 1203 quae
1105 1141 1370 1203 praecipue
1410 1140 1622 1188 cavenda
1662 1146 1792 1206 sunt,

105 1228 270 1264 mores
321 1218 765 1276 corrumperentur
815 1212 1042 1278 humani,
1096 1212 1227 1262 nulla
1279 1228 1416 1262 sacra
1464 1212 1682 1262 aedicula
1722 1214 1791 1262 di-

105 1302 258 1352 gnum
281 1291 535 1352 putarunt,
568 1292 618 1334 et
641 1285 906 1335 Romulum
931 1301 1078 1335 suum
1111 1286 1203 1335 diis
1234 1286 1402 1335 multis
1434 1287 1792 1351 praetulerunt,

104 1362 326 1426 quamvis
365 1367 415 1409 et
452 1361 616 1424 ipsum
657 1359 930 1408 semideum
969 1361 1135 1424 potius
1175 1375 1322 1424 quam
1361 1359 1508 1409 deum
1548 1360 1678 1409 velut
1719 1375 1792 1409 se-

104 1436 289 1485 cretior
327 1449 501 1483 eorum
541 1433 763 1482 doctriua
805 1433 1129 1482 commendet.
1206 1433 1328 1482 Nam
1361 1435 1507 1483 etiam
1546 1433 1793 1483 flaminem

106 1508 177 1558 illi
214 1510 562 1573 instituerunt,
615 1506 746 1571 quod
799 1506 1063 1556 sacerdotii
1111 1522 1267 1572 genus
1308 1507 1428 1556 adeo
1469 1509 1520 1555 in
1560 1507 1791 1556 Romanis

105 1584 259 1632 sacris
282 1587 493 1631 testante
520 1582 657 1645 apice
697 1580 940 1647 excelluit,
981 1588 1035 1631 ut
1075 1587 1178 1630 tres
1218 1581 1348 1630 solos
1387 1581 1608 1630 flamines
1647 1581 1792 1630 hahe-

106 1662 219 1706 rent
256 1655 418 1706 trihus
459 1653 746 1704 numinibus
792 1656 1072 1721 institutOS,
1123 1654 1309 1704 Dialem
1348 1654 1474 1721 Iovi,
1523 1654 1794 1704 Martialem

104 1730 262 1795 Marti,
295 1728 598 1787 Quirinalem
631 1728 855 1778 Romulo.
917 1727 1039 1778 Nam
1070 1728 1410 1778 benevolentia
1451 1730 1631 1778 civium
1662 1728 1794 1778 velut

105 1810 338 1869 receptus
370 1805 421 1852 in
453 1802 644 1852 caelum
677 1802 914 1860 Quirinus
948 1809 1023 1852 est
1052 1808 1223 1867 postea
1256 1804 1550 1851 nominatus
1605 1803 1672 1851 Ac
1703 1817 1793 1867 per

107 1877 200 1926 hoc
233 1884 283 1926 et
313 1876 543 1942 Neptuno
577 1883 626 1926 et
656 1876 871 1943 Plutoni,
913 1876 1150 1926 fratribus
1182 1875 1323 1941 IoviS,
1356 1883 1405 1925 et
1436 1878 1531 1941 ipsi
1565 1875 1793 1942 Saturn0,

105 1953 236 2016 patri
276 1965 471 2016 eorum,
518 1952 615 1999 isto
655 1949 894 1999 Romulus
940 1950 1129 1999 honore
1176 1949 1425 2015 praelatus
1473 1956 1570 2016 est,
1609 1957 1664 1999 ut
1702 1965 1791 2014 pro

108 2040 286 2090 magno
328 2023 675 2090 sacerdotium,
715 2024 846 2088 quod
885 2023 988 2072 Iovi
1027 2023 1320 2090 tribuerant,
1358 2023 1452 2073 hoc
1493 2025 1640 2073 etiam
1678 2023 1792 2072 huic

108 2098 408 2164 tribuerent,
459 2104 508 2147 et
546 2097 691 2146 Marti
738 2105 986 2163 tamquam
1022 2099 1154 2163 patri
1192 2099 1299 2146 eius
1346 2097 1552 2147 forsitan
1591 2103 1793 2162 propter

107 2187 283 2237 ipsum.

765 2241 959 2296 CAPUT
990 2241 1137 2295 XVI.

149 2349 304 2410 Quod,
344 2351 391 2398 si
427 2351 524 2398 diis
563 2352 668 2399 ulla
708 2354 837 2400 esset
874 2364 1004 2399 cura
1046 2351 1284 2416 iustitiae,
1324 2350 1387 2398 ab
1429 2351 1499 2398 eis
1539 2349 1761 2397 Romani

109 2425 347 2486 accipere
395 2425 664 2473 debuerint
701 2428 982 2486 praecepta
1031 2425 1234 2472 vivendi
1263 2421 1433 2485 potius
1472 2436 1622 2483 quam
1662 2424 1794 2482 leqes

538 2499 601 2546 ab
642 2500 757 2547 altis
795 2498 1080 2547 hominibus
1118 2498 1357 2546 mutuari.

1827 1078 1878 1118 10

1828 1445 1879 1485 15

1826 1814 1881 1854 20

1827 2181 1881 2220 25

259 2598 311 2648 Si
350 2606 514 2649 autem
554 2615 580 2648 a
620 2600 712 2650 diis
768 2602 870 2650 suis
910 2600 1117 2648 Romani
1165 2598 1359 2648 vivendi
1397 2598 1529 2662 leges
1570 2598 1790 2660 accipere
1825 2606 1881 2646 30

111 2673 410 2739 potuissent,
457 2689 556 2722 non
605 2674 789 2738 aliquot
835 2689 990 2722 annos
1036 2679 1149 2737 post
1195 2673 1399 2721 Romam
1450 2670 1695 2719 conditam
1734 2667 1792 2716 ab

231 2819 257 2858 8
287 2814 383 2858 illis
417 2815 473 2859 Ol
504 2816 602 2860 edd.
634 2820 734 2860 vett.
745 2833 760 2869 ,·
791 2815 889 2858 illic
916 2814 1213 2859 G²AKParr.
1246 2814 1340 2858 rell.
1361 2826 1386 2856 v
1410 2814 1424 2868 Η
1449 2817 1502 2855 23
1536 2810 1794 2854 tribuerant

115 2870 186 2924 A;
215 2872 473 2918 tribuerent
505 2874 555 2917 F
559 2891 576 2927 ;
606 2875 868 2918 tribuerunt
898 2874 973 2918 Kv
