2020 3122
151 946 204 985 10

153 1313 206 1352 15

152 2407 208 2447 30

238 149 344 202 124
921 160 956 195 S.
980 160 1255 194 Aucus'rim

234 274 522 325 Veientibus
570 282 681 324 ante
729 274 950 324 defendit
995 280 1045 323 et
1099 273 1158 322 de
1206 272 1354 322 Gallis
1400 279 1571 337 postea
1622 272 1923 326 vindicavit?

235 348 290 397 In
323 350 413 398 hac
446 348 727 413 pestilentia
751 350 1002 397 scaenicos
1027 347 1170 397 ludos
1195 347 1335 395 aliam
1376 361 1551 395 novam
1589 353 1780 411 pestem
1818 364 1920 399 non

236 422 529 487 corporibus
568 422 917 488 Romanorum,
957 421 1058 488 sed,
1098 421 1227 485 quod
1269 427 1345 469 est
1384 420 1539 469 multo
1577 422 1923 490 perniciosiUS,

235 496 458 546 moribus
507 496 798 546 intulerunt.
874 494 968 544 Ubi
1023 502 1189 561 erant,
1245 494 1440 559 quando
1496 493 1587 542 alia
1640 495 1923 559 pestilentia

236 572 397 633 gravis
429 569 732 619 de-venenis
771 576 1108 619 matronarum
1148 575 1317 617 exorta
1356 568 1542 616 credita
1582 574 1673 634 est,
1712 583 1922 632 quarum

237 658 387 708 supra
433 643 580 693 fidem
626 644 893 693 multarum
939 650 1086 706 atque
1134 642 1373 691 nobilium
1420 657 1585 690 mores
1625 641 1923 706 deprehensi

238 726 354 766 sunt
399 720 533 767 omni
578 718 857 782 pestilentia
907 713 1193 781 graviores?
1238 715 1314 764 vel
1354 715 1549 780 quando
1587 717 1639 764 in
1680 714 1925 766 Caudinas

236 791 455 840 furculas
494 807 521 840 a
561 791 863 840 Samnitibus
888 790 1078 839 obsessi
1103 789 1245 838 ambo
1279 805 1393 838 cum
1432 791 1652 838 exercitu
1693 791 1924 840 consules

237 865 411 914 foedus
437 880 550 914 cum
574 867 646 914 eis
671 865 870 914 foedum
904 865 1066 912 facere
1107 866 1264 911 coacti
1304 869 1435 928 sunt,
1473 864 1540 911 ita
1579 871 1634 911 ut
1673 864 1926 928 equitibus

237 937 470 988 Romanis
524 941 765 988 sescentis
819 936 1074 986 obsidibus
1130 937 1256 986 datis
1311 938 1466 985 ceteri
1520 938 1740 996 amissis¹
1775 940 1924 987 armis

238 1012 443 1076 aliisque
484 1012 678 1076 spoliati
715 1013 989 1076 privatique
1023 1010 1324 1074 tegminibus
1364 1010 1457 1059 sub
1496 1012 1668 1074 iugum
1706 1011 1925 1061 hostium

238 1101 352 1134 cum
398 1077 705 1135 &estimentis
753 1085 959 1149 singulis
1006 1081 1360 1133 mitterentur?
1420 1084 1496 1133 vel
1544 1085 1738 1149 quando
1790 1088 1926 1150 gravi

237 1159 517 1223 pestilentia
572 1161 752 1208 ceteris
809 1157 1147 1207 laborantibus
1201 1157 1344 1207 multi
1395 1159 1543 1206 etiam
1595 1160 1647 1207 in
1703 1161 1925 1209 exercitu

237 1235 325 1283 icti
370 1233 574 1282 fulmine
627 1229 920 1298 perierunt?
974 1232 1050 1280 vel
1098 1232 1293 1296 quando
1341 1233 1462 1281 item
1501 1231 1590 1280 alia
1630 1233 1927 1282 intolerabili

238 1306 520 1371 pestilentia
557 1306 903 1371 Aesculapium
942 1306 1001 1354 ab
1026 1305 1274 1370 Epidauro
1315 1307 1454 1369 quasi
1491 1305 1738 1355 medicum
1778 1307 1926 1356 deum

239 1381 392 1429 Roma
447 1381 682 1429 advocare
739 1388 885 1444 atque
940 1379 1172 1428 adhibere
1229 1379 1480 1444 compulsa
1534 1386 1631 1445 est,
1694 1383 1926 1444 quoniam

240 1469 406 1518 regem
453 1456 674 1503 omnium
711 1454 899 1520 Iovem,
939 1456 1023 1517 qui
1069 1455 1166 1502 iarn
1206 1453 1290 1502 diu
1337 1455 1389 1501 in
1430 1451 1667 1518 Capitolio
1709 1454 1927 1521 sedebat,

239 1527 392 1576 multa
418 1534 602 1594 stupra,
643 1527 824 1592 quibus
860 1527 1150 1576 adulescens
1185 1533 1429 1592 vacuerat,
1468 1542 1567 1575 non
1598 1529 1928 1591 permiserant

239 1602 446 1651 fortasse
495 1601 688 1651 discere
728 1598 1058 1650 medicinam?
1118 1601 1194 1649 vel
1235 1615 1348 1649 cum
1387 1600 1786 1665 conspirantibus
1826 1617 1925 1651 uno

242 1683 464 1740 tempore
496 1674 724 1724 hostibus
747 1675 974 1740 LucaniS,
1013 1674 1214 1740 BrutiiS,
1255 1673 1573 1740 SamnitibUS,
1611 1673 1837 1724 Etruscis
1877 1683 1926 1725 et

242 1748 521 1797 Senonibus
547 1748 695 1797 Gallis
718 1751 879 1814 primo
905 1748 963 1797 ab
998 1750 1068 1797 eis
1108 1748 1255 1812 legati
1293 1750 1539 1813 perempti
1577 1755 1708 1815 sunt,
1748 1749 1925 1798 deinde

241 1838 353 1871 cum
407 1829 636 1886 praetore
688 1838 957 1887 oppressus
1013 1824 1260 1871 exercitus
1312 1828 1502 1886 septem
1551 1821 1765 1871 tribunis
1812 1838 1926 1872 cum

239 1896 321 1944 illo
360 1896 686 1960 pereuntibus
727 1904 777 1946 et
814 1896 1026 1945 militum
1064 1896 1303 1944 tredecim
1342 1891 1577 1944 milibus?
1616 1895 1691 1944 vel
1731 1897 1926 1960 quando

239 1976 352 2033 post
396 1969 566 2034 longas
614 1978 663 2019 et
710 1985 882 2034 graves
921 1970 1104 2018 Romae
1153 1969 1444 2034 seditioneS,
1493 1967 1674 2033 quibus
1714 1970 1773 2018 ad
1812 1970 1925 2019 ulti-

239 2057 375 2091 mum
426 2043 565 2107 plebs
612 2045 662 2091 in
710 2043 982 2093 Ianiculum
1036 2043 1203 2092 hostili
1253 2043 1580 2107 diremptione
1636 2051 1928 2111 secesserat,

239 2116 388 2164 huius
442 2116 557 2165 mali
610 2124 708 2166 tam
755 2118 860 2166 dira
915 2117 1164 2166 calamitas
1212 2124 1339 2183 erat,
1392 2123 1449 2165 ut
1497 2118 1604 2165 eius
1651 2118 1725 2165 rei
1763 2132 1927 2184 causa,

240 2190 371 2253 quod
411 2191 463 2238 in
502 2192 736 2239 extremis
760 2191 994 2256 periculis
1034 2191 1142 2239 fieri
1181 2189 1382 2256 solebat,
1421 2190 1631 2239 dictator
1671 2199 1927 2240 crearetur

239 2262 558 2328 HortensiuS,
614 2266 698 2328 qui
744 2264 886 2329 plebe
934 2271 1162 2313 revocata
1210 2266 1261 2312 in
1302 2263 1475 2312 eodem
1513 2265 1803 2327 magistratu
1844 2279 1926 2313 ex-

241 2338 465 2403 spiravit,
504 2337 635 2400 quod
676 2338 797 2386 nulli
837 2338 1066 2387 dictatori
1105 2345 1216 2387 ante
1257 2339 1530 2401 contigerat
1570 2343 1619 2385 et
1658 2338 1788 2400 quod
1828 2337 1928 2386 illis

241 2409 334 2458 diis
373 2412 470 2458 iam
507 2418 767 2475 praesente
807 2411 1095 2476 Aesculapio
1136 2413 1331 2475 gravius
1372 2412 1559 2459 crimen
1600 2407 1729 2459 fuit?

390 2483 517 2532 Tum
563 2499 679 2532 vero
726 2491 827 2533 tam
871 2484 1023 2533 multa
1070 2484 1195 2533 bella
1239 2484 1423 2548 ubique
1463 2483 1815 2550 crebruerunt,
1869 2491 1928 2533 ut

241 2558 406 2622 inopia
430 2556 640 2607 militum
664 2557 918 2622 proletarii
955 2558 1040 2623 illi,
1080 2560 1165 2622 qui
1204 2574 1277 2622 eo,
1317 2557 1447 2622 quod
1486 2557 1614 2622 proli
1653 2557 1925 2621 gignendae

240 2630 499 2697 vacabant,
545 2630 607 2679 ob
656 2638 922 2695 egestatem
971 2631 1178 2679 militare
1218 2646 1317 2679 non
1355 2630 1573 2679 valentes
1610 2630 1704 2678 hoc
1744 2645 1924 2679 nomen

242 2712 550 2771 acceperant,
587 2704 788 2754 militiae
829 2703 1278 2754 conscriberentur.
1355 2705 1555 2753 Accitus
1595 2705 1743 2752 etiam
1783 2720 1809 2752 a
1833 2704 1922 2752 Ta-

362 2836 416 2875 18
446 2833 670 2875 uacuerat
698 2831 839 2875 A¹K¹
869 2831 1020 2885 (Neue
1051 2831 1141 2874 112
1157 2846 1207 2886 p.
1234 2835 1370 2884 478ss
1399 2832 1648 2875 vacaverat
1678 2844 1704 2874 v
1727 2833 1742 2887 ΙΙ
1767 2834 1823 2874 25
1855 2830 1925 2874 di-

241 2890 501 2946 remptione
533 2891 577 2933 A
607 2891 658 2944 (l.
690 2895 749 2935 13
782 2904 816 2935 c.
849 2895 927 2946 2);
958 2890 1218 2946 direptione
1250 2889 1516 2934 KFParr.v
