2020 3122
241 123 346 175 176
909 132 945 166 S.
968 133 1243 168 Aucusnm

239 246 410 295 saltem
443 245 620 309 legisse
654 246 949 295 meminerit.
1026 245 1078 295 Si
1117 251 1280 294 autem
1321 244 1526 294 felicitas
1565 244 1655 294 dea
1694 261 1794 295 non
1833 253 1924 314 est,
1999 292 2005 296 ,

241 320 485 384 quoniam,
526 317 657 382 quod
688 333 862 368 verum
894 326 983 385 est,
1023 333 1203 368 munus
1236 325 1312 367 est
1342 317 1451 367 Dei:
1490 317 1571 367 ille
1604 317 1736 368 Deus
1777 334 1922 384 quae-

239 399 392 458 ratur,
433 393 518 456 qui
550 406 658 440 eam
690 391 806 441 dare
836 394 1007 459 possit,
1049 398 1099 441 et
1139 391 1376 441 falsorum
1415 391 1622 440 deorum
1661 392 1924 442 multitudo

240 466 383 514 noxia
437 464 773 532 relinquatur,
829 481 976 530 quam
1030 465 1295 515 stultorum
1351 464 1606 514 hominum
1661 465 1924 516 multitudo

182 551 210 591 5
243 554 364 588 vana
403 544 636 605 sectatur,
676 538 765 588 Dei
797 539 923 588 dona
963 538 1080 588 deos
1121 537 1215 587 sibi
1254 539 1439 588 faciens
1479 546 1528 588 et
1566 540 1744 605 ipsum,
1784 541 1926 590 cuius

243 628 299 662 ea
338 612 464 661 dona
503 609 641 679 s'unt,
688 611 1015 662 obstinatione
1064 611 1305 677 superbae
1352 611 1617 662 voluntatis
1656 611 1925 662 offendens

245 685 326 735 Sic
359 687 490 734 enim
522 701 691 735 carere
724 701 823 735 non
854 692 1019 751 potest
1049 685 1350 751 infelicitate,
1390 687 1475 750 qui
1505 693 1754 751 tamquam
1785 685 1927 736 deam

243 759 527 809 felicitatem
560 759 677 808 colit
709 766 759 809 et
789 759 946 809 Deum
978 759 1199 809 datorem
1231 758 1478 809 felicitatis
1510 759 1759 825 relinquit,
1799 762 1928 810 sicut

243 847 411 882 carere
464 848 563 882 non
611 839 776 898 potest
823 833 977 898 fame,
1033 834 1117 898 qui
1155 848 1333 898 panem
1371 834 1560 898 pictum
1597 833 1739 899 lingit
1780 839 1829 883 et
1867 832 1926 883 ab

150 918 207 960 10
240 905 461 973 homine,
502 908 586 971 qui
626 922 798 955 verum
837 906 1006 974 habet,
1045 922 1144 955 non
1183 908 1320 972 petit.

870 1093 1067 1149 CAPUT
1099 1090 1298 1148 XXIV.

277 1217 388 1275 Qua
427 1218 628 1266 ratione
668 1215 950 1279 defendant
980 1220 1191 1279 pagani,
1219 1219 1370 1278 quod
1406 1219 1538 1266 inter
1577 1217 1695 1266 deos
1735 1219 1907 1267 colant

826 1293 935 1354 ipsa
975 1293 1108 1340 dona
1148 1292 1333 1340 divina.

388 1406 531 1456 Libet
591 1414 756 1457 autem
818 1423 991 1458 eorum
1053 1408 1367 1458 considerare
1429 1409 1660 1474 rationes.
1759 1405 1926 1472 Usque

155 1490 210 1532 15
243 1479 451 1548 adeone,
497 1482 752 1549 inquiunt,
802 1483 1013 1531 maiores
1059 1487 1256 1531 nostros
1296 1482 1587 1547 insipientes
1627 1481 1780 1531 fuisse
1821 1496 1927 1530 cre-

243 1554 458 1604 dendum
500 1561 600 1622 est,
651 1562 707 1605 ut
752 1555 873 1605 haec
922 1558 1174 1605 nescirent
1212 1571 1418 1605 munera
1458 1555 1618 1605 divina
1658 1570 1788 1621 esse,
1828 1570 1928 1604 non

196 1643 202 1648 ·
244 1625 398 1678 deos‘?
455 1628 551 1678 Sed
593 1631 824 1694 quoniam
864 1628 1084 1678 sciebant
1123 1630 1308 1678 nemini
1346 1628 1459 1678 talia
1498 1629 1594 1677 nisi
1632 1628 1794 1693 aliquo
1834 1628 1926 1678 deo

241 1701 478 1766 largiente
527 1702 760 1769 concedi,
810 1718 1038 1767 quorum„
1074 1702 1281 1752 deorum
1328 1704 1525 1752 nomina
1572 1717 1671 1751 non
1710 1703 1927 1751 invenie-

240 1774 385 1841 bant,
426 1791 597 1825 earum
635 1792 808 1826 rerum
847 1776 1130 1826 nominibus
1169 1775 1479 1841 appellabant
1517 1775 1659 1842 deOS,
1706 1790 1827 1840 quas
1867 1774 1926 1824 ab

155 1859 213 1900 20
246 1850 318 1899 eis
358 1849 637 1899 sentiebant
675 1850 804 1917 dari,
853 1850 1015 1915 aliqua
1053 1849 1287 1899 vocabula
1326 1849 1439 1898 inde
1479 1849 1759 1916 flectenteS,
1800 1850 1929 1899 sicut

245 1938 272 1971 a
309 1922 438 1972 bello
470 1922 720 1973 Bellonam
761 1930 1188 1991 nuncupaverunt,
1226 1939 1326 1972 non
1357 1922 1569 1989 Bellum3
1611 1924 1739 1972 sicut
1778 1938 1805 1971 a
1845 1938 1927 1972 cu·

241 1998 317 2045 nis
351 1995 606 2064 Cuninam,
645 2013 745 2047 non
779 1997 987 2064 Cunam3
1027 1999 1156 2047 sicut
1187 2013 1214 2046 a
1254 1996 1503 2063 segetibus
1530 1996 1789 2063 Segetiam,
1828 2011 1928 2045 non

243 2068 493 2136 Segetem3
541 2072 670 2120 sicut
719 2087 744 2120 a
783 2073 943 2137 pomis
980 2071 1271 2138 Pomonam,
1317 2086 1416 2120 non
1455 2071 1685 2137 Pomum3
1734 2071 1861 2119 sicut
1901 2084 1928 2118 a

242 2141 405 2192 bubus
437 2142 706 2210 Bubonam,
745 2159 844 2194 non
869 2144 1074 2195 Bovem:
1113 2151 1198 2195 aut
1236 2151 1372 2194 certe
1411 2143 1544 2195 nulla
1582 2143 1806 2193 vocabuli
1845 2142 1927 2192 de·

155 2225 212 2266 25
245 2216 507 2266 clinatione
563 2219 692 2267 sicut
740 2233 822 2268 res
868 2220 1003 2283 ipsae
1051 2220 1390 2285 nominantur,
1444 2225 1499 2268 ut
1535 2217 1750 2267 Pecunia
1797 2215 1929 2266 dicta

242 2297 319 2340 est
369 2290 481 2357 dea,
537 2306 661 2355 quae
715 2291 797 2341 dat
841 2293 1131 2358 pecuniam,
1186 2307 1285 2340 non
1332 2293 1533 2341 omnino
1577 2292 1787 2356 pecunia
1838 2289 1928 2339 dea

241 2365 347 2429 ipsa
384 2370 554 2428 putata
593 2371 691 2430 est3
731 2366 799 2414 ita
829 2364 1012 2432 VirtuS,
1051 2380 1176 2430 quae
1208 2365 1290 2414 dat
1327 2367 1576 2431 virtutem,
1615 2362 1800 2430 Honor,
1840 2364 1926 2428 qui

239 2436 503 2502 honorem,
544 2437 843 2505 Concordia,
882 2453 1006 2503 quae
1047 2438 1376 2505 concordiam,
1414 2437 1642 2504 Victoria,
1681 2452 1804 2502 quae
1845 2435 1928 2485 dat

242 2511 511 2561 victoriam.
587 2511 684 2578 lta,
722 2513 976 2578 inquiunt,
1024 2527 1137 2561 cum
1176 2511 1402 2562 Felicitas
1443 2511 1531 2561 dea
1571 2511 1775 2577 dicitur,
1825 2524 1927 2559 non

152 2593 212 2635 30
242 2585 346 2650 ipsa
386 2600 509 2650 quae
550 2584 709 2651 datur,
748 2585 835 2636 sed
866 2599 1049 2635 numen
1089 2585 1208 2635 illud
1248 2585 1530 2636 adtenditur
1569 2600 1596 2634 a
1636 2600 1732 2651 quo
1774 2583 1924 2633 felici-

243 2664 315 2708 tas
354 2657 512 2709 datur.
