2020 3122
571 147 638 178 DE
663 146 900 179 cwrrATE
924 149 1012 181 DEI
1036 149 1077 181 L.
1100 149 1187 182 ΧΠ.
1213 149 1250 182 c.
1274 152 1306 183 s.
1669 141 1775 193 519

108 259 283 322 quippe
317 259 474 306 omnis
507 260 713 319 peccati
741 260 993 320 superbia.
1070 260 1347 310 Noluerunt
1386 278 1502 327 ergo
1543 263 1601 312 ad
1640 263 1779 313 illum

107 330 351 380 custodire
399 330 741 379 fortitudinem
789 346 949 397 suam,
997 340 1046 382 et
1096 336 1178 398 qui
1218 337 1371 400 magis
1411 343 1598 403 essent,
1653 339 1694 386 si
1734 339 1780 386 ei

106 406 191 469 qui
229 419 415 453 summe
468 409 544 452 est
590 403 935 469 adhaererent,
991 421 1042 454 se
1088 406 1158 454 illi
1196 409 1518 471 praeferendo
1560 403 1608 458 id
1649 410 1779 474 quod

103 480 264 528 minus
313 485 387 526 est
435 477 792 542 praetulerunt.
870 477 960 526 Hic
1015 481 1204 543 primus
1259 481 1481 531 defectus
1530 490 1578 532 et
1623 485 1780 547 prima

102 553 265 616 inopia
317 553 630 616 primumque
685 552 857 600 vitium
913 553 1020 600 eius
1067 559 1294 620 naturae,
1342 571 1465 618 quae
1514 558 1580 605 ita
1619 564 1782 606 creata
1814 565 1839 606 5

104 632 193 692 est,
231 631 285 674 ut
316 640 407 674 nec
434 639 622 674 summe
656 630 802 686 esset,
842 631 892 673 et
922 631 1086 674 tamen
1118 626 1177 674 ad
1209 626 1562 677 beatitudinem
1600 630 1779 678 hahen-

104 699 214 748 dam
254 714 333 765 e0,
390 700 474 762 qui
521 713 711 747 summe
753 705 850 764 est,
898 698 996 747 frui
1034 706 1224 765 posset,
1276 716 1302 748 a
1342 716 1437 764 quo
1478 717 1645 750 aversa
1683 718 1782 751 non

104 772 301 836 quidem
333 772 479 838 nulla,
519 772 602 820 sed
638 779 802 820 tamen
834 773 997 821 minus
1031 780 1161 821 esset
1193 780 1339 837 atque
1373 774 1434 822 ob
1473 775 1565 823 hoc
1605 777 1784 824 misera

102 846 255 894 fieret.
332 845 490 894 Huius
544 861 694 910 porro
748 845 901 894 malae
957 846 1220 895 voluntatis
1277 863 1423 896 causa
1478 848 1696 897 efficiens
1743 850 1786 897 si

103 926 396 986 quaeratur,
458 919 579 968 nihil
639 921 901 968 invenitur.
988 919 1114 977 Quid
1171 928 1247 969 est
1300 923 1429 970 enim
1486 922 1616 985 quod
1671 922 1785 970 facit
1817 933 1871 972 10

102 993 401 1050 voluntatem
441 993 629 1059 malam,
669 1008 781 1042 cum
820 995 925 1058 ipsa
965 993 1110 1042 faciat
1149 1010 1272 1059 opus
1311 992 1527 1044 malum?
1588 996 1655 1043 Ac
1693 1009 1783 1059 per

101 1067 195 1116 hoc
235 1067 359 1115 mala
399 1066 622 1115 voluntas
663 1067 883 1115 efficiens
923 1074 998 1116 est
1038 1070 1201 1132 operis
1241 1068 1379 1134 mali,
1428 1068 1579 1117 malae
1620 1074 1784 1117 autem

102 1140 366 1190 voluntatis
414 1141 635 1189 efficiens
681 1140 803 1189 nihil
843 1147 932 1190 est.
1011 1141 1253 1198 Quoniam
1293 1144 1334 1191 si
1373 1158 1453 1191 res
1494 1142 1655 1206 aliqua
1694 1149 1783 1207 est,

102 1220 186 1263 aut
232 1213 381 1263 habet
428 1221 510 1263 aut
557 1230 657 1263 non
705 1214 855 1264 habet
901 1214 1112 1279 aliquam
1160 1215 1483 1281 voluntatem3
1531 1217 1572 1264 si
1622 1215 1783 1280 habet,

102 1294 186 1337 aut
223 1287 402 1337 bonam
441 1289 666 1352 profecto
707 1287 855 1337 habet
895 1296 978 1338 aut
1016 1289 1215 1355 malam3
1256 1291 1297 1338 si
1336 1289 1528 1355 bonam,
1570 1291 1678 1353 quis
1717 1290 1783 1337 ita
1818 1297 1870 1338 15

102 1361 331 1427 desipiat,
385 1368 440 1410 ut
494 1362 624 1410 dicat
670 1362 800 1426 quod
850 1362 980 1411 bona
1029 1363 1253 1412 voluntas
1302 1363 1446 1412 faciat
1485 1362 1786 1411 voluntatem

100 1432 313 1484 malam?
350 1434 460 1484 Erit
492 1437 638 1501 enim,
679 1437 720 1484 si
751 1438 818 1485 ita
851 1443 941 1503 est,
981 1436 1110 1485 bona
1140 1437 1366 1486 voluntas
1398 1451 1543 1485 causa
1581 1437 1785 1501 peccati,

102 1524 198 1573 quo
253 1508 515 1558 absurdius
568 1511 732 1573 putari
786 1510 907 1558 nihil
959 1516 1136 1575 potest.
1228 1511 1279 1559 Si
1327 1516 1490 1560 autem
1545 1525 1625 1558 res
1679 1511 1785 1573 ista,

102 1598 226 1647 quae
287 1588 492 1647 putatur
560 1583 723 1631 facere
785 1583 1087 1633 voluntatem
1148 1584 1352 1651 malam,
1421 1586 1527 1648 ipsa
1589 1591 1783 1647 quoque

101 1656 249 1705 habet
310 1656 611 1705 voluntatem
672 1656 874 1724 malam,
936 1660 1083 1706 etiam
1139 1673 1245 1706 eam
1300 1673 1424 1722 quae
1479 1657 1653 1706 fecerit
1706 1670 1787 1704 res
1819 1665 1874 1705 20

103 1736 466 1794 consequenter
511 1732 791 1796 interrogO,
848 1738 994 1795 atque
1042 1734 1134 1799 ita,
1184 1738 1240 1780 ut
1290 1733 1354 1780 sit
1403 1730 1577 1794 aliquis
1627 1730 1786 1793 inqui-

101 1804 244 1853 rendi
297 1803 494 1870 modus,
552 1819 748 1853 causam
808 1807 995 1869 primae
1049 1805 1202 1854 malae
1227 1799 1231 1802 ’
1257 1805 1522 1854 voluntatis
1576 1803 1787 1866 inquiro,

101 1877 210 1926 Non
259 1883 335 1926 est
382 1878 514 1925 enim
559 1879 716 1942 prima
764 1878 989 1928 voluntas
1029 1879 1174 1945 mala,
1223 1894 1369 1943 quam
1409 1878 1526 1926 fecit
1564 1876 1787 1925 voluntas

100 1951 246 2016 mala3
287 1950 371 1999 sed
405 1950 486 1999 illa
515 1953 674 2015 prima
714 1959 803 2018 est,
843 1968 990 2016 quam
1029 1953 1162 2001 nulla
1200 1953 1330 2001 fecit.
1407 1951 1531 1999 Nam
1570 1951 1610 1998 si
1648 1963 1786 2014 prae-

102 2027 253 2074 cessit
295 2039 322 2072 a
362 2039 458 2088 qua
496 2024 653 2091 fieret,
692 2025 773 2074 illa
811 2029 950 2090 prior
989 2033 1078 2092 est,
1118 2041 1242 2090 quae
1285 2025 1486 2074 alteram
1528 2024 1657 2072 fecit.
1736 2021 1788 2070 Si
1820 2030 1874 2071 25

101 2097 433 2163 respondetur
489 2098 619 2162 quod
675 2114 782 2148 eam
829 2100 961 2149 nulla
1007 2115 1088 2149 res
1140 2101 1315 2148 fecerit
1356 2105 1405 2148 et
1442 2098 1553 2147 ideo
1594 2110 1789 2160 semper

102 2172 274 2221 fuerit:
315 2186 499 2235 quaero
532 2178 701 2221 utrum
733 2175 785 2221 in
818 2173 977 2238 aliqua
1017 2180 1192 2222 natura
1232 2174 1398 2222 fuerit.
1477 2171 1529 2220 Si
1569 2172 1700 2219 enim
1737 2170 1788 2216 in

102 2245 235 2294 nulla
281 2246 395 2311 suit,
443 2247 643 2294 omnino
691 2262 791 2295 non
832 2248 946 2313 fuit3
994 2249 1036 2296 si
1076 2254 1238 2296 autem
1277 2248 1328 2295 in
1369 2245 1551 2310 aliqua,
1590 2241 1789 2292 vitiabat

102 2334 210 2368 eam
248 2325 299 2367 et
338 2319 687 2383 corrumpebat
733 2327 936 2384 eratque
977 2321 1046 2369 illi
1085 2322 1228 2369 noxia
1280 2335 1334 2368 ac
1390 2334 1479 2383 per
1526 2318 1619 2366 hoc
1658 2316 1786 2363 bono

102 2392 336 2457 privabat.
413 2391 477 2441 Et
507 2392 618 2441 ideo
651 2395 702 2441 in
734 2394 857 2442 mala
899 2402 1074 2443 natura
1114 2394 1338 2442 voluntas
1378 2391 1500 2440 mala
1542 2405 1648 2439 esse
1688 2402 1786 2435 non
1819 2397 1875 2436 30

101 2472 310 2532 poterat,
351 2465 437 2514 sed
469 2467 520 2514 in
552 2466 695 2533 bona,
734 2467 958 2516 mutabili
997 2475 1175 2533 tamen,
1216 2469 1297 2516 cui
1335 2467 1507 2514 vitium
1545 2463 1638 2511 hoc
1675 2475 1785 2525 pos-

104 2546 179 2588 set
216 2554 412 2588 nocere.
492 2539 543 2587 Si
584 2542 716 2588 enim
755 2556 854 2589 non
895 2543 1078 2604 nocuit,
1119 2556 1218 2589 non
1259 2541 1430 2602 utique
1470 2537 1641 2584 vitium
1681 2534 1787 2599 fuit,

106 2627 160 2661 ac
198 2628 289 2677 per
328 2612 422 2661 hoc
462 2628 553 2661 nec
594 2613 718 2662 mala
767 2614 988 2663 voluntas
1028 2615 1179 2663 fuisse
1222 2611 1428 2661 dicenda
1468 2615 1556 2658 est.
1632 2606 1786 2655 Porro

224 2741 267 2794 1>
299 2737 440 2782 Eecli.
475 2744 544 2794 10,
579 2745 645 2786 13.
711 2742 755 2797 2>
787 2740 861 2784 ΡΒ.
895 2745 966 2795 58,
1003 2745 1068 2785 10.

221 2877 274 2915 21
308 2871 377 2915 ita
415 2869 484 2924 V,·
515 2884 597 2915 om.
629 2885 654 2914 υ
