2020 3122
552 148 618 180 DE
643 147 881 180 cmTATE
904 148 993 180 Dm
1016 150 1057 181 L.
1082 151 1188 182 vm.
1214 150 1250 183 c.
1275 152 1306 184 e.
1332 152 1364 184 ⁷.
1694 138 1799 191 331

111 260 250 309 docti
299 266 349 308 et
393 260 445 308 in
490 258 568 307 his
615 260 870 308 exercitati
914 259 1138 310 homines
1179 262 1318 311 facile
1359 263 1662 327 collegerunt
1700 278 1800 311 non

118 349 227 383 esse
282 335 333 381 in
388 334 459 381 eis
513 331 665 381 rebus
718 333 925 397 primam
973 335 1213 399 speciem,
1264 335 1350 385 ubi
1396 336 1643 386 mutabilis
1691 351 1799 385 esse

122 408 445 456 convincitur.
523 405 647 455 Cum
693 407 845 470 igitur
891 408 942 454 in
990 421 1161 456 eorum
1207 418 1476 474 conspectu
1524 418 1573 458 et
1620 425 1799 474 corpus

123 487 172 530 et
203 482 396 529 animus
421 481 573 544 magis
597 481 860 543 minusque
902 481 1124 543 speciosa
1163 490 1343 546 essent,
1383 485 1426 531 si
1465 490 1629 532 autem
1668 485 1801 532 omni

28 582 38 589 -
110 555 280 618 specie
321 568 490 602 carere
530 560 750 619 possent,
788 554 987 601 omnino
1028 553 1158 602 nulla
1200 563 1386 604 essent:
1424 556 1652 605 viderunt
1692 571 1799 605 esse

117 627 301 691 aliquid
339 626 426 676 ubi
472 628 629 691 prima
677 633 809 675 esset
847 626 1261 676 incommutabilis
1302 634 1352 676 et
1390 628 1499 677 ideo
1539 645 1629 678 nec
1670 645 1798 678 com-

115 699 369 766 parabilis3
409 706 553 765 atque
586 699 656 749 ibi
689 715 796 749 esse
837 715 1005 749 rerum
1044 702 1343 765 principium
1383 704 1655 750 rectissime
1697 718 1800 751 cre-

118 774 377 840 diderunt,
428 774 556 838 quod
598 774 780 823 sactum
819 789 918 822 non
959 780 1090 823 esset
1137 780 1186 823 et
1225 790 1285 823 ex
1326 790 1421 839 quo
1462 776 1587 824 facta
1627 783 1802 824 cuncta

121 855 300 897 essent.
377 847 449 896 Ita
496 847 626 912 quod
676 853 850 896 notum
903 855 978 896 est
1026 847 1139 914 Dei,
1191 849 1517 898 manifestavit
1566 850 1636 898 eis
1683 851 1802 914 ipse,

120 937 234 971 cum
274 920 333 970 ab
366 923 437 970 eis
475 920 735 970 invisibilia
777 923 884 970 eius
923 936 1012 986 per
1053 937 1122 988 ea7
1163 937 1285 986 quae
1327 923 1452 971 sacta
1492 930 1621 988 sunt,
1662 922 1800 971 intel-

119 995 245 1044 lecta
298 1002 562 1060 conspecta
612 1001 748 1061 sunt3
800 996 1101 1060 sempiterna
1152 1011 1347 1060 quoque
1396 998 1552 1045 virtus
1600 998 1706 1045 eius
1753 1003 1802 1045 et

115 1069 368 1134 divinitas3
408 1084 435 1117 a
468 1084 564 1133 quo
591 1070 737 1118 etiam
768 1067 974 1119 visibilia
1010 1076 1058 1118 et
1096 1070 1384 1134 temporalia
1423 1076 1611 1138 cuncta·
1639 1076 1802 1118 creata

110 1149 247 1192 sunt.
324 1142 454 1192 Haec
487 1142 546 1191 de
579 1142 659 1191 illa
697 1151 860 1209 parte,
907 1157 1053 1207 quam
1091 1143 1364 1209 physicam,
1405 1144 1453 1192 id
1493 1150 1567 1192 est
1607 1150 1799 1193 natura-

117 1215 231 1282 lem,
270 1223 572 1283 nuncupant,
611 1217 740 1266 dicta
780 1218 892 1266 sint.

780 1373 977 1429 CAPUT
1017 1375 1136 1429 VH.

121 1467 318 1526 Quanto
366 1469 750 1517 excellentiores
797 1470 980 1518 ceteris
1027 1471 1079 1517 in
1118 1471 1307 1530 loqz‘ca,
1357 1470 1413 1517 id
1449 1473 1522 1517 est
1558 1469 1802 1516 rationali

435 1543 769 1604 philosophia,
810 1543 1067 1591 Platonici
1102 1545 1203 1591 sint
1239 1544 1472 1591 habendi.

262 1626 404 1684 Quod
444 1634 609 1677 autem
648 1627 833 1678 adtinet
872 1629 931 1677 ad
971 1628 1259 1693 doctrinam,
1299 1629 1384 1678 ubi
1423 1637 1647 1678 versatur
1685 1644 1798 1692 pars

114 1701 284 1766 altera,
324 1716 447 1765 quae
487 1701 547 1749 ab
581 1703 652 1750 eis
691 1701 862 1768 logica,
900 1702 950 1751 id
991 1709 1066 1751 est
1105 1703 1370 1767 rationaliS‚
1408 1710 1633 1751 vocatur:
1673 1701 1798 1750 absit

112 1782 169 1824 ut
208 1774 284 1823 his
318 1775 633 1840 comparandi
664 1775 937 1841 videantur,
977 1778 1063 1840 qui
1092 1783 1369 1840 posuerunt
1398 1776 1635 1824 iudicium
1674 1777 1797 1823 veri-

114 1850 228 1898 tatis
274 1851 326 1896 in
373 1848 602 1898 sensibus
649 1851 874 1913 corporis
921 1864 1192 1913 eorumque
1240 1850 1402 1898 infidis
1449 1856 1498 1897 et
1548 1847 1798 1897 fallacibus

114 1921 298 1986 regulis
338 1924 522 1988 omnia,
563 1937 686 1986 quae
727 1923 1008 1987 discuntur,
1049 1922 1294 1971 metienda
1334 1938 1440 1971 esse
1482 1929 1799 1987 censuerunt,

117 2002 173 2044 ut
211 1994 446 2059 Epicurei
485 2002 535 2044 et
574 1998 872 2060 quicumque
913 1995 994 2044 alii
1033 1995 1175 2062 taleS‚
1214 2003 1270 2045 ut
1310 1998 1456 2045 etiam
1496 1998 1590 2060 ipsi
1631 1994 1799 2061 Stoici,

111 2069 336 2133 quicum
360 2068 679 2118 vehementer
711 2071 978 2118 amaverint
1011 2069 1279 2119 sollertiam
1317 2069 1614 2134 disputandi,
1653 2083 1799 2133 quam

1838 935 1890 974 10

1835 1388 1887 1429 15

1831 1785 1888 1827 20

110 2141 419 2191 dialecticam
458 2144 735 2209 nominant,
781 2158 808 2191 a
848 2145 1070 2208 corporis
1111 2143 1339 2193 sensibus
1379 2158 1486 2192 eam
1526 2142 1799 2192 ducendam
1829 2151 1885 2192 25

112 2222 377 2281 putarunt,
426 2215 542 2264 hinc
597 2223 934 2266 asseverantes
982 2219 1199 2266 animum
1246 2218 1506 2281 concipere
1555 2218 1796 2282 notioneS‚

111 2303 235 2353 quas
284 2288 529 2354 appellant
575 2288 790 2356 ἐννοίας,
839 2306 1009 2340 earum
1059 2306 1229 2340 rerum
1275 2290 1464 2340 scilicet
1510 2305 1630 2354 quas
1681 2289 1795 2338 defi·

115 2361 296 2411 niendo
344 2362 610 2429 explicant3
656 2363 771 2412 hinc
816 2366 1078 2429 propagari
1117 2371 1261 2429 atque
1304 2365 1497 2414 conecti
1536 2369 1687 2412 totam
1726 2362 1795 2410 di-

111 2435 284 2485 scendi
323 2436 629 2502 docendique
670 2439 925 2486 rationem.
1002 2437 1095 2486 Ubi
1135 2454 1224 2503 ego
1265 2438 1474 2488 multum
1513 2437 1681 2485 mirari
1720 2451 1792 2483 so-

112 2507 211 2575 len,
251 2525 362 2559 cum
402 2510 636 2575 pulchros
677 2510 840 2560 dicant
879 2527 977 2560 non
1018 2526 1127 2560 esse
1168 2514 1262 2561 nisi
1301 2514 1567 2576 sapienteS‚
1615 2507 1793 2572 quibus
1827 2517 1883 2557 30

231 2625 302 2679 12)
333 2623 468 2667 Rom.
502 2628 542 2679 1,
576 2628 630 2667 19
664 2638 729 2679 sq.

233 2759 284 2798 12
317 2755 573 2800 inuisibilia
606 2756 644 2801 0
678 2759 693 2813 ΙΙ
731 2761 786 2800 27
820 2770 1018 2801 ennoeas
1050 2755 1223 2807 AKR·
1255 2756 1442 2809 itemque
1473 2753 1591 2796 alias
1621 2764 1793 2807 quoque

109 2825 254 2870 Prope
283 2827 601 2871 usquequaque
631 2816 757 2860 codd.
789 2817 937 2859 nostri
966 2815 1186 2859 voeabula
1211 2813 1388 2857 Graeca
1412 2811 1599 2855 Latinis
1630 2810 1792 2854 litteris

106 2873 282 2929 scripta
311 2873 519 2918 exhibent
