2020 3122
576 149 642 181 DE
667 148 904 181 cwrrA'rE
928 150 1016 182 Dm
1040 150 1081 182 L.
1107 151 1214 183 xm.
1242 150 1279 183 c.
1306 153 1358 183 24.
1706 141 1814 194 593

135 259 406 311 videantur.
471 260 566 309 Sed
601 275 700 309 non
731 262 797 309 ita
830 261 1028 328 factum,
1061 261 1254 326 quando
1287 269 1363 311 est
1395 263 1622 312 conditus
1654 264 1815 330 home,

62 349 64 353 ’
134 337 252 384 satis
297 336 403 399 ipsa
448 333 561 382 libri
608 333 756 382 verba
802 341 1071 401 testantur,
1118 350 1241 400 quae
1289 337 1356 384 ita
1402 351 1455 385 se
1506 336 1710 386 habent:
1751 339 1817 386 Et

128 407 372 469 formavit
408 409 544 458 Deus
590 409 836 456 hominem
877 411 1135 470 pulverem
1183 411 1245 459 de
1291 416 1448 460 terra.
1528 409 1669 468 Quod
1710 413 1814 475 qui-

132 482 242 531 dam
280 481 473 546 planius
518 481 945 545 interpretandum
990 488 1221 545 putantes
1260 482 1512 534 dixerunt:
1560 485 1627 533 Et
1658 487 1816 544 finxit

134 556 270 605 Deus
308 557 554 605 hominem
594 557 657 604 de
695 557 809 621 limo
850 561 1046 616 terrae,
1089 557 1319 619 quoniam
1359 558 1588 623 superius
1628 558 1814 607 dictum
1847 566 1872 606 5

133 629 315 679 suerat:
370 630 502 678 Fons
556 634 722 678 autem
785 630 1092 679 ascendebat
1141 632 1204 678 de
1257 636 1400 679 terra
1455 637 1503 680 et
1556 633 1818 692 inriqabat

133 717 323 752 omnem
357 702 547 764 faciem
586 709 787 759 tcrrae;
833 710 889 751 ut
935 718 995 751 ex
1031 702 1126 751 hoc
1165 702 1312 751 limus
1351 702 1709 768 intellegendus
1749 707 1814 752 vi·

133 776 351 842 deretur,
390 791 563 825 umore
589 775 776 825 scilicet
814 783 1044 841 terraque
1078 783 1355 825 concretus,
1432 775 1527 825 Ubi
1559 780 1688 826 enim
1721 777 1816 826 hoc

131 849 319 899 dictum
351 857 441 916 est,
481 851 716 899 continuo
749 851 998 914 sequitur:
1038 851 1105 898 Et
1129 849 1373 911 formavit
1403 851 1540 900 Deus
1570 853 1815 900 hominem

126 927 385 986 pulverem
425 926 488 974 de
528 930 692 988 terra,
732 925 862 973 sicut
900 923 1074 972 Graeci
1113 923 1309 972 codices
1348 923 1552 990 habent,
1592 924 1722 973 unde
1763 926 1814 973 in
1849 934 1902 974 10

131 996 353 1046 Latinam
390 995 607 1062 linguam
639 998 884 1062 scriptura
924 999 1016 1046 ista
1055 1013 1291 1046 conversa
1332 1005 1420 1047 est.
1499 997 1610 1046 Sive
1651 1005 1817 1048 autem

126 1070 370 1132 formavit
406 1073 508 1120 sive
535 1074 691 1131 finxit
730 1073 839 1135 quis
881 1070 1044 1119 dicere
1085 1070 1309 1137 voluerit,
1349 1071 1479 1135 quod
1521 1071 1704 1120 Graece
1745 1072 1815 1120 di-

133 1146 262 1193 citur
309 1143 541 1210 ἔπλασεν,
592 1145 650 1193 ad
698 1160 803 1193 rem
852 1144 973 1193 nihil
1019 1146 1251 1210 interest3
1307 1147 1460 1209 magis
1500 1153 1663 1194 tamen
1702 1161 1814 1210 pro-

131 1219 237 1282 prie
270 1217 451 1267 dicitur
478 1221 646 1278 finxit.
726 1218 821 1267 Sed
855 1217 1145 1283 ambiguitas
1180 1219 1279 1267 visa
1318 1227 1394 1267 est
1433 1218 1689 1267 devitanda
1729 1221 1815 1285 eiS‚

133 1292 217 1355 qui
252 1291 496 1353 formavit
535 1292 700 1340 dicere
739 1292 1042 1356 maluerunt,
1082 1307 1140 1340 eo
1183 1291 1312 1355 quod
1351 1294 1402 1340 in
1442 1291 1610 1342 Latina
1651 1291 1814 1357 lingua
1849 1302 1903 1342 15

130 1365 248 1414 illud
298 1367 449 1430 magis
498 1365 712 1414 obtinuit
756 1365 1086 1431 consuetud0‚
1131 1372 1188 1414 ut
1233 1365 1306 1426 hi,
1339 1365 1568 1414 dicantur
1613 1366 1814 1432 fingere,

131 1440 216 1502 qui
255 1438 436 1503 aliquid
485 1439 741 1488 mendacio
788 1438 1046 1488 simulante
1087 1447 1404 1503 componunt.
1481 1439 1624 1488 Hunc
1662 1441 1815 1504 igitur

131 1512 393 1567 formatum
426 1512 674 1562 hominem
707 1512 767 1561 de
800 1520 962 1562 terrae
995 1511 1195 1577 pulvere
1230 1515 1330 1562 sive
1362 1513 1478 1561 limo
1511 1507 1643 1580 (erat
1683 1515 1814 1562 enim

130 1585 288 1650 pulvis
312 1581 564 1652 umectus)
584 1614 654 1621 ———
681 1586 828 1652 hunc,
860 1588 1075 1652 inquam,
1100 1593 1154 1635 ut
1179 1587 1462 1651 expressius
1487 1586 1659 1647 dicam,
1685 1588 1814 1636 sicut

131 1661 376 1724 scriptura
422 1659 585 1710 locuta
633 1667 730 1726 est,
765 1663 1029 1722 pulverem
1070 1662 1132 1708 de
1172 1666 1315 1709 terra
1369 1659 1573 1708 animale
1630 1675 1811 1725 corpus
1846 1670 1902 1710 20

130 1733 314 1782 sactum
362 1749 470 1783 esse
519 1733 664 1782 docet
713 1733 985 1798 apostoluS,
1040 1748 1153 1781 cum
1201 1735 1412 1782 animam
1460 1735 1670 1798 accepit:
1715 1735 1814 1795 „Et

128 1806 302 1867 sactus
350 1814 422 1856 est
468 1810 562 1855 iste
610 1809 753 1856 homo
804 1809 855 1855 in
896 1809 1117 1856 animam
1155 1807 1448 1867 viventem“‚
1488 1807 1536 1855 id
1578 1815 1674 1874 est,
1714 1808 1810 1856 for·

129 1887 289 1928 matus
329 1882 421 1928 iste
460 1879 620 1944 pulvis
661 1881 818 1929 factus
858 1886 934 1929 est
972 1881 1022 1928 in
1063 1882 1272 1930 animam
1311 1883 1568 1930 viventem.

278 1953 400 2019 Iam,
439 1954 700 2020 inquiunt5
734 1953 942 2003 habebat
981 1955 1213 2020 animam,
1251 1953 1467 2019 alioquin
1508 1970 1606 2003 non
1647 1954 1809 2020 appel-

130 2025 316 2075 laretur
362 2025 534 2093 home,
582 2029 813 2091 quoniam
859 2026 1006 2076 homo
1053 2043 1154 2076 non
1200 2035 1276 2077 est
1314 2043 1496 2094 corpus
1537 2028 1695 2085 solum
1735 2028 1810 2077 vel
1843 2038 1898 2077 25

117 2101 286 2148 anima
334 2100 457 2166 sola,
507 2100 593 2150 sed
643 2102 727 2165 qui
774 2109 824 2150 et
868 2102 1028 2150 anima
1075 2108 1268 2150 constat
1317 2108 1366 2150 et
1405 2106 1628 2166 corpore.
1705 2101 1810 2150 Hoc

129 2173 329 2236 quidem
362 2189 532 2223 verum
566 2181 655 2240 est,
694 2174 826 2239 quod
858 2190 956 2224 non
990 2181 1122 2224 totus
1154 2174 1316 2241 home,
1356 2175 1442 2225 sed
1481 2191 1596 2240 pars
1635 2175 1810 2224 melior

128 2246 339 2296 hominis
386 2250 545 2297 anima
593 2256 690 2314 θεὶς
737 2263 828 2297 nec
869 2254 1002 2297 totus
1041 2248 1186 2297 homo
1227 2264 1432 2315 corpuS‚
1479 2249 1563 2298 sed
1602 2250 1808 2298 inferior

127 2319 338 2369 hominis
377 2337 490 2385 pars
531 2329 627 2387 est3
674 2321 759 2370 sed
808 2337 921 2370 cum
961 2329 1036 2371 est
1075 2329 1343 2388 utrumque
1383 2325 1702 2372 coniunctum
1742 2323 1804 2370 si-

126 2393 249 2458 mul,
297 2393 443 2444 habet
488 2395 700 2445 hominis
747 2410 949 2460 nomen3
1005 2396 1136 2460 quod
1184 2403 1348 2446 tamen
1388 2403 1437 2445 et
1476 2395 1665 2459 singula
1705 2410 1803 2444 non
1837 2404 1894 2444 30

126 2467 380 2532 amittunt,
436 2470 583 2517 etiam
637 2484 749 2519 cum
796 2468 855 2518 de
903 2469 1110 2533 singulis
1157 2469 1420 2534 loquimur.
1507 2468 1628 2525 Quis
1676 2469 1806 2516 enim

126 2539 291 2589 dicere
330 2541 622 2605 prohibetur
662 2543 895 2591 cotidiani
934 2543 1142 2606 quadam
1183 2543 1288 2608 lege
1330 2543 1593 2591 sermonis:
1648 2541 1805 2589 Homo

246 2667 287 2722 7)
321 2668 431 2712 Gen.
467 2674 506 2724 2,
541 2674 587 2724 ⁷3
622 2676 662 2714 6.

247 2818 269 2856 7
303 2814 591 2870 superficiem
622 2817 668 2859 A
713 2818 728 2873 ΙΙ
773 2821 829 2861 22
862 2816 949 2861 iste
982 2830 1064 2861 om.
1097 2818 1140 2859 A
1187 2819 1202 2871 ΙΙ
1249 2819 1303 2859 26
1337 2816 1385 2858 et
1413 2815 1567 2858 anima
1609 2814 1716 2867 VA,·
1748 2829 1802 2858 ex

119 2884 190 2916 an.
227 2885 249 2915 υ

214 2963 307 2986 Am.
332 2963 384 2986 nxz
411 2963 488 2987 clv.
516 2963 595 2986 nm.
620 2956 650 2986 Ι.
1398 2951 1451 2990 38
