2020 3122
546 163 612 195 DE
638 161 879 196 CIVITATE
903 164 992 195 Dm
1016 165 1057 196 L.
1083 164 1133 196 11.
1158 163 1196 196 c.
1226 166 1277 196 11.
1689 156 1759 208 65

77 277 180 327 suis
219 277 367 326 etiam
414 276 484 324 sic
531 274 832 324 consimilari
880 274 1191 341 adpetenteS,
1237 276 1313 325 vel
1353 284 1651 345 metuenteS,
1698 295 1758 328 ne

77 350 412 400 honestiorem
458 348 638 398 famam
682 349 779 412 ipsi
824 348 1124 412 requirendo
1174 356 1222 398 et
1270 352 1341 399 eis
1389 366 1441 399 se
1481 351 1575 400 hoc
1614 352 1758 402 modo

76 421 400 488 praeferendo
439 421 549 471 illos
589 423 648 472 ad
687 422 991 471 iracundiam
1030 431 1369 487 provocarent.

758 579 954 634 CAPUT
986 569 1081 634 XL

74 689 150 739 De
187 691 439 739 scaenicis
487 690 628 751 apud
669 689 893 738 Graecos
940 691 991 738 in
1036 691 1118 738 rez‘
1157 689 1395 751 publicae
1436 692 1757 741 administra-

147 765 330 812 tionem
369 764 607 825 receptz‘s‘,
658 777 714 812 eo
754 764 892 824 quod
922 766 1214 825 placatores
1255 765 1463 813 deorum
1505 767 1687 815 iniuste

515 837 578 886 ab
618 838 900 886 hominibus
938 842 1318 899 spernerentur.

222 938 299 988 Ad
333 939 459 989 hanc
499 941 890 989 convenientiam
928 942 1167 1005 pertinet,
1215 940 1348 1005 quod
1387 942 1534 990 etiam
1574 944 1759 991 scaeni-

74 1029 158 1063 cos
190 1019 383 1063 actores
409 1013 678 1063 earundem
710 1012 985 1063 fabularum
1018 1029 1118 1062 non
1148 1029 1298 1078 parvo
1331 1016 1540 1064 civitatis
1571 1015 1758 1064 honore

73 1087 246 1152 dignos
278 1089 637 1154 existimarunt,
677 1089 718 1137 si
751 1088 967 1154 quidem,
1005 1088 1136 1152 quod
1176 1090 1224 1137 in
1267 1103 1325 1137 eo
1367 1103 1563 1152 quoque
1604 1088 1663 1138 de
1705 1105 1758 1138 re

71 1160 268 1226 publica
312 1160 439 1210 libro
488 1167 923 1227 commemoratur,
978 1161 1248 1211 Aeschines
1294 1161 1607 1211 Atheniensis
1618 1202 1631 1228 ,
1686 1165 1760 1211 vir

75 1235 539 1301 eloquentissimuS,
602 1250 718 1284 cum
772 1235 1062 1284 adulescens
1117 1234 1394 1299 tragoedias
1448 1237 1761 1302 actitavisset,

74 1323 182 1358 rem
227 1307 476 1374 publicam
531 1310 790 1374 capessivit
839 1315 887 1357 et
924 1307 1314 1375 Aristodemum,
1362 1311 1603 1373 tragicum
1641 1311 1760 1359 item

75 1388 308 1450 actorem,
347 1383 570 1432 maximis
603 1382 662 1432 de
696 1381 847 1432 rebus
878 1384 1014 1447 pacis
1054 1397 1109 1431 ac
1148 1382 1265 1431 belli
1303 1382 1518 1447 legatum
1557 1383 1615 1432 ad
1646 1383 1758 1432 Phi-

71 1456 260 1522 lippum
306 1455 634 1506 Athenienses
681 1471 826 1521 saepe
874 1458 1132 1505 miserunt.
1217 1456 1326 1505 Non
1374 1458 1506 1506 enim
1553 1472 1757 1506 consen-

73 1537 272 1580 taneum
298 1529 578 1597 putabatur,
618 1545 731 1580 cum
764 1530 961 1580 easdem
992 1536 1124 1579 artes
1164 1530 1462 1594 eosdemque
1505 1532 1758 1580 scaenicos

71 1603 214 1654 ludos
262 1605 408 1653 etiam
455 1603 549 1653 diis
596 1606 699 1654 suis
746 1611 975 1669 acceptos
1022 1604 1268 1670 viderent,
1316 1604 1446 1670 illos,
1492 1620 1583 1669 per
1635 1620 1759 1669 quos

73 1683 364 1744 agerentur,
427 1678 684 1728 infamium
737 1678 845 1727 loco
902 1693 958 1727 ac
1011 1693 1219 1726 numero
1283 1678 1534 1742 deputare.
1628 1678 1758 1728 Haec

73 1750 247 1800 Graeci
292 1753 507 1817 turpiter
555 1752 778 1819 quidem,
826 1752 913 1801 sed
961 1766 1077 1801 sane
1126 1751 1219 1800 diis
1259 1753 1361 1800 suis
1402 1754 1600 1800 omnino
1642 1767 1756 1801 con·

71 1832 329 1892 gruenter,
376 1827 462 1890 qui
507 1841 599 1875 nec
646 1828 794 1876 vitam
840 1827 1020 1876 civium
1066 1825 1374 1875 lacerandam
1423 1825 1603 1890 linguis
1642 1841 1755 1890 poe-

63 1906 236 1948 tarum
268 1905 317 1948 et
347 1898 647 1949 histrionum
679 1899 972 1949 subtrahere
1006 1901 1113 1948 ausi
1146 1905 1277 1965 sunt,
1317 1915 1343 1948 a
1375 1898 1555 1962 quibus
1588 1914 1757 1948 cerne·

74 1971 192 2022 bant
230 1972 438 2022 deorum
483 1975 632 2024 vitam
679 1974 867 2022 eisdem
905 1975 1025 2038 ipsis
1066 1973 1158 2022 diis
1198 1972 1476 2022 volentibus
1517 1979 1566 2021 et
1604 1972 1756 2022 liben-

74 2044 206 2096 tibus
255 2048 412 2112 carpi,
467 2054 518 2096 et
562 2048 695 2113 ipsos
741 2047 989 2114 homineS,
1036 2062 1127 2111 per
1167 2061 1290 2111 quos
1329 2048 1424 2095 ista
1462 2048 1513 2095 in
1553 2046 1757 2095 theatris

73 2119 356 2187 agebantur,
397 2135 520 2185 quae
546 2119 832 2171 numinibus
865 2120 1044 2186 quibus
1078 2119 1262 2170 subditi
1295 2127 1435 2170 erant
1473 2127 1608 2186 grata
1649 2135 1755 2169 esse

72 2200 424 2260 cognoverant,
478 2210 578 2244 non
633 2194 791 2244 solum
846 2196 1046 2243 minime
1096 2194 1400 2260 spernendos
1447 2196 1498 2243 in
1547 2195 1756 2260 civitate,

71 2281 242 2317 verum
289 2269 437 2317 etiam
483 2270 691 2318 maxime
737 2268 1050 2318 honorandos
1106 2275 1360 2333 putarunt.
1445 2267 1570 2326 Quid
1626 2269 1756 2316 enim

73 2354 246 2390 causae
285 2343 507 2407 reperire
545 2349 771 2410 possent,
820 2358 910 2392 cur
949 2342 1230 2392 sacerdotes
1269 2341 1592 2408 honorarent,
1642 2342 1755 2405 quia

72 2428 161 2479 per
200 2429 285 2464 eos
323 2417 546 2466 victimas
586 2416 678 2466 diis
718 2415 1044 2482 acceptabiles
1084 2415 1377 2482 offerebant,
1417 2422 1466 2464 et
1506 2416 1755 2464 scaenicos

24 2535 30 2540 .
72 2486 338 2551 probrosos
376 2489 644 2556 haberent,
698 2505 789 2556 per
830 2505 954 2555 quos
1000 2490 1132 2539 illam
1178 2489 1477 2554 voluptatem
1530 2488 1623 2537 diis
1662 2486 1754 2536 sibi

74 2558 312 2612 honorem
365 2563 588 2613 exhiberi
638 2564 924 2629 petentibus
972 2571 1042 2630 et,
1091 2565 1184 2612 nisi
1224 2564 1387 2628 fieret,
1427 2560 1752 2611 irascentibus

192 2705 262 2759 11)
296 2704 343 2748 C.
379 2710 446 2748 11.

75 2892 140 2937 dii
192 2837 375 2938 {K9Fdiis
419 2837 509 2882 sibi
548 2838 772 2883 honorem
805 2837 898 2890 A1,·
941 2838 981 2882 d.
1017 2853 1049 2882 s.
1082 2838 1160 2881 uel
1190 2838 1234 2880 h.
1268 2835 1358 2887 A²;
1401 2834 1497 2878 siue
1531 2834 1753 2877 honorem

143 2907 164 2938 s
290 2910 316 2940 v

164 2983 259 3010 Aoo.
283 2986 334 3009 m:
361 2986 439 3011 σιτ.
467 2986 546 3010 Dm.
580 2979 611 3012 Ι.
1373 2972 1397 3010 5

1793 699 1816 739 5

1796 1099 1848 1137 10

1795 1466 1846 1504 15

1790 1834 1845 1873 20

1789 2203 1843 2241 25

1786 2570 1844 2608 30
