2020 3122
255 103 364 155 574
930 113 966 147 s,
991 113 1265 147 AUGUSTINI

254 229 395 276 ficata
446 234 520 276 est
560 225 723 275 verbis
776 228 910 292 eius,
962 225 1155 291 quando
1197 228 1372 274 timore
1422 225 1638 273 dementi
1679 241 1786 274 sese
1827 226 1933 277 abs-

255 301 488 349 condenti
526 300 712 348 homini
752 299 895 348 dixit:
951 302 1138 359 Adam,
1189 301 1278 348 ubi
1315 301 1399 348 es?
1446 313 1546 347 non
1586 300 1757 363 utique
1796 301 1933 364 igno-

253 374 406 423 rando
448 389 716 439 quaerens,
756 372 842 422 sed
881 372 1181 438 increpando
1222 372 1514 437 admonenS,
1553 379 1609 420 ut
1647 372 1939 423 adtenderet

255 446 341 495 ubi
398 454 557 513 esset,
611 449 662 495 in
719 462 814 511 quo
855 445 986 495 Deus
1037 461 1137 495 non
1189 453 1335 495 esset.
1413 444 1535 494 Cum
1585 461 1701 494 vero
1753 462 1937 511 corpus

198 530 223 568 5
257 522 415 569 anima
468 522 573 585 ipsa
621 521 840 569 deseruit
888 525 1044 568 aetate
1093 526 1382 584 corruptum
1430 525 1478 567 et
1525 525 1780 568 senectute
1820 535 1934 570 eon-

259 594 458 660 fectum,
498 595 632 643 venit
669 595 720 642 in
761 596 1153 658 experimentum
1193 608 1326 640 mors
1365 592 1531 657 altera,
1571 591 1629 640 de
1671 608 1767 656 qua
1804 592 1936 643 Deus

256 674 517 731 peccatum
555 667 714 716 adhue
760 670 973 732 puniens
1011 666 1199 715 homini
1239 666 1449 714 dixerat:
1506 666 1665 714 Terra
1706 681 1757 715 es
1797 672 1847 716 et
1884 669 1935 716 in

255 748 447 790 terram
488 743 612 799 ibis;
658 748 714 790 ut
753 756 811 789 ex
851 740 928 788 bis
969 739 1158 788 duabus
1198 754 1331 787 mors
1370 739 1449 787 illa
1487 740 1660 804 prima,
1699 755 1822 803 quae
1862 750 1933 788 to-

251 816 350 863 tius
403 820 477 862 est
529 814 766 880 hominis,
822 813 1179 880 compleretur,
1233 828 1379 877 quam
1419 812 1635 861 secunda
1672 814 1723 860 in
1762 812 1937 862 ultimo

168 897 222 936 10
256 890 503 953 sequitur,
550 890 645 936 nisi
691 887 836 936 homo
884 902 974 951 per
1020 888 1223 951 gratiam
1262 886 1515 935 liberetur.
1591 885 1762 950 Neque
1803 888 1933 935 enim

255 976 461 1025 corp11S,
518 961 648 1024 quod
704 961 764 1009 de
817 967 949 1017 terra
1003 967 1104 1026 est,
1158 960 1344 1009 rediret
1389 961 1440 1007 in
1487 966 1671 1008 terram
1710 961 1805 1009 nisi
1844 975 1932 1009 sua

249 1041 407 1083 morte
419 1057 444 1099 ,0
485 1049 609 1097 quae
657 1034 727 1083 illi
774 1033 976 1100 accidit,
1027 1049 1140 1083 cum
1186 1033 1434 1083 deseritur
1474 1048 1562 1082 sua
1600 1034 1717 1099 vita,
1767 1033 1816 1082 id
1857 1040 1933 1083 est

250 1109 421 1156 anima.
499 1106 637 1156 Unde
688 1114 880 1157 constat
924 1109 1055 1156 inter
1095 1106 1399 1157 Christianos
1450 1108 1691 1155 veraciter
1731 1106 1929 1156 catholi-

250 1196 356 1229 cam
404 1187 631 1230 tenentes
679 1181 825 1230 fidem
873 1183 1019 1230 etiam
1065 1183 1222 1246 ipsam
1269 1180 1411 1230 nobis
1461 1181 1682 1244 corporis
1722 1186 1931 1229 mortem

167 1264 220 1302 15
254 1269 354 1302 non
392 1254 497 1318 lege
539 1261 758 1322 naturae,
799 1270 894 1319 qua
932 1254 1115 1304 nullam
1155 1261 1365 1303 mortem
1404 1253 1591 1302 homini
1629 1252 1760 1302 Deus
1801 1255 1935 1320 fecit,

248 1327 334 1376 sed
374 1329 550 1377 merito
589 1328 824 1377 inflictam
864 1344 973 1377 esse
1012 1330 1226 1395 peccati,
1265 1330 1496 1392 quoniam
1533 1334 1790 1392 peecatum
1829 1329 1930 1375 vin-

178 1445 181 1448 .
248 1400 416 1450 dicans
468 1400 599 1450 Deus
652 1402 775 1451 dixit
824 1402 1037 1467 homini,
1089 1404 1139 1450 in
1189 1417 1284 1466 quo
1334 1408 1453 1451 tunc
1502 1416 1672 1450 omnes
1713 1416 1932 1450 eramus:

253 1474 413 1523 Terra
454 1490 505 1524 es
545 1481 593 1524 et
632 1478 682 1524 in
723 1482 915 1524 terram
956 1476 1062 1524 ibis:

897 1661 1094 1714 CAPUT
1126 1661 1272 1714 XVI.

158 1777 213 1816 20
247 1770 322 1819 De
354 1769 688 1831 philosophis,
729 1771 818 1829 qui
855 1771 1056 1817 animae
1086 1771 1457 1830 separationem
1497 1783 1527 1816 a
1568 1782 1783 1830 corpore
1828 1783 1929 1817 non

238 1848 425 1904 putant
463 1857 569 1891 esse
600 1845 878 1904 poenalem,
920 1856 1032 1891 eum
1065 1842 1211 1890 Plato
1253 1843 1464 1891 inducat
1500 1856 1741 1890 summum
1781 1843 1927 1891 deum

282 1917 378 1965 diis
417 1917 695 1964 minoribus
728 1918 1121 1978 promittentem,
1162 1918 1298 1975 quod
1333 1929 1604 1975 numquam
1641 1918 1742 1964 sint
1779 1930 1889 1964 cor·

835 1990 1048 2051 poribus
1087 1991 1320 2038 exuendi.

394 2091 489 2140 Sed
521 2091 814 2157 philosophi,
854 2098 1025 2140 contra
1059 2106 1268 2154 quorum
1310 2090 1577 2140 calumnias
1617 2090 1926 2139 defendimus

156 2187 210 2225 -25
245 2165 489 2213 civitatem
523 2164 626 2230 Dei,
663 2164 758 2212 hoc
791 2172 867 2213 est
899 2167 1004 2213 eius
1037 2163 1309 2230 eeclesiam,
1349 2166 1596 2229 sapienter
1628 2162 1722 2212 sibi
1759 2163 1924 2212 viden-

245 2245 328 2286 tur
351 2237 584 2303 inridere,
625 2238 754 2300 quod
781 2237 990 2286 dicimus
1022 2239 1211 2286 animae
1252 2253 1276 2286 a
1318 2252 1525 2302 corpore
1566 2238 1925 2301 separationem

242 2313 372 2359 inter
423 2326 607 2374 poenas
660 2312 765 2358 eius
818 2326 925 2359 esse
978 2311 1329 2376 deputandam,
1380 2312 1494 2374 quia
1540 2309 1766 2358 videlicet
1816 2311 1924 2358 eius

242 2385 514 2448 perfectam
568 2383 923 2432 beatitudinem
977 2391 1095 2432 tunc
1157 2383 1227 2432 illi
1281 2384 1389 2432 fieri
1443 2385 1748 2448 existimant,
1810 2397 1923 2430 cum

243 2459 376 2506 omni
414 2472 621 2521 prorsus
668 2471 875 2520 corpore
918 2464 1061 2505 exuta
1105 2457 1164 2505 ad
1204 2457 1361 2505 Deum
1401 2456 1606 2521 simplex
1646 2462 1696 2504 et
1735 2455 1835 2504 sola
1875 2462 1923 2503 et

154 2553 211 2591 30
246 2531 456 2594 quodam
488 2530 632 2579 modo
666 2529 796 2579 nuda
828 2529 1044 2578 redierit.
1121 2529 1216 2578 Ubi
1255 2532 1297 2578 si
1337 2529 1472 2595 nihil,
1512 2545 1608 2593 quo
1647 2530 1740 2577 ista
1779 2527 1921 2575 refel-

361 2674 405 2726 2)
441 2671 552 2716 Gen.
586 2677 628 2726 3,
661 2676 701 2714 9.
764 2673 807 2725 8)
841 2669 952 2714 Gen.
986 2675 1026 2724 3,
1062 2675 1131 2713 19.

363 2838 415 2875 15
448 2831 626 2875 homini
668 2832 757 2885 Vv;
788 2830 988 2875 hominis
1022 2830 1117 2874 AF
1121 2831 1169 2874 be
