2020 3122
602 138 669 170 DE
694 136 931 170 CIVITATE
954 139 1042 171 DEI
1065 141 1107 173 L.
1131 142 1216 174 vn.
1242 142 1278 175 c.
1302 143 1356 176 35.
1714 133 1820 185 319

136 250 368 300 Varronis
393 250 669 314 exponitur.
746 248 819 297 Ita
851 251 982 298 enim
1015 250 1174 301 solent
1212 268 1292 301 res
1332 260 1496 317 gestae
1536 258 1820 319 aspersione

136 323 505 373 mendaciorum
542 323 593 370 in
633 321 820 370 fabulas
860 325 998 371 verti.
1076 324 1131 372 In
1170 324 1248 373 illa
1288 328 1439 390 igitur
1478 327 1817 392 hydromantia

135 397 501 448 curiosissimus
548 410 637 444 rex
686 395 767 443 ille
808 395 1058 445 Romanus
1099 404 1148 445 et
1187 413 1324 446 sacra
1363 400 1555 467 didicit,
1603 417 1725 466 quae
1765 405 1816 452 in

132 470 271 520 libris
297 471 400 519 suis
424 469 684 534 pontifices
708 468 963 535 haherent,
1002 476 1052 518 et
1084 485 1256 519 eorum
1290 487 1476 539 causaS,
1516 490 1636 538 quas
1675 491 1814 539 prae-

132 552 209 594 ter
250 558 302 592 se
326 544 575 592 neminem
602 544 729 591 scire
769 541 936 591 voluit.
1011 542 1180 607 Itaque
1222 559 1303 592 eas
1344 560 1567 596 seorsum
1607 550 1816 613 scriptas
1848 562 1875 601 5

134 632 304 668 secum
344 616 556 681 quodam
595 616 739 664 modo
780 617 907 664 mori
946 616 1077 683 fecit,
1118 618 1312 681 quando
1352 619 1419 667 ita
1459 619 1815 671 subtrahendas

131 691 388 740 hominum
433 691 638 738 notitiae
690 689 1094 754 sepeliendasque
1135 692 1337 740 curavit.
1413 691 1510 741 Aut
1550 709 1665 757 ergo
1706 695 1815 744 dae-

131 779 335 814 monum
373 763 473 812 illic
496 770 597 812 tam
622 762 847 812 sordidae
888 769 938 811 et
975 765 1149 813 noxiae
1190 764 1484 829 cupiditates
1523 774 1664 816 erant
1703 783 1816 816 con-

133 840 367 904 scriptae,
414 843 470 886 ut
517 852 577 885 ex
621 836 699 885 his
748 843 851 886 tota
896 836 974 885 illa
1023 836 1267 902 theologia
1308 838 1462 887 civilis
1503 841 1649 888 etiam
1689 841 1817 905 apud

131 911 253 961 tales
306 911 531 959 homines
586 909 875 959 execrabilis
930 919 1211 977 appareret,
1267 914 1351 976 qui
1405 919 1505 962 tam
1559 913 1711 962 multa
1765 916 1816 963 in
1851 927 1907 967 10

57 1030 62 1035 .
130 987 251 1051 ipsis
292 986 444 1034 sacris
486 983 824 1032 erubescenda
873 992 1215 1050 susceperant3
1257 992 1341 1034 aut
1378 985 1449 1034 illi
1488 1001 1659 1035 omnes
1698 987 1818 1035 nihil

47 1064 56 1069 ‘
131 1058 262 1108 aliud
301 1072 448 1122 quam
495 1057 718 1106 homines
766 1059 950 1106 mortui
995 1058 1355 1125 prodebantur,
1403 1074 1527 1123 quos
1566 1066 1666 1109 tam
1704 1076 1817 1124 pro-

130 1133 226 1181 lixa
271 1133 510 1196 temporis
556 1138 799 1180 vetustate
849 1131 953 1180 fere
1002 1146 1173 1181 omnes
1220 1132 1390 1197 populi
1437 1135 1658 1197 gentium
1698 1134 1817 1182 deos

129 1205 415 1255 inmortales
463 1219 572 1253 esse
620 1204 954 1271 crediderant,
1010 1220 1123 1253 cum
1172 1212 1220 1254 et
1267 1205 1447 1255 talibus
1496 1209 1648 1255 saeris
1686 1206 1817 1256 idem

132 1279 202 1328 illi
253 1279 517 1328 daemones
569 1278 962 1344 oblectarentur,
1018 1280 1103 1342 qui
1159 1294 1211 1327 se
1267 1279 1499 1328 colendos
1553 1295 1643 1344 pro
1695 1282 1815 1345 ipsis
1849 1291 1903 1332 15

131 1355 363 1420 mortuiS,
409 1367 534 1416 quos
581 1351 699 1401 deos
738 1353 904 1416 putari
944 1352 1188 1418 fecerant,
1239 1352 1532 1417 quibusdam
1573 1353 1817 1403 fallacium

130 1426 483 1477 miraculorum
544 1425 952 1475 adtestationibus
1015 1425 1372 1490 supponebant.
1466 1426 1563 1476 Sed
1626 1426 1818 1476 occulta

131 1499 220 1550 Dei
249 1502 354 1550 veri
383 1498 692 1565 providentia
725 1499 909 1549 factum
942 1505 1032 1566 est,
1070 1506 1127 1548 ut
1167 1506 1216 1548 et
1246 1499 1487 1564 Pompilio
1528 1502 1685 1549 amico
1727 1516 1816 1550 suo

129 1573 226 1623 illis
281 1572 527 1623 conciliati
577 1572 788 1633 artibuS,
853 1571 1032 1638 quibus
1086 1572 1427 1637 hydromantia
1481 1574 1588 1622 fieri
1641 1576 1817 1640 potuit,

132 1653 310 1697 cuncta
332 1647 413 1696 illa
437 1647 663 1696 confiteri
686 1648 1109 1712 permitterentur,
1150 1653 1199 1696 et
1230 1653 1410 1713 tamen,
1449 1654 1505 1696 ut
1543 1649 1815 1696 moriturus
1848 1659 1905 1700 20

130 1720 420 1770 incenderet
466 1735 522 1769 ea
560 1722 726 1785 potius
766 1735 915 1785 quam
953 1719 1211 1780 obrueret,
1262 1719 1525 1768 admonere
1565 1735 1666 1769 non
1704 1736 1814 1785 per-

130 1797 468 1860 mitterentur3
521 1795 605 1858 qui
655 1809 717 1843 ne
767 1795 1140 1843 innotescerent
1185 1808 1276 1842 nec
1325 1800 1513 1859 aratro,
1563 1808 1659 1857 quo
1701 1800 1817 1843 sunt

131 1874 288 1934 eruta,
326 1867 566 1917 obsistere
590 1873 877 1933 potuerunt,
909 1882 1001 1915 nec
1034 1866 1145 1915 stilo
1171 1865 1419 1933 VarroniS,
1458 1882 1555 1931 quo
1581 1882 1651 1932 ea,
1691 1882 1815 1931 quae

131 1941 191 1990 de
230 1941 322 1990 hac
361 1956 415 1990 re
456 1946 592 2005 gesta
624 1947 754 2006 sunt,
792 1942 844 1990 in
883 1947 1104 1989 nostram
1143 1941 1429 1989 memoriam
1466 1947 1815 2005 pervenerunt.

129 2014 240 2064 Non
280 2016 412 2063 enim
449 2020 680 2080 possunt,
728 2013 859 2078 quod
906 2029 1005 2062 non
1052 2015 1283 2062 sinuntur
1322 2014 1543 2079 efficere3
1585 2015 1815 2062 sinuntur
1848 2023 1902 2065 25

130 2096 295 2138 autem
320 2087 415 2136 alto
441 2087 530 2136 Dei
555 2089 734 2136 summi
772 2089 1003 2151 iustoque
1043 2087 1226 2136 iudicio
1266 2102 1357 2151 pro
1398 2088 1587 2136 meritis
1628 2102 1816 2154 eorum,

132 2177 254 2227 quos
295 2160 354 2210 ah
389 2163 460 2210 eis
491 2160 568 2210 vel
608 2160 771 2225 adfligi
810 2167 1015 2226 tantum,
1056 2160 1134 2209 vel
1174 2162 1320 2210 etiam
1361 2160 1520 2209 subici
1559 2175 1614 2209 ac
1656 2160 1818 2225 decipi

129 2237 318 2285 iustum
350 2241 438 2284 est.
516 2234 674 2292 Quam
704 2249 819 2283 vero
859 2236 1165 2299 perniciosae
1206 2233 1283 2283 vel
1322 2249 1348 2282 a
1388 2233 1524 2283 cultu
1562 2249 1705 2283 verae
1745 2233 1814 2282 di-

130 2310 346 2359 vinitatis
385 2308 570 2357 alienae
610 2308 718 2357 illae
759 2307 951 2357 litterae
991 2307 1232 2358 iudicatae
1275 2309 1396 2374 sint,
1442 2307 1556 2356 hinc
1596 2306 1814 2370 intellegi

130 2390 308 2449 potest,
348 2381 477 2446 quod
512 2397 594 2431 eas
633 2381 804 2431 maluit
835 2388 1035 2431 senatus
1073 2380 1357 2447 incendere,
1398 2396 1518 2445 quas
1542 2379 1812 2444 Pompilius
1844 2390 1900 2430 30

131 2455 407 2522 occultavit,
447 2470 593 2520 quam
625 2457 798 2504 timere
833 2455 964 2520 quod
989 2457 1167 2520 timuit,
1208 2456 1293 2519 qui
1331 2454 1452 2503 haec
1493 2454 1673 2502 audere
1714 2467 1813 2500 non

129 2531 304 2595 potuit.
383 2528 480 2587 Qui
519 2544 635 2594 ergo
677 2531 825 2579 vitam
863 2545 955 2578 nec
995 2529 1140 2578 modo
1179 2527 1362 2577 habere
1402 2526 1505 2575 vult
1542 2528 1694 2591 piam,
1743 2531 1810 2573 ta-

131 2602 260 2652 libus
317 2605 470 2652 sacris
523 2610 726 2667 quaerat
774 2610 1045 2669 aeternam3
1101 2604 1186 2667 qui
1233 2607 1397 2650 autem
1437 2614 1550 2649 cum
1588 2598 1811 2662 malignis

255 2809 308 2847 12
340 2803 520 2860 prolixa
549 2817 663 2857 mss;
693 2803 861 2860 prolixi
891 2817 918 2847 v
949 2804 965 2860 ΙΙ
996 2808 1049 2847 31
1084 2804 1199 2846 haec
1235 2801 1292 2854 G,·
1322 2802 1412 2844 hoc
1442 2812 1468 2842 v
1493 2800 1508 2854 ΙΙ
1532 2802 1586 2842 32
1623 2796 1711 2850 Qui
1742 2809 1810 2839 er-

134 2876 193 2920 go
225 2876 310 2908 nec
339 2862 526 2907 felicem
555 2862 605 2906 in
634 2862 790 2907 futuro
821 2861 967 2906 vitam
998 2875 1083 2905 nec
1115 2860 1252 2904 modo
1286 2860 1382 2904 edd.
1415 2861 1514 2902 vett.
