2020 3122
199 91 306 145 328
885 101 920 135 S.
944 101 1221 137 AUGUsTm

201 215 278 264 alii
333 215 555 281 plurimi,
608 230 733 278 quos
773 214 926 263 Varro
983 222 1190 264 conatur
1237 215 1295 264 ad
1343 214 1514 263 mundi
1565 221 1732 278 partes
1782 217 1887 266 sive

201 288 439 338 elementa
487 289 783 354 transferre,
841 288 1066 338 homines
1115 289 1266 338 fuisse
1314 287 1606 352 produntur.
1685 287 1887 338 Timens

201 365 331 411 enim
355 370 404 411 et
427 362 506 411 ille
534 364 673 426 quasi
708 362 918 411 revelata
951 364 1182 427 mysteria
1213 368 1388 426 petens
1427 361 1657 411 admonet
1680 361 1884 412 Alexan-

202 436 368 501 drum,
419 443 494 502 ut,
543 451 654 485 cum
695 451 751 485 ea
790 438 934 486 matri
975 438 1253 500 conscripta
1291 436 1636 501 insinua-verit,
1675 435 1887 486 flammis

142 520 167 559 5
203 509 370 559 iubeat
425 507 768 576 concremari.)
845 509 951 558 Non
1008 509 1168 558 solum
1223 523 1340 571 ergo
1394 510 1516 573 ista,
1579 523 1703 572 quae
1757 509 1886 558 duae

200 582 495 650 theologiae,
542 582 760 632 sabulosa
801 585 1021 632 continet
1059 589 1110 632 et
1147 582 1329 647 civiliS,
1368 581 1632 631 Platonicis
1670 582 1883 647 philoso-

199 657 312 721 phis
345 658 535 723 cedant,
575 659 660 722 qui
691 672 863 706 verum
894 656 1050 706 Deum
1084 663 1132 704 et
1171 671 1340 705 rerum
1380 662 1634 705 auctorem
1671 663 1721 705 et
1758 658 1884 705 veri-

199 732 312 780 tatis
344 731 714 781 inlustratorem
740 738 790 781 ot
813 730 1131 780 beatitudinis
1163 730 1448 794 largitorem
1480 744 1589 778 esse
1629 729 1885 796 dixerunt3

201 805 285 854 sed
318 805 397 854 alii
430 820 626 869 quoque
657 804 952 870 philosophi,
990 806 1076 868 qui
1100 803 1373 867 corporalia
1405 810 1609 853 naturae
1640 805 1883 868 principia

116 889 170 928 10
204 881 399 943 corpori
432 878 608 927 deditis
641 877 888 926 mentibus
922 879 1106 941 opinati
1146 883 1276 941 sunt,
1317 877 1492 926 cedant
1529 875 1607 926 his
1645 879 1794 926 tantis
1833 884 1884 927 et

202 954 323 1001 tanti
363 951 450 1000 Dei
491 951 827 1016 cognitoribus
866 952 1005 1016 viriS,
1061 958 1116 1000 ut
1154 950 1332 1000 Thales
1370 953 1421 1000 in
1460 965 1656 1017 umore,
1710 951 1886 1000 Anaxi·

202 1041 370 1074 menes
411 1027 460 1074 in
502 1040 640 1090 aere,
698 1024 850 1074 Stoici
897 1026 947 1073 in
987 1027 1122 1090 igne,
1168 1023 1416 1089 Epicurus
1455 1026 1507 1074 in
1546 1026 1742 1086 atomiS,
1788 1024 1885 1074 hoc

203 1107 279 1148 est
318 1098 660 1147 minutissimis
709 1098 1041 1165 corpusculiS,
1089 1113 1212 1162 quae
1259 1114 1351 1148 nec
1391 1098 1541 1148 dividi
1579 1113 1670 1148 nec
1711 1100 1887 1148 sentiri

203 1180 406 1238 queunt,
447 1180 495 1221 et
527 1174 826 1236 quicumque
859 1172 955 1237 alii,
994 1187 1207 1237 quorum
1238 1174 1609 1221 enumeratione
1648 1174 1885 1222 inmorari

116 1256 169 1295 15
203 1262 301 1295 non
354 1254 429 1295 est
477 1261 708 1311 necesse,
759 1247 859 1294 sive
908 1246 1146 1311 simplicia
1186 1247 1303 1295 'sive
1351 1247 1613 1295 coniuncta
1660 1261 1885 1312 corpora,

203 1322 302 1368 sive
341 1322 439 1368 vita
464 1322 679 1369 carentia
706 1322 806 1368 sive
831 1322 1055 1382 viventia,
1096 1319 1183 1369 sed
1221 1326 1385 1368 tamen
1426 1333 1648 1386 corpora,
1687 1335 1886 1369 causam
1961 1377 1967 1383 ¹

201 1395 596 1458 principiumque
630 1409 799 1442 rerum
838 1409 947 1442 esse
988 1394 1235 1443 dixerunt.
1311 1393 1432 1442 Nam
1475 1393 1674 1458 quidam
1712 1408 1887 1442 eorum

201 1483 227 1515 a
268 1466 417 1516 rebus
456 1482 554 1516 non
594 1469 714 1516 vivis
753 1482 834 1516 res
873 1469 1004 1516 vivas
1044 1468 1153 1516 fieri
1190 1482 1337 1532 posse
1376 1467 1719 1533 crediderunt,
1759 1469 1888 1516 sicut

202 1540 458 1606 Epicurei,
510 1541 706 1605 quidam
753 1556 869 1590 vero
921 1556 948 1590 a
998 1543 1190 1590 vivente
1241 1541 1439 1605 quidem
1487 1548 1536 1590 et
1581 1542 1791 1590 viventia
1837 1547 1891 1589 et

115 1623 171 1663 20
205 1629 303 1663 non
342 1616 573 1680 viventia,
626 1614 712 1663 sed
755 1622 919 1663 tamen
958 1630 983 1663 a
1025 1630 1232 1680 corpore
1273 1630 1495 1680 corpora.
1571 1614 1693 1663 Nam
1734 1613 1888 1663 Stoici

201 1690 392 1753 ignem,
447 1688 495 1736 id
550 1695 626 1737 est
679 1703 861 1752 corpus
907 1704 1062 1737 unum
1109 1704 1168 1737 ex
1215 1688 1292 1738 his
1345 1695 1577 1753 quattuor
1617 1687 1889 1754 elementiS,

202 1760 383 1825 quibus
408 1761 611 1810 visibilis
636 1762 851 1811 mundus
875 1762 954 1811 hic
988 1769 1196 1828 constat,
1235 1770 1285 1811 et
1322 1764 1568 1811 viventem
1607 1770 1657 1811 et
1696 1763 1886 1826 sapien·

202 1843 302 1883 tem
342 1843 391 1883 et
427 1837 585 1899 ipsius
617 1835 788 1884 mundi
827 1835 1173 1885 fabricatorem
1212 1842 1359 1900 atque
1399 1837 1634 1901 omnium,
1673 1850 1796 1899 quae
1835 1836 1888 1884 in

204 1924 261 1956 eo
311 1916 453 1974 sunt,
505 1924 716 1973 eumque
765 1912 964 1958 omnino
1011 1912 1175 1974 ignem
1223 1910 1370 1959 deum
1418 1925 1526 1959 esse
1575 1915 1888 1974 putaverunt.

114 1989 170 2030 25
201 1981 264 2030 Hi
312 1989 362 2030 et
407 1985 561 2031 ceteri
609 1982 793 2031 similes
841 1997 1014 2032 eorum
1061 1983 1110 2032 id
1150 1983 1310 2033 solum
1350 1985 1564 2049 cogitare
1603 1989 1891 2049 potuerunt,

204 2054 334 2119 quod
367 2070 478 2104 cum
505 2057 576 2104 eis
607 2056 755 2104 corda
793 2071 967 2106 eorum
1007 2056 1242 2106 obstricta
1282 2059 1444 2106 carnis
1483 2055 1711 2106 sensibus
1750 2055 1888 2105 faba*

203 2128 297 2176 lata
339 2135 467 2177 sunt.
544 2128 598 2177 In
640 2144 691 2178 se
733 2131 914 2194 quippe
963 2129 1208 2179 habebant
1246 2130 1376 2195 quod
1418 2146 1516 2180 non
1555 2129 1798 2196 videbant,
1837 2136 1888 2179 et

204 2201 331 2266 apud
374 2217 425 2250 se
467 2202 857 2266 imaginabantur
898 2204 1027 2267 quod
1068 2204 1189 2253 foris
1227 2204 1468 2271 viderant,
1506 2206 1654 2254 etiam
1693 2202 1888 2268 quando

205 2290 304 2323 non
351 2274 606 2340 videbant,
658 2275 743 2324 sed
802 2277 1141 2326 tantummodo
1197 2277 1488 2342 cogitabant.
1563 2276 1669 2326 Hoc
1724 2284 1888 2326 autem

115 2357 172 2396 30
204 2349 254 2396 in
302 2354 570 2412 conspectu
625 2349 735 2398 talis
783 2351 1092 2414 cogitationis
1138 2353 1234 2400 iam
1286 2367 1384 2401 non
1425 2358 1501 2400 est
1538 2365 1720 2415 corpus
1732 2390 1746 2416 ,
1801 2349 1888 2400 sed

204 2421 470 2470 similitudo
522 2425 767 2487 corporis3
822 2423 941 2472 illud
982 2430 1168 2490 autem,
1220 2425 1349 2474 unde
1398 2425 1594 2473 videtur
1632 2425 1683 2472 in
1723 2426 1886 2472 animo

202 2495 321 2544 haec
377 2495 642 2544 similitudo
690 2499 934 2562 corporis,
988 2512 1080 2546 nec
1127 2513 1308 2562 corpus
1356 2506 1431 2548 est
1478 2512 1570 2546 nec
1619 2496 1886 2546 similitudo

205 2571 449 2634 corporis3
498 2576 547 2617 et
585 2569 714 2618 unde
755 2569 947 2619 videtur
987 2578 1134 2634 atque
1175 2579 1343 2620 utrum
1381 2570 1586 2636 pulchra
1626 2586 1687 2619 an
1727 2570 1887 2619 (lefor-

203 2644 295 2690 mis
348 2644 411 2691 sit
458 2642 725 2709 iudicatur,
777 2644 1000 2707 profecto
1053 2652 1129 2693 est
1182 2644 1357 2693 melius
1412 2660 1558 2709 quam
1604 2646 1710 2709 ipsa
1764 2658 1888 2707 quae

324 2833 377 2870 14
410 2827 745 2872 enumerationi
776 2841 803 2872 υ
