2020 3122
252 123 356 175 142
687 152 689 154 -
928 134 962 167 S.
986 133 1259 168 Auous'rml

249 254 411 296 tutum
451 247 557 313 fuit,
597 246 656 295 ad
696 245 1031 296 decernendas
1072 246 1247 296 caedes
1285 249 1444 297 victor
1483 247 1699 315 insedit,
1727 255 1777 298 et
1815 251 1928 300 cuin

249 321 363 385 fuga
386 320 570 370 Marius
609 320 804 386 elapsus
845 328 975 370 esset
1014 321 1228 370 ferocior
1269 323 1621 386 cruentiorque
1661 322 1928 391 rediturus}

248 395 342 443 iste
381 396 433 444 in
467 392 704 459 Capitolio
743 409 832 459 per
865 402 1064 444 senatus
1105 397 1252 443 etiam
1291 393 1571 444 consultum
1610 395 1791 445 multos
1830 399 1929 446 vita

249 466 498 533 rebusque
537 469 766 533 privavit·
816 467 1045 518 Marianis
1085 475 1248 518 autem
1287 467 1517 534 partibus
1554 468 1686 518 Sulla
1725 469 1927 520 absente
1995 489 2002 499 *

190 550 215 590 5
249 541 366 605 quid
406 549 631 591 sanctum
671 543 752 591 cui
788 549 1051 627 parcerent
1083 542 1190 608 fuit,
1229 541 1423 607 quando
1455 542 1617 592 Mucio
1657 544 1750 591 civi
1791 559 1927 592 sena

251 616 345 663 tori
382 606 605 680 pontifici
628 630 760 665 aram
792 617 963 682 ipsam,
1002 614 1087 664 ubi
1127 622 1267 665 erant
1305 622 1360 665 ut
1399 618 1537 665 aiunt
1575 617 1672 665 fata
1696 616 1928 684 Romana,

247 690 443 738 miseris
496 688 731 738 ambienti
785 688 1089 754 amplexibus
1136 703 1234 738 non
1284 687 1677 755 pepercerunt?
1733 690 1928 741 Sullana

247 777 397 827 porro
444 762 608 813 tabula
646 763 727 812 illa
777 770 1048 829 postrema,
1098 770 1155 812 ut
1205 764 1487 812 omittamus
1534 763 1651 812 alias
1705 766 1928 813 innume-

247 835 426 886 rabiles
458 843 658 903 mortes,
696 835 866 901 plures
904 836 1142 901 iugulavit
1180 844 1449 904 senatoreS,
1488 852 1634 902 quam
1668 836 1815 887 Gothi
1854 837 1929 898 vel

161 921 216 961 10
249 910 457 975 spoliare
495 917 781 975 potuerunt.

892 1051 1089 1107 CAPUT
1120 1053 1288 1107 XXX.

249 1161 324 1211 De
363 1162 643 1211 conexione
683 1162 944 1222 bellorum,
993 1176 1124 1222 quae
1171 1159 1438 1212 adventum
1484 1161 1675 1212 Christi
1703 1165 1929 1231 plurima

670 1241 718 1284 et
751 1236 1057 1296 ⁸oravz‘ssz‘ma
1091 1242 1500 1298 praecesserunt.

398 1337 503 1395 Qua
541 1339 692 1402 igitur
717 1338 879 1387 fronte
920 1353 1017 1402 quo
1058 1338 1222 1404 corde,
1262 1354 1357 1403 qua
1395 1339 1684 1405 inpudentia
1725 1354 1819 1404 qua
1857 1341 1929 1399 in-

161 1422 213 1461 15
250 1413 476 1476 sipientia
514 1411 591 1460 vel
621 1413 787 1476 potius
819 1414 1027 1461 amentia
1067 1411 1147 1460 illa
1187 1411 1280 1461 diis
1320 1415 1423 1462 suis
1462 1428 1561 1462 non
1600 1415 1843 1480 inputant,
1882 1421 1931 1463 et

246 1485 366 1533 haec
399 1492 569 1534 nostro
602 1487 830 1550 inputant
863 1482 1096 1535 Christo?
1147 1485 1374 1535 Crudelia
1405 1486 1530 1536 bella
1564 1486 1735 1553 civilia,
1775 1489 1929 1535 omni-

244 1558 338 1608 bus
385 1557 526 1607 bellis
571 1558 856 1625 hostilibus,
904 1559 1189 1609 auctoribus
1236 1562 1383 1609 etiam
1433 1575 1606 1610 eorum
1645 1559 1931 1629 fatentibUS,

245 1634 499 1698 amariora,
540 1631 720 1696 quibus
759 1632 839 1681 illa
878 1648 960 1682 res
990 1632 1185 1698 publica
1223 1649 1316 1684 nec
1356 1633 1564 1700 adflicta,
1604 1634 1690 1684 sed
1730 1636 1930 1686 omn-ino

244 1705 435 1771 perdita
474 1706 687 1755 iudicata
736 1714 833 1774 est,
880 1707 1023 1772 longe
1072 1713 1185 1756 ante
1234 1707 1497 1758 adventum
1538 1707 1721 1757 Christi
1761 1715 1930 1758 exorta

159 1789 217 1830 20
250 1786 393 1845 sunt,
449 1787 497 1829 et
552 1779 904 1829 sceleratarum
956 1783 1359 1831 concatenatione
1412 1796 1671 1831 causarum
1727 1797 1752 1830 a
1802 1780 1931 1831 bello

247 1853 463 1902 Mariano
504 1860 650 1917 atque
685 1853 883 1902 Sullano
925 1854 981 1903 ad
1023 1853 1147 1903 bella
1182 1854 1389 1904 Sertorii
1429 1862 1478 1904 et
1510 1854 1743 1904 Catilinae
1785 1850 1928 1922 (quo-

247 1942 357 1976 rum
391 1942 416 1974 3
451 1927 585 1975 Sulla
618 1927 779 1976 fuerat
809 1927 890 1977 ille
930 1929 1375 1995 proscript11S,ille
1416 1923 1678 1996 nutritus),
1715 1929 1829 1977 inde
1870 1929 1929 1981 ad

246 1999 419 2064 Lepidi
465 2007 514 2049 et
554 1999 712 2049 Catuli
757 2001 942 2050 bellum
983 1997 1221 2068 (quorum
1268 2003 1392 2052 alter
1439 2009 1575 2067 gesta
1617 2001 1814 2051 Sullana
1851 2017 1928 2051 re-

247 2073 499 2140 scindere,
555 2073 678 2123 alter
732 2074 997 2124 defendere
1047 2071 1328 2143 cupiebat),
1377 2077 1491 2126 inde
1539 2075 1598 2124 ad
1638 2075 1841 2140 Pompei
1881 2082 1930 2125 et

158 2156 212 2196 25
247 2145 469 2195 Caesaris
521 2141 759 2214 (quorum
799 2147 1064 2213 Pompeius
1114 2155 1328 2198 sectator
1377 2149 1539 2199 Sullae
1588 2150 1748 2198 fuerat
1799 2151 1926 2198 eius-

247 2235 341 2284 que
380 2222 652 2285 potentiam
690 2221 767 2269 vel
806 2229 1099 2287 aequaverat
1145 2222 1221 2271 vel
1268 2225 1364 2272 iam
1404 2221 1550 2272 etiam
1591 2228 1929 2289 superaverat3

247 2292 425 2342 Caesar
450 2300 614 2343 autem
638 2293 841 2359 Pompei
864 2297 1135 2360 potentiam
1167 2311 1266 2346 non
1306 2295 1510 2363 ferebat,
1550 2294 1635 2344 sed
1675 2297 1788 2360 quia
1827 2310 1927 2344 non

245 2365 468 2433 habehat,
508 2382 654 2432 quam
691 2374 856 2416 tamen
894 2368 977 2417 illo
1016 2371 1144 2418 victo
1183 2371 1544 2434 interfectoque
1583 2365 1929 2436 transcendit),

243 2439 359 2489 hinc
400 2441 459 2490 ad
491 2440 638 2490 alium
664 2440 937 2508 Caesarem,
978 2444 1061 2507 qui
1093 2451 1205 2508 post
1237 2443 1487 2508 Augustus
1527 2441 1797 2507 appellatus
1838 2449 1928 2509 est,

158 2524 214 2565 30
244 2521 601 2582 pervenerunt,
650 2530 746 2579 quo
785 2517 1059 2580 imperante
1099 2523 1244 2566 natus
1284 2523 1359 2566 est
1398 2516 1637 2565 Christus
1715 2515 1836 2565 Nam
1877 2522 1926 2564 et

245 2590 350 2653 ipse
389 2588 639 2653 Augustus
688 2603 801 2638 cum
847 2588 1017 2638 multis
1065 2592 1217 2654 gessit
1263 2589 1388 2638 bella
1436 2587 1614 2656 civilia,
1669 2595 1718 2638 et
1764 2591 1815 2637 in
1854 2591 1927 2658 eijs

247 2663 392 2710 etiam
425 2661 566 2711 multi
599 2661 856 2711 clarissimi
888 2664 979 2711 viri
1018 2665 1288 2729 perierunt,
1328 2665 1458 2712 inter
1498 2677 1621 2727 quos
1663 2671 1711 2711 et
1736 2662 1927 2728 Cicero,
1968 2688 1986 2693 s

246 2866 302 2907 26
365 2809 390 2848 3
423 2804 620 2908 multos1
629 2803 807 2859 OAK¹
837 2806 936 2848 tam
966 2803 1145 2848 multos
1170 2803 1320 2849 K2Fv
1358 2806 1373 2862 Ι]
1411 2809 1465 2848 10
1500 2804 1733 2861 expoliare
1764 2802 1883 2848 AK2
1911 2802 1927 2861 Η

331 2862 426 2906 iam
459 2876 528 2908 om
