2020 3122
186 660 211 700 5

159 1027 214 1066 10

159 1393 212 1432 15

157 1759 212 1798 20

159 2123 214 2162 25

161 2490 218 2529 30

240 116 352 170 424
904 124 938 158 s,
961 123 1236 159 Ancus-nm

896 289 1086 344 CAPUT
1125 291 1269 344 XIV.

290 403 365 450 Be
403 415 503 449 uno
544 401 648 448 Deo
689 401 896 448 colendo
935 413 1033 447 non
1072 402 1228 447 solum
1262 402 1475 459 propter
1514 402 1746 469 aeterna,
1786 400 1880 447 sed

318 477 466 524 ettam
499 479 711 535 propter
743 475 1038 534 temporalia
1071 474 1330 535 beneficia,
1370 473 1490 530 quta
1522 474 1760 520 universa
1793 474 1844 520 in

510 549 664 608 ipsius
697 548 1051 608 providentiae
1083 550 1331 606 potestate
1370 547 1659 593 consistunt.

393 649 532 698 Sicut
563 655 723 698 autem
757 650 904 696 unius
936 647 1161 712 hominiS,
1200 648 1266 694 ita
1305 645 1505 694 humani
1538 649 1748 710 generiS‚
1789 647 1920 711 quod

246 723 304 772 ad
337 723 425 771 Dei
463 722 698 787 populum
737 723 973 785 pertinet,
1014 726 1147 768 recta
1189 719 1400 768 eruditio
1440 735 1528 784 per
1568 720 1805 784 quosdam
1844 736 1918 769 ar-

245 797 422 846 ticulos
477 803 752 859 temporum
809 801 1054 856 tamquam
1102 799 1313 841 aetatum
1369 794 1579 857 profecit
1625 793 1923 858 accessibUS,

245 878 300 919 ut
341 886 366 918 a
405 868 756 933 temporalibus
789 867 846 915 ad
887 873 1085 915 aeterna
1125 866 1360 930 capienda
1401 873 1449 915 et
1487 882 1512 914 a
1552 867 1825 916 visibilibus
1860 868 1919 916 ad

248 942 506 992 invisibilia
539 947 850 1005 surgeretur,
890 942 956 989 ita
990 955 1105 988 sane
1138 947 1193 989 ut
1232 942 1378 989 etiam
1417 940 1498 988 illo
1539 947 1783 1007 tempore,
1823 956 1923 1005 quo

247 1015 451 1064 visibilia
510 1013 925 1079 promittebantur
980 1013 1212 1062 divinitus
1267 1015 1503 1078 praemia,
1565 1030 1695 1063 unus
1757 1021 1921 1063 tamen

245 1088 478 1138 colendus
519 1087 947 1136 commendaretur
987 1086 1140 1152 DeUS,
1187 1102 1248 1136 ne
1288 1103 1428 1136 mens
1467 1087 1678 1136 humana
1718 1088 1791 1137 vel
1830 1103 1923 1152 pro

243 1164 362 1227 ipsis
396 1163 606 1210 terrenis
638 1163 763 1209 vitae
795 1163 1107 1209 transitoriae
1142 1160 1393 1209 beneficiis
1427 1163 1654 1225 cuiquam
1687 1163 1781 1211 nisi
1805 1177 1924 1210 vero

245 1237 431 1284 animae
481 1236 691 1283 creatori
746 1249 800 1282 ac
855 1234 1051 1283 domino
1101 1234 1411 1283 subderetur.
1497 1234 1671 1283 Omnia
1726 1237 1926 1302 quippe,

245 1324 367 1373 quae
407 1315 656 1372 praestare
698 1307 978 1356 hominibus
1010 1307 1085 1356 vel
1125 1308 1283 1372 angeli
1323 1307 1398 1356 vel
1436 1308 1660 1357 homines
1699 1316 1925 1375 possunt,

245 1385 295 1431 in
343 1383 489 1430 unius
538 1397 644 1430 esse
695 1380 1058 1445 Omnipotentis
1104 1387 1348 1445 potestate
1396 1383 1620 1446 quisquis
1668 1382 1925 1448 diffitetur,

245 1457 437 1504 insanit.
508 1454 575 1503 De
615 1455 921 1519 providentia
961 1462 1096 1504 certe
1128 1455 1352 1504 Plotinus
1383 1455 1667 1504 Platonicus
1707 1456 1924 1520 disputat

246 1544 450 1592 eamque
499 1543 523 1576 a
564 1543 754 1577 summo
795 1527 918 1594 Deo,
967 1530 1108 1577 cuius
1157 1535 1231 1577 est
1276 1528 1608 1592 intellegibilis
1657 1537 1803 1593 atque
1850 1532 1925 1578 in·

246 1602 450 1651 effabilis
490 1601 824 1667 pulchritudO,
871 1618 1028 1666 usque
1069 1602 1126 1650 ad
1175 1602 1295 1650 haec
1342 1610 1539 1650 terrena
1580 1609 1628 1651 et
1678 1604 1774 1651 ima
1811 1618 1923 1666 per-
1971 1637 1984 1649 .

245 1678 432 1739 tingere
482 1674 798 1724 flosculorum
838 1681 982 1739 atque
1034 1675 1262 1724 foliorum
1309 1675 1675 1740 pulchritudine
1716 1691 1927 1740 conpro-

245 1749 347 1814 bat,
403 1763 525 1812 quae
575 1750 734 1796 omnia
781 1751 920 1812 quasi
975 1748 1162 1798 abiecta
1210 1755 1259 1797 et
1305 1749 1609 1798 velocissime
1665 1752 1926 1814 pereuntia

246 1822 618 1870 decentissimos
651 1822 918 1871 formarum
945 1838 1145 1871 suarum
1178 1837 1411 1871 numeros
1443 1822 1624 1871 habere
1651 1838 1748 1871 non
1778 1839 1926 1887 posse

247 1896 522 1960 confirmat,
562 1897 655 1943 nisi
695 1895 808 1943 inde
850 1896 1147 1962 formentur,
1186 1895 1271 1944 ubi
1311 1896 1467 1944 forma
1506 1895 1836 1960 intellegibilis
1875 1904 1928 1945 et

246 1967 657 2016 incommutabilis
698 1968 844 2017 simul
883 1968 1069 2018 habens
1111 1970 1271 2017 omnia
1311 1977 1611 2033 perseverat.
1688 1969 1792 2018 Hoc
1831 1969 1926 2018 Do-

247 2043 408 2088 minus
448 2040 585 2089 Iesus
624 2040 691 2089 ibi
731 2042 967 2108 ostendit,
1014 2042 1099 2091 ubi
1138 2044 1228 2091 ait:
1282 2044 1608 2092 Considerate
1646 2046 1753 2092 lilia
1793 2046 1926 2106 aori,

248 2128 347 2162 non
387 2115 622 2162 laborant
659 2130 820 2175 neque
858 2123 1026 2164 neunt.
1090 2117 1218 2165 Dico
1259 2122 1425 2165 autem
1464 2118 1621 2176 υοόῖς,
1671 2120 1792 2177 quia
1829 2119 1946 2167 nec‘

248 2188 479 2236 Salomon
515 2189 564 2235 tn
597 2193 739 2236 tanta
775 2192 946 2248 =olorta
985 2205 1078 2238 sua
1110 2193 1184 2238 sic
1224 2193 1437 2239 amictus
1476 2196 1562 2252 est,
1601 2193 1735 2240 sicut
1771 2205 1927 2240 unum

248 2275 312 2308 ex
345 2263 428 2308 θεὶς.
499 2261 645 2319 Quod
672 2264 718 2309 εἰ
749 2260 957 2321 faenum
991 2266 1132 2329 aori,
1171 2266 1308 2323 quod
1343 2265 1492 2313 hodie
1524 2270 1598 2312 est
1634 2269 1682 2312 et
1721 2279 1840 2313 cras
1873 2267 1927 2312 in

247 2335 501 2383 clibanum
533 2336 760 2393 mittitur,
801 2335 937 2383 Deus
968 2339 1043 2384 sic
1074 2339 1239 2384 vestit:
1279 2343 1466 2398 quanto
1497 2340 1657 2398 mayis
1690 2352 1786 2397 voS,
1826 2351 1923 2386 mo-

254 2409 400 2455 dicae
434 2409 591 2465 fidei?
652 2406 845 2470 Optime
885 2409 1036 2471 igitur
1067 2410 1224 2456 anima
1265 2409 1474 2458 humana
1515 2410 1673 2459 adhuc
1712 2411 1927 2458 terrenis

251 2479 508 2528 desideriis
546 2479 737 2528 infirma
772 2495 826 2528 ea
865 2482 990 2546 ipsa,
1031 2497 1154 2545 quae
1195 2483 1531 2546 temporaliter
1563 2490 1760 2548 exoptat
1799 2483 1927 2532 bona

367 2607 437 2662 16)
469 2606 584 2649 Enn.
618 2612 658 2662 3,
691 2611 731 2662 2,
767 2611 832 2651 13.
897 2608 970 2662 29)
1002 2607 1083 2651 Mt.
1119 2613 1157 2662 6,
1191 2613 1246 2652 28
1280 2623 1378 2664 sqq.

367 2787 419 2824 12
451 2796 560 2826 vero
592 2796 673 2827 om.
707 2784 751 2825 A
775 2784 804 2838 ΔΙΙ
844 2787 897 2826 25
929 2784 1074 2826 neunt
1103 2783 1170 2825 Α1
1203 2788 1254 2827 ut
1285 2784 1516 2841 Sanyerm.
1552 2785 1746 2831 Clarom,
1778 2786 1928 2839 (Neue

246 2839 349 2894 112,
378 2855 424 2896 p.
456 2845 589 2896 4353),-
620 2843 733 2885 nent
764 2856 786 2884 υ
810 2843 825 2898 ΙΙ
850 2847 903 2886 26
935 2843 1068 2885 tanta
1099 2842 1295 2899 AKbcv3
1327 2846 1430 2887 tota
1463 2844 1531 2887 Fe
1563 2841 1722 2902 (πάσῃ)
