<?xml version="1.0" encoding="UTF-8"?>
<!DOCTYPE html PUBLIC "-//W3C//DTD XHTML 1.0 Transitional//EN"
    "http://www.w3.org/TR/xhtml1/DTD/xhtml1-transitional.dtd">
<html xmlns="http://www.w3.org/1999/xhtml" xml:lang="en" lang="en">
 <head>
  <title>
</title>
<meta http-equiv="Content-Type" content="text/html;charset=utf-8" />
  <meta name='ocr-system' content='tesseract 3.04.00' />
  <meta name='ocr-capabilities' content='ocr_page ocr_carea ocr_par ocr_line ocrx_word'/>
</head>
<body>
  <div class='ocr_page' id='page_1' title='image "./decivitatedeilib01auguuoft_0161.png"; bbox 0 0 2020 3122; ppageno 0'>
   <div class='ocr_carea' id='block_1_1' title="bbox 590 137 1780 189">
    <p class='ocr_par' dir='ltr' id='par_1_1' title="bbox 590 137 1780 189">
     <span class='ocr_line' id='line_1_1' title="bbox 590 137 1780 189; baseline 0.006 -7"><span class='ocrx_word' id='word_1_1' title='bbox 590 150 656 182; x_wconf 81' lang='lat' dir='ltr'><strong>DE</strong></span> <span class='ocrx_word' id='word_1_2' title='bbox 682 149 921 183; x_wconf 74' lang='lat' dir='ltr'><strong>01v1⁷rA⁷rE</strong></span> <span class='ocrx_word' id='word_1_3' title='bbox 943 149 1032 181; x_wconf 77' lang='lat' dir='ltr'><strong>nm</strong></span> <span class='ocrx_word' id='word_1_4' title='bbox 1057 150 1098 182; x_wconf 82' lang='lat' dir='ltr'><strong>L.</strong></span> <span class='ocrx_word' id='word_1_5' title='bbox 1122 149 1187 183; x_wconf 85' lang='lat' dir='ltr'><strong>1v.</strong></span> <span class='ocrx_word' id='word_1_6' title='bbox 1213 149 1249 183; x_wconf 90' lang='lat' dir='ltr'><strong>c.</strong></span> <span class='ocrx_word' id='word_1_7' title='bbox 1274 151 1307 183; x_wconf 86' lang='lat'><strong>3.</strong></span> <span class='ocrx_word' id='word_1_8' title='bbox 1677 137 1780 189; x_wconf 83' lang='lat'><strong>149</strong></span> 
     </span>
    </p>
   </div>
   <div class='ocr_carea' id='block_1_2' title="bbox 33 261 1879 2765">
    <p class='ocr_par' dir='ltr' id='par_1_2' title="bbox 33 261 1879 2765">
     <span class='ocr_line' id='line_1_2' title="bbox 99 261 1783 330; baseline -0.002 -16"><span class='ocrx_word' id='word_1_9' title='bbox 99 264 337 330; x_wconf 89' lang='lat' dir='ltr'><strong>tribuere,</strong></span> <span class='ocrx_word' id='word_1_10' title='bbox 377 277 501 327; x_wconf 92' lang='lat' dir='ltr'><strong>quos</strong></span> <span class='ocrx_word' id='word_1_11' title='bbox 526 264 672 311; x_wconf 90' lang='lat' dir='ltr'><strong>etiam</strong></span> <span class='ocrx_word' id='word_1_12' title='bbox 703 277 793 326; x_wconf 92' lang='lat' dir='ltr'><strong>per</strong></span> <span class='ocrx_word' id='word_1_13' title='bbox 824 263 1045 326; x_wconf 87' lang='lat' dir='ltr'><strong>turpium</strong></span> <span class='ocrx_word' id='word_1_14' title='bbox 1077 261 1307 311; x_wconf 91' lang='lat' dir='ltr'><strong>ludorum</strong></span> <span class='ocrx_word' id='word_1_15' title='bbox 1339 261 1575 327; x_wconf 91' lang='lat' dir='ltr'><strong>obsequia</strong></span> <span class='ocrx_word' id='word_1_16' title='bbox 1607 269 1656 311; x_wconf 88' lang='lat' dir='ltr'><strong>et</strong></span> <span class='ocrx_word' id='word_1_17' title='bbox 1693 277 1783 326; x_wconf 90' lang='lat' dir='ltr'><strong>per</strong></span> 
     </span>
     <span class='ocr_line' id='line_1_3' title="bbox 98 335 1782 404; baseline -0.003 -15"><span class='ocrx_word' id='word_1_18' title='bbox 98 340 319 404; x_wconf 89' lang='lat' dir='ltr'><strong>turpium</strong></span> <span class='ocrx_word' id='word_1_19' title='bbox 357 337 614 385; x_wconf 89' lang='lat' dir='ltr'><strong>hominum</strong></span> <span class='ocrx_word' id='word_1_20' title='bbox 660 337 932 384; x_wconf 89' lang='lat' dir='ltr'><strong>ministeria</strong></span> <span class='ocrx_word' id='word_1_21' title='bbox 983 351 1035 384; x_wconf 91' lang='lat' dir='ltr'><strong>se</strong></span> <span class='ocrx_word' id='word_1_22' title='bbox 1086 335 1290 384; x_wconf 80' lang='lat' dir='ltr'>honeste</span> <span class='ocrx_word' id='word_1_23' title='bbox 1331 336 1542 386; x_wconf 91' lang='lat' dir='ltr'><strong>coluisse</strong></span> <span class='ocrx_word' id='word_1_24' title='bbox 1583 342 1782 385; x_wconf 91' lang='lat' dir='ltr'><strong>conten-</strong></span> 
     </span>
     <span class='ocr_line' id='line_1_4' title="bbox 98 408 1783 477; baseline -0.002 -15"><span class='ocrx_word' id='word_1_25' title='bbox 98 414 236 463; x_wconf 90' lang='lat' dir='ltr'><strong>dunt.</strong></span> <span class='ocrx_word' id='word_1_26' title='bbox 314 409 620 474; x_wconf 81' lang='lat' dir='ltr'><strong>Quamquam</strong></span> <span class='ocrx_word' id='word_1_27' title='bbox 658 411 798 474; x_wconf 87' lang='lat' dir='ltr'><strong>prius</strong></span> <span class='ocrx_word' id='word_1_28' title='bbox 837 408 1012 458; x_wconf 87' lang='lat' dir='ltr'><strong>vellem</strong></span> <span class='ocrx_word' id='word_1_29' title='bbox 1050 409 1305 474; x_wconf 90' lang='lat' dir='ltr'><strong>paululum</strong></span> <span class='ocrx_word' id='word_1_30' title='bbox 1343 412 1619 477; x_wconf 80' lang='lat' dir='ltr'><strong>inquirere,</strong></span> <span class='ocrx_word' id='word_1_31' title='bbox 1659 425 1783 474; x_wconf 87' lang='lat' dir='ltr'><strong>quae</strong></span> 
     </span>
     <span class='ocr_line' id='line_1_5' title="bbox 99 483 1785 551; baseline -0.002 -15"><span class='ocrx_word' id='word_1_32' title='bbox 99 489 163 536; x_wconf 90' lang='lat' dir='ltr'><strong>sit</strong></span> <span class='ocrx_word' id='word_1_33' title='bbox 209 486 357 551; x_wconf 89' lang='lat' dir='ltr'><strong>ratio,</strong></span> <span class='ocrx_word' id='word_1_34' title='bbox 409 499 533 548; x_wconf 89' lang='lat' dir='ltr'><strong>quae</strong></span> <span class='ocrx_word' id='word_1_35' title='bbox 580 483 866 549; x_wconf 89' lang='lat' dir='ltr'><strong>prudentia,</strong></span> <span class='ocrx_word' id='word_1_36' title='bbox 914 498 1027 532; x_wconf 92' lang='lat' dir='ltr'><strong>cum</strong></span> <span class='ocrx_word' id='word_1_37' title='bbox 1066 483 1323 532; x_wconf 92' lang='lat' dir='ltr'><strong>hominum</strong></span> <span class='ocrx_word' id='word_1_38' title='bbox 1363 484 1645 533; x_wconf 84' lang='lat' dir='ltr'><strong>felicitatem</strong></span> <span class='ocrx_word' id='word_1_39' title='bbox 1685 499 1785 532; x_wconf 90' lang='lat' dir='ltr'><strong>non</strong></span> 
     </span>
     <span class='ocr_line' id='line_1_6' title="bbox 97 556 1845 626; baseline -0.002 -17"><span class='ocrx_word' id='word_1_40' title='bbox 97 561 258 626; x_wconf 90' lang='lat' dir='ltr'><strong>possis</strong></span> <span class='ocrx_word' id='word_1_41' title='bbox 306 557 592 623; x_wconf 81' lang='lat' dir='ltr'><strong>ostendere,</strong></span> <span class='ocrx_word' id='word_1_42' title='bbox 647 572 843 622; x_wconf 89' lang='lat' dir='ltr'><strong>semper</strong></span> <span class='ocrx_word' id='word_1_43' title='bbox 896 559 947 605; x_wconf 92' lang='lat' dir='ltr'><strong>in</strong></span> <span class='ocrx_word' id='word_1_44' title='bbox 994 556 1183 605; x_wconf 80' lang='lat' dir='ltr'><strong>bellicis</strong></span> <span class='ocrx_word' id='word_1_45' title='bbox 1231 556 1451 605; x_wconf 83' lang='lat' dir='ltr'>cladibus</span> <span class='ocrx_word' id='word_1_46' title='bbox 1499 565 1548 606; x_wconf 89' lang='lat' dir='ltr'><strong>et</strong></span> <span class='ocrx_word' id='word_1_47' title='bbox 1586 560 1637 606; x_wconf 92' lang='lat' dir='ltr'><strong>in</strong></span> <span class='ocrx_word' id='word_1_48' title='bbox 1677 573 1784 606; x_wconf 90' lang='lat' dir='ltr'><strong>san·</strong></span> <span class='ocrx_word' id='word_1_49' title='bbox 1818 567 1845 606; x_wconf 84' lang='lat'>5</span> 
     </span>
     <span class='ocr_line' id='line_1_7' title="bbox 99 630 1785 699; baseline -0.002 -16"><span class='ocrx_word' id='word_1_50' title='bbox 99 636 246 699; x_wconf 90' lang='lat' dir='ltr'><strong>guine</strong></span> <span class='ocrx_word' id='word_1_51' title='bbox 273 631 403 681; x_wconf 92' lang='lat' dir='ltr'><strong>civili</strong></span> <span class='ocrx_word' id='word_1_52' title='bbox 429 631 504 680; x_wconf 93' lang='lat' dir='ltr'><strong>vel</strong></span> <span class='ocrx_word' id='word_1_53' title='bbox 528 630 711 698; x_wconf 90' lang='lat' dir='ltr'><strong>hostili,</strong></span> <span class='ocrx_word' id='word_1_54' title='bbox 737 637 901 679; x_wconf 77' lang='lat' dir='ltr'><strong>tamen</strong></span> <span class='ocrx_word' id='word_1_55' title='bbox 925 630 1140 680; x_wconf 89' lang='lat' dir='ltr'><strong>humano</strong></span> <span class='ocrx_word' id='word_1_56' title='bbox 1174 646 1288 680; x_wconf 91' lang='lat' dir='ltr'><strong>cum</strong></span> <span class='ocrx_word' id='word_1_57' title='bbox 1319 630 1583 680; x_wconf 88' lang='lat' dir='ltr'><strong>tenebroso</strong></span> <span class='ocrx_word' id='word_1_58' title='bbox 1610 633 1785 680; x_wconf 90' lang='lat' dir='ltr'><strong>timore</strong></span> 
     </span>
     <span class='ocr_line' id='line_1_8' title="bbox 100 704 1786 771; baseline -0.003 -13"><span class='ocrx_word' id='word_1_59' title='bbox 100 715 149 758; x_wconf 90' lang='lat' dir='ltr'><strong>et</strong></span> <span class='ocrx_word' id='word_1_60' title='bbox 196 712 401 756; x_wconf 90' lang='lat' dir='ltr'><strong>cruenta</strong></span> <span class='ocrx_word' id='word_1_61' title='bbox 450 704 716 770; x_wconf 91' lang='lat' dir='ltr'><strong>cupiditate</strong></span> <span class='ocrx_word' id='word_1_62' title='bbox 763 707 1089 771; x_wconf 81' lang='lat' dir='ltr'><strong>versantium,</strong></span> <span class='ocrx_word' id='word_1_63' title='bbox 1134 712 1191 754; x_wconf 91' lang='lat' dir='ltr'><strong>ut</strong></span> <span class='ocrx_word' id='word_1_64' title='bbox 1239 707 1392 754; x_wconf 89' lang='lat' dir='ltr'><strong>vitrea</strong></span> <span class='ocrx_word' id='word_1_65' title='bbox 1433 704 1615 753; x_wconf 90' lang='lat' dir='ltr'><strong>laetitia</strong></span> <span class='ocrx_word' id='word_1_66' title='bbox 1657 720 1786 754; x_wconf 89' lang='lat' dir='ltr'><strong>com-</strong></span> 
     </span>
     <span class='ocr_line' id='line_1_9' title="bbox 99 778 1785 848; baseline -0.002 -18"><span class='ocrx_word' id='word_1_67' title='bbox 99 788 303 848; x_wconf 77' lang='lat' dir='ltr'><strong>paretur</strong></span> <span class='ocrx_word' id='word_1_68' title='bbox 358 779 599 844; x_wconf 83' lang='lat' dir='ltr'><strong>fragiliter</strong></span> <span class='ocrx_word' id='word_1_69' title='bbox 653 779 929 844; x_wconf 90' lang='lat' dir='ltr'><strong>splendida,</strong></span> <span class='ocrx_word' id='word_1_70' title='bbox 985 781 1065 828; x_wconf 92' lang='lat' dir='ltr'><strong>cui</strong></span> <span class='ocrx_word' id='word_1_71' title='bbox 1113 780 1346 828; x_wconf 81' lang='lat' dir='ltr'><strong>timeatur</strong></span> <span class='ocrx_word' id='word_1_72' title='bbox 1396 778 1684 827; x_wconf 86' lang='lat' dir='ltr'><strong>horribilius</strong></span> <span class='ocrx_word' id='word_1_73' title='bbox 1723 793 1785 827; x_wconf 91' lang='lat' dir='ltr'><strong>ne</strong></span> 
     </span>
     <span class='ocr_line' id='line_1_10' title="bbox 99 852 1787 921; baseline -0.003 -16"><span class='ocrx_word' id='word_1_74' title='bbox 99 861 303 921; x_wconf 91' lang='lat' dir='ltr'><strong>repente</strong></span> <span class='ocrx_word' id='word_1_75' title='bbox 353 854 630 919; x_wconf 85' lang='lat' dir='ltr'><strong>frangatur,</strong></span> <span class='ocrx_word' id='word_1_76' title='bbox 686 853 745 901; x_wconf 90' lang='lat' dir='ltr'><strong>de</strong></span> <span class='ocrx_word' id='word_1_77' title='bbox 792 854 989 916; x_wconf 91' lang='lat' dir='ltr'><strong>imperii</strong></span> <span class='ocrx_word' id='word_1_78' title='bbox 1042 852 1301 902; x_wconf 89' lang='lat' dir='ltr'><strong>latitudine</strong></span> <span class='ocrx_word' id='word_1_79' title='bbox 1349 867 1404 901; x_wconf 90' lang='lat' dir='ltr'><strong>ac</strong></span> <span class='ocrx_word' id='word_1_80' title='bbox 1452 852 1787 917; x_wconf 86' lang='lat' dir='ltr'><strong>magnitudine</strong></span> 
     </span>
     <span class='ocr_line' id='line_1_11' title="bbox 97 926 1876 994; baseline -0.001 -15"><span class='ocrx_word' id='word_1_81' title='bbox 97 929 220 979; x_wconf 92' lang='lat' dir='ltr'><strong>velle</strong></span> <span class='ocrx_word' id='word_1_82' title='bbox 246 928 459 993; x_wconf 86' lang='lat' dir='ltr'><strong>gloriari.</strong></span> <span class='ocrx_word' id='word_1_83' title='bbox 535 926 640 975; x_wconf 90' lang='lat' dir='ltr'><strong>Hoc</strong></span> <span class='ocrx_word' id='word_1_84' title='bbox 666 933 722 975; x_wconf 89' lang='lat' dir='ltr'><strong>ut</strong></span> <span class='ocrx_word' id='word_1_85' title='bbox 753 926 944 975; x_wconf 85' lang='lat' dir='ltr'><strong>facilius</strong></span> <span class='ocrx_word' id='word_1_86' title='bbox 977 926 1291 994; x_wconf 87' lang='lat' dir='ltr'><strong>diiudicetur,</strong></span> <span class='ocrx_word' id='word_1_87' title='bbox 1330 942 1430 975; x_wconf 94' lang='lat' dir='ltr'><strong>non</strong></span> <span class='ocrx_word' id='word_1_88' title='bbox 1469 941 1787 975; x_wconf 85' lang='lat' dir='ltr'><strong>vanescamus</strong></span> <span class='ocrx_word' id='word_1_89' title='bbox 1823 937 1876 977; x_wconf 89' lang='lat'><strong>10</strong></span> 
     </span>
     <span class='ocr_line' id='line_1_12' title="bbox 100 999 1789 1064; baseline -0.002 -12"><span class='ocrx_word' id='word_1_90' title='bbox 100 1004 233 1053; x_wconf 90' lang='lat' dir='ltr'><strong>inani</strong></span> <span class='ocrx_word' id='word_1_91' title='bbox 257 1003 549 1051; x_wconf 82' lang='lat' dir='ltr'><strong>ventositate</strong></span> <span class='ocrx_word' id='word_1_92' title='bbox 574 1001 738 1049; x_wconf 88' lang='lat' dir='ltr'><strong>iactati</strong></span> <span class='ocrx_word' id='word_1_93' title='bbox 770 1006 915 1064; x_wconf 85' lang='lat' dir='ltr'><strong>atque</strong></span> <span class='ocrx_word' id='word_1_94' title='bbox 950 999 1279 1050; x_wconf 84' lang='lat' dir='ltr'><strong>obtundamus</strong></span> <span class='ocrx_word' id='word_1_95' title='bbox 1303 1002 1592 1049; x_wconf 89' lang='lat' dir='ltr'><strong>intentionis</strong></span> <span class='ocrx_word' id='word_1_96' title='bbox 1633 1002 1789 1049; x_wconf 91' lang='lat' dir='ltr'><strong>aciem</strong></span> 
     </span>
     <span class='ocr_line' id='line_1_13' title="bbox 101 1073 1788 1140; baseline -0.002 -14"><span class='ocrx_word' id='word_1_97' title='bbox 101 1077 321 1126; x_wconf 87' lang='lat' dir='ltr'><strong>altisonis</strong></span> <span class='ocrx_word' id='word_1_98' title='bbox 375 1073 625 1124; x_wconf 87' lang='lat' dir='ltr'><strong>vocabulis</strong></span> <span class='ocrx_word' id='word_1_99' title='bbox 679 1085 872 1140; x_wconf 86' lang='lat' dir='ltr'><strong>rerum,</strong></span> <span class='ocrx_word' id='word_1_100' title='bbox 928 1089 1041 1122; x_wconf 92' lang='lat' dir='ltr'><strong>cum</strong></span> <span class='ocrx_word' id='word_1_101' title='bbox 1095 1074 1320 1123; x_wconf 90' lang='lat' dir='ltr'><strong>audimus</strong></span> <span class='ocrx_word' id='word_1_102' title='bbox 1370 1074 1581 1139; x_wconf 91' lang='lat' dir='ltr'><strong>populos</strong></span> <span class='ocrx_word' id='word_1_103' title='bbox 1635 1089 1788 1138; x_wconf 89' lang='lat' dir='ltr'><strong>regna</strong></span> 
     </span>
     <span class='ocr_line' id='line_1_14' title="bbox 99 1143 1788 1216; baseline -0.002 -17"><span class='ocrx_word' id='word_1_104' title='bbox 99 1151 400 1216; x_wconf 80' lang='lat' dir='ltr'><strong>provincias3</strong></span> <span class='ocrx_word' id='word_1_105' title='bbox 441 1147 526 1197; x_wconf 91' lang='lat' dir='ltr'><strong>sed</strong></span> <span class='ocrx_word' id='word_1_106' title='bbox 568 1147 691 1196; x_wconf 90' lang='lat' dir='ltr'><strong>duos</strong></span> <span class='ocrx_word' id='word_1_107' title='bbox 724 1149 1083 1196; x_wconf 86' lang='lat' dir='ltr'><strong>constituamus</strong></span> <span class='ocrx_word' id='word_1_108' title='bbox 1122 1148 1347 1197; x_wconf 89' lang='lat' dir='ltr'><strong>homines</strong></span> <span class='ocrx_word' id='word_1_109' title='bbox 1389 1143 1526 1215; x_wconf 84' lang='lat' dir='ltr'><strong>(nam</strong></span> <span class='ocrx_word' id='word_1_110' title='bbox 1567 1147 1788 1213; x_wconf 88' lang='lat' dir='ltr'><strong>singulus</strong></span> 
     </span>
     <span class='ocr_line' id='line_1_15' title="bbox 100 1221 1786 1290; baseline -0.002 -16"><span class='ocrx_word' id='word_1_111' title='bbox 100 1226 310 1290; x_wconf 88' lang='lat' dir='ltr'><strong>quisque</strong></span> <span class='ocrx_word' id='word_1_112' title='bbox 356 1221 528 1287; x_wconf 91' lang='lat' dir='ltr'><strong>hom0,</strong></span> <span class='ocrx_word' id='word_1_113' title='bbox 574 1228 631 1270; x_wconf 90' lang='lat' dir='ltr'><strong>ut</strong></span> <span class='ocrx_word' id='word_1_114' title='bbox 676 1223 728 1270; x_wconf 91' lang='lat' dir='ltr'><strong>in</strong></span> <span class='ocrx_word' id='word_1_115' title='bbox 775 1236 1002 1270; x_wconf 86' lang='lat' dir='ltr'><strong>sermone</strong></span> <span class='ocrx_word' id='word_1_116' title='bbox 1043 1237 1141 1270; x_wconf 92' lang='lat' dir='ltr'><strong>una</strong></span> <span class='ocrx_word' id='word_1_117' title='bbox 1180 1222 1365 1288; x_wconf 87' lang='lat' dir='ltr'><strong>littera,</strong></span> <span class='ocrx_word' id='word_1_118' title='bbox 1404 1224 1472 1270; x_wconf 90' lang='lat' dir='ltr'><strong>ita</strong></span> <span class='ocrx_word' id='word_1_119' title='bbox 1511 1224 1651 1286; x_wconf 84' lang='lat' dir='ltr'><strong>quasi</strong></span> <span class='ocrx_word' id='word_1_120' title='bbox 1692 1221 1786 1270; x_wconf 91' lang='lat' dir='ltr'><strong>ele-</strong></span> 
     </span>
     <span class='ocr_line' id='line_1_16' title="bbox 33 1295 1875 1372; baseline -0.001 -24"><span class='ocrx_word' id='word_1_121' title='bbox 33 1356 46 1372; x_wconf 50' lang='lat'><strong>·</strong></span> <span class='ocrx_word' id='word_1_122' title='bbox 101 1304 323 1348; x_wconf 91' lang='lat' dir='ltr'><strong>mentum</strong></span> <span class='ocrx_word' id='word_1_123' title='bbox 362 1302 438 1344; x_wconf 92' lang='lat' dir='ltr'><strong>est</strong></span> <span class='ocrx_word' id='word_1_124' title='bbox 477 1296 688 1344; x_wconf 89' lang='lat' dir='ltr'><strong>civitatis</strong></span> <span class='ocrx_word' id='word_1_125' title='bbox 729 1301 778 1343; x_wconf 92' lang='lat' dir='ltr'><strong>et</strong></span> <span class='ocrx_word' id='word_1_126' title='bbox 817 1297 972 1361; x_wconf 89' lang='lat' dir='ltr'><strong>regni,</strong></span> <span class='ocrx_word' id='word_1_127' title='bbox 1011 1295 1315 1359; x_wconf 89' lang='lat' dir='ltr'><strong>quantalibet</strong></span> <span class='ocrx_word' id='word_1_128' title='bbox 1353 1302 1601 1344; x_wconf 90' lang='lat' dir='ltr'><strong>terrarum</strong></span> <span class='ocrx_word' id='word_1_129' title='bbox 1641 1311 1785 1344; x_wconf 93' lang='lat' dir='ltr'><strong>occu-</strong></span> <span class='ocrx_word' id='word_1_130' title='bbox 1821 1306 1875 1346; x_wconf 84' lang='lat'><strong>15</strong></span> 
     </span>
     <span class='ocr_line' id='line_1_17' title="bbox 100 1363 1786 1438; baseline -0.002 -17"><span class='ocrx_word' id='word_1_131' title='bbox 100 1374 295 1438; x_wconf 91' lang='lat' dir='ltr'><strong>patione</strong></span> <span class='ocrx_word' id='word_1_132' title='bbox 343 1363 616 1436; x_wconf 77' lang='lat' dir='ltr'><strong>latissimi),</strong></span> <span class='ocrx_word' id='word_1_133' title='bbox 668 1384 882 1433; x_wconf 88' lang='lat' dir='ltr'><strong>quorum</strong></span> <span class='ocrx_word' id='word_1_134' title='bbox 930 1369 1142 1418; x_wconf 86' lang='lat' dir='ltr'><strong>duorum</strong></span> <span class='ocrx_word' id='word_1_135' title='bbox 1181 1369 1436 1418; x_wconf 89' lang='lat' dir='ltr'><strong>hominum</strong></span> <span class='ocrx_word' id='word_1_136' title='bbox 1475 1384 1630 1418; x_wconf 92' lang='lat' dir='ltr'><strong>unum</strong></span> <span class='ocrx_word' id='word_1_137' title='bbox 1670 1384 1786 1434; x_wconf 90' lang='lat' dir='ltr'><strong>pau-</strong></span> 
     </span>
     <span class='ocr_line' id='line_1_18' title="bbox 101 1442 1789 1512; baseline -0.002 -16"><span class='ocrx_word' id='word_1_138' title='bbox 101 1461 273 1512; x_wconf 90' lang='lat' dir='ltr'><strong>perem</strong></span> <span class='ocrx_word' id='word_1_139' title='bbox 304 1443 380 1493; x_wconf 90' lang='lat' dir='ltr'><strong>vel</strong></span> <span class='ocrx_word' id='word_1_140' title='bbox 404 1445 569 1508; x_wconf 90' lang='lat' dir='ltr'><strong>potius</strong></span> <span class='ocrx_word' id='word_1_141' title='bbox 602 1443 917 1508; x_wconf 84' lang='lat' dir='ltr'><strong>mediocrem,</strong></span> <span class='ocrx_word' id='word_1_142' title='bbox 957 1442 1107 1492; x_wconf 89' lang='lat' dir='ltr'><strong>alium</strong></span> <span class='ocrx_word' id='word_1_143' title='bbox 1139 1442 1461 1507; x_wconf 89' lang='lat' dir='ltr'><strong>praedivitem</strong></span> <span class='ocrx_word' id='word_1_144' title='bbox 1494 1445 1789 1509; x_wconf 82' lang='lat' dir='ltr'><strong>cogitemus3</strong></span> 
     </span>
     <span class='ocr_line' id='line_1_19' title="bbox 102 1516 1790 1584; baseline -0.002 -15"><span class='ocrx_word' id='word_1_145' title='bbox 102 1520 188 1569; x_wconf 91' lang='lat' dir='ltr'><strong>sed</strong></span> <span class='ocrx_word' id='word_1_146' title='bbox 240 1519 440 1567; x_wconf 90' lang='lat' dir='ltr'><strong>divitem</strong></span> <span class='ocrx_word' id='word_1_147' title='bbox 491 1516 753 1565; x_wconf 89' lang='lat' dir='ltr'><strong>timoribus</strong></span> <span class='ocrx_word' id='word_1_148' title='bbox 802 1518 1023 1584; x_wconf 83' lang='lat' dir='ltr'><strong>anxium,</strong></span> <span class='ocrx_word' id='word_1_149' title='bbox 1079 1516 1386 1566; x_wconf 88' lang='lat' dir='ltr'><strong>maeroribus</strong></span> <span class='ocrx_word' id='word_1_150' title='bbox 1439 1516 1790 1583; x_wconf 88' lang='lat' dir='ltr'><strong>tabescentem,</strong></span> 
     </span>
     <span class='ocr_line' id='line_1_20' title="bbox 103 1591 1786 1659; baseline -0.002 -16"><span class='ocrx_word' id='word_1_151' title='bbox 103 1593 369 1659; x_wconf 89' lang='lat' dir='ltr'><strong>cupiditate</strong></span> <span class='ocrx_word' id='word_1_152' title='bbox 410 1591 721 1657; x_wconf 83' lang='lat' dir='ltr'><strong>flagrantem,</strong></span> <span class='ocrx_word' id='word_1_153' title='bbox 760 1606 1028 1655; x_wconf 90' lang='lat' dir='ltr'><strong>numquam</strong></span> <span class='ocrx_word' id='word_1_154' title='bbox 1069 1606 1323 1658; x_wconf 88' lang='lat' dir='ltr'><strong>securum,</strong></span> <span class='ocrx_word' id='word_1_155' title='bbox 1365 1606 1561 1656; x_wconf 87' lang='lat' dir='ltr'><strong>semper</strong></span> <span class='ocrx_word' id='word_1_156' title='bbox 1600 1593 1786 1655; x_wconf 84' lang='lat' dir='ltr'><strong>inquie-</strong></span> 
     </span>
     <span class='ocr_line' id='line_1_21' title="bbox 103 1664 1879 1734; baseline -0.001 -17"><span class='ocrx_word' id='word_1_157' title='bbox 103 1676 230 1734; x_wconf 90' lang='lat' dir='ltr'><strong>tum,</strong></span> <span class='ocrx_word' id='word_1_158' title='bbox 284 1666 540 1731; x_wconf 90' lang='lat' dir='ltr'><strong>perpetuis</strong></span> <span class='ocrx_word' id='word_1_159' title='bbox 586 1666 953 1714; x_wconf 88' lang='lat' dir='ltr'><strong>inimicitiarum</strong></span> <span class='ocrx_word' id='word_1_160' title='bbox 1003 1664 1404 1714; x_wconf 88' lang='lat' dir='ltr'><strong>contentionibus</strong></span> <span class='ocrx_word' id='word_1_161' title='bbox 1467 1664 1791 1731; x_wconf 89' lang='lat' dir='ltr'><strong>anhelantem,</strong></span> <span class='ocrx_word' id='word_1_162' title='bbox 1823 1675 1879 1715; x_wconf 81' lang='lat'><strong>20</strong></span> 
     </span>
     <span class='ocr_line' id='line_1_22' title="bbox 102 1738 1790 1806; baseline -0.003 -15"><span class='ocrx_word' id='word_1_163' title='bbox 102 1748 363 1806; x_wconf 88' lang='lat' dir='ltr'><strong>augentem</strong></span> <span class='ocrx_word' id='word_1_164' title='bbox 403 1754 519 1788; x_wconf 89' lang='lat' dir='ltr'><strong>sane</strong></span> <span class='ocrx_word' id='word_1_165' title='bbox 567 1738 645 1787; x_wconf 92' lang='lat' dir='ltr'><strong>his</strong></span> <span class='ocrx_word' id='word_1_166' title='bbox 684 1740 898 1788; x_wconf 90' lang='lat' dir='ltr'><strong>miseriis</strong></span> <span class='ocrx_word' id='word_1_167' title='bbox 936 1741 1287 1803; x_wconf 91' lang='lat' dir='ltr'><strong>patrimonium</strong></span> <span class='ocrx_word' id='word_1_168' title='bbox 1328 1754 1472 1788; x_wconf 91' lang='lat' dir='ltr'><strong>suum</strong></span> <span class='ocrx_word' id='word_1_169' title='bbox 1511 1740 1562 1787; x_wconf 93' lang='lat' dir='ltr'><strong>in</strong></span> <span class='ocrx_word' id='word_1_170' title='bbox 1602 1740 1790 1787; x_wconf 90' lang='lat' dir='ltr'><strong>inmen-</strong></span> 
     </span>
     <span class='ocr_line' id='line_1_23' title="bbox 104 1812 1790 1877; baseline -0.003 -12"><span class='ocrx_word' id='word_1_171' title='bbox 104 1831 214 1865; x_wconf 91' lang='lat' dir='ltr'><strong>sum</strong></span> <span class='ocrx_word' id='word_1_172' title='bbox 245 1813 446 1863; x_wconf 88' lang='lat' dir='ltr'><strong>modum</strong></span> <span class='ocrx_word' id='word_1_173' title='bbox 486 1819 632 1877; x_wconf 89' lang='lat' dir='ltr'><strong>atque</strong></span> <span class='ocrx_word' id='word_1_174' title='bbox 672 1812 768 1861; x_wconf 91' lang='lat' dir='ltr'><strong>illis</strong></span> <span class='ocrx_word' id='word_1_175' title='bbox 808 1815 1084 1877; x_wconf 84' lang='lat' dir='ltr'><strong>augmentis</strong></span> <span class='ocrx_word' id='word_1_176' title='bbox 1125 1828 1268 1862; x_wconf 90' lang='lat' dir='ltr'><strong>curas</strong></span> <span class='ocrx_word' id='word_1_177' title='bbox 1309 1828 1505 1877; x_wconf 92' lang='lat' dir='ltr'><strong>quoque</strong></span> <span class='ocrx_word' id='word_1_178' title='bbox 1547 1814 1790 1861; x_wconf 90' lang='lat' dir='ltr'><strong>amarissi-</strong></span> 
     </span>
     <span class='ocr_line' id='line_1_24' title="bbox 102 1886 1792 1953; baseline -0.002 -15"><span class='ocrx_word' id='word_1_179' title='bbox 102 1905 206 1951; x_wconf 90' lang='lat' dir='ltr'><strong>mas</strong></span> <span class='ocrx_word' id='word_1_180' title='bbox 246 1892 580 1953; x_wconf 82' lang='lat' dir='ltr'><strong>aggerantem3</strong></span> <span class='ocrx_word' id='word_1_181' title='bbox 621 1886 922 1935; x_wconf 90' lang='lat' dir='ltr'><strong>mediocrem</strong></span> <span class='ocrx_word' id='word_1_182' title='bbox 953 1902 1069 1935; x_wconf 88' lang='lat' dir='ltr'><strong>vero</strong></span> <span class='ocrx_word' id='word_1_183' title='bbox 1110 1886 1246 1935; x_wconf 89' lang='lat' dir='ltr'><strong>illum</strong></span> <span class='ocrx_word' id='word_1_184' title='bbox 1286 1902 1339 1935; x_wconf 87' lang='lat' dir='ltr'><strong>re</strong></span> <span class='ocrx_word' id='word_1_185' title='bbox 1380 1886 1606 1935; x_wconf 88' lang='lat' dir='ltr'><strong>familiari</strong></span> <span class='ocrx_word' id='word_1_186' title='bbox 1644 1900 1792 1950; x_wconf 90' lang='lat' dir='ltr'><strong>parva</strong></span> 
     </span>
     <span class='ocr_line' id='line_1_25' title="bbox 104 1960 1791 2027; baseline -0.002 -15"><span class='ocrx_word' id='word_1_187' title='bbox 104 1970 250 2027; x_wconf 92' lang='lat' dir='ltr'><strong>atque</strong></span> <span class='ocrx_word' id='word_1_188' title='bbox 299 1962 550 2010; x_wconf 89' lang='lat' dir='ltr'><strong>succincta</strong></span> <span class='ocrx_word' id='word_1_189' title='bbox 597 1960 690 2009; x_wconf 90' lang='lat' dir='ltr'><strong>sibi</strong></span> <span class='ocrx_word' id='word_1_190' title='bbox 738 1960 1090 2026; x_wconf 87' lang='lat' dir='ltr'><strong>sufficientem,</strong></span> <span class='ocrx_word' id='word_1_191' title='bbox 1139 1962 1446 2009; x_wconf 89' lang='lat' dir='ltr'><strong>carissimum</strong></span> <span class='ocrx_word' id='word_1_192' title='bbox 1504 1962 1629 2026; x_wconf 82' lang='lat' dir='ltr'><strong>suiS,</strong></span> <span class='ocrx_word' id='word_1_193' title='bbox 1678 1974 1791 2008; x_wconf 91' lang='lat' dir='ltr'><strong>cum</strong></span> 
     </span>
     <span class='ocr_line' id='line_1_26' title="bbox 107 2033 1879 2101; baseline -0.002 -15"><span class='ocrx_word' id='word_1_194' title='bbox 107 2038 326 2101; x_wconf 88' lang='lat' dir='ltr'><strong>cognatis</strong></span> <span class='ocrx_word' id='word_1_195' title='bbox 365 2035 539 2082; x_wconf 89' lang='lat' dir='ltr'><strong>vicinis</strong></span> <span class='ocrx_word' id='word_1_196' title='bbox 571 2035 740 2082; x_wconf 88' lang='lat' dir='ltr'><strong>amicis</strong></span> <span class='ocrx_word' id='word_1_197' title='bbox 781 2033 1063 2083; x_wconf 90' lang='lat' dir='ltr'><strong>dulcissima</strong></span> <span class='ocrx_word' id='word_1_198' title='bbox 1100 2049 1220 2099; x_wconf 86' lang='lat' dir='ltr'><strong>pace</strong></span> <span class='ocrx_word' id='word_1_199' title='bbox 1260 2034 1570 2101; x_wconf 85' lang='lat' dir='ltr'><strong>gaudentem,</strong></span> <span class='ocrx_word' id='word_1_200' title='bbox 1609 2035 1790 2098; x_wconf 89' lang='lat' dir='ltr'><strong>pietate</strong></span> <span class='ocrx_word' id='word_1_201' title='bbox 1824 2043 1879 2082; x_wconf 79' lang='lat'><strong>25</strong></span> 
     </span>
     <span class='ocr_line' id='line_1_27' title="bbox 106 2107 1792 2175; baseline -0.002 -16"><span class='ocrx_word' id='word_1_202' title='bbox 106 2110 410 2175; x_wconf 87' lang='lat' dir='ltr'><strong>religiosum,</strong></span> <span class='ocrx_word' id='word_1_203' title='bbox 448 2107 716 2172; x_wconf 91' lang='lat' dir='ltr'><strong>benignum</strong></span> <span class='ocrx_word' id='word_1_204' title='bbox 748 2114 927 2175; x_wconf 89' lang='lat' dir='ltr'><strong>mente,</strong></span> <span class='ocrx_word' id='word_1_205' title='bbox 968 2123 1141 2157; x_wconf 87' lang='lat' dir='ltr'><strong>sanum</strong></span> <span class='ocrx_word' id='word_1_206' title='bbox 1174 2123 1398 2174; x_wconf 90' lang='lat' dir='ltr'><strong>corpore,</strong></span> <span class='ocrx_word' id='word_1_207' title='bbox 1437 2109 1534 2157; x_wconf 91' lang='lat' dir='ltr'><strong>vita</strong></span> <span class='ocrx_word' id='word_1_208' title='bbox 1572 2122 1792 2173; x_wconf 90' lang='lat' dir='ltr'><strong>parcum,</strong></span> 
     </span>
     <span class='ocr_line' id='line_1_28' title="bbox 106 2181 1791 2248; baseline -0.002 -15"><span class='ocrx_word' id='word_1_209' title='bbox 106 2183 326 2233; x_wconf 91' lang='lat' dir='ltr'><strong>moribus</strong></span> <span class='ocrx_word' id='word_1_210' title='bbox 359 2188 563 2248; x_wconf 90' lang='lat' dir='ltr'><strong>castum,</strong></span> <span class='ocrx_word' id='word_1_211' title='bbox 604 2183 906 2231; x_wconf 90' lang='lat' dir='ltr'><strong>conscientia</strong></span> <span class='ocrx_word' id='word_1_212' title='bbox 939 2198 1184 2231; x_wconf 91' lang='lat' dir='ltr'><strong>securum.</strong></span> <span class='ocrx_word' id='word_1_213' title='bbox 1247 2181 1425 2231; x_wconf 90' lang='lat' dir='ltr'><strong>Nescio</strong></span> <span class='ocrx_word' id='word_1_214' title='bbox 1459 2188 1628 2231; x_wconf 90' lang='lat' dir='ltr'><strong>utrum</strong></span> <span class='ocrx_word' id='word_1_215' title='bbox 1661 2183 1791 2246; x_wconf 90' lang='lat' dir='ltr'><strong>quis-</strong></span> 
     </span>
     <span class='ocr_line' id='line_1_29' title="bbox 106 2254 1793 2323; baseline -0.002 -16"><span class='ocrx_word' id='word_1_216' title='bbox 106 2273 252 2323; x_wconf 91' lang='lat' dir='ltr'><strong>quam</strong></span> <span class='ocrx_word' id='word_1_217' title='bbox 290 2259 359 2306; x_wconf 92' lang='lat' dir='ltr'><strong>ita</strong></span> <span class='ocrx_word' id='word_1_218' title='bbox 383 2256 606 2322; x_wconf 86' lang='lat' dir='ltr'><strong>desipiat,</strong></span> <span class='ocrx_word' id='word_1_219' title='bbox 644 2262 700 2304; x_wconf 92' lang='lat' dir='ltr'><strong>ut</strong></span> <span class='ocrx_word' id='word_1_220' title='bbox 740 2254 917 2306; x_wconf 90' lang='lat' dir='ltr'><strong>audeat</strong></span> <span class='ocrx_word' id='word_1_221' title='bbox 955 2256 1180 2306; x_wconf 90' lang='lat' dir='ltr'><strong>dubitare</strong></span> <span class='ocrx_word' id='word_1_222' title='bbox 1221 2271 1368 2320; x_wconf 91' lang='lat' dir='ltr'><strong>quem</strong></span> <span class='ocrx_word' id='word_1_223' title='bbox 1407 2256 1666 2320; x_wconf 87' lang='lat' dir='ltr'><strong>praeferat.</strong></span> <span class='ocrx_word' id='word_1_224' title='bbox 1729 2254 1793 2303; x_wconf 89' lang='lat' dir='ltr'><strong>Ut</strong></span> 
     </span>
     <span class='ocr_line' id='line_1_30' title="bbox 106 2328 1791 2397; baseline -0.002 -16"><span class='ocrx_word' id='word_1_225' title='bbox 106 2347 222 2396; x_wconf 89' lang='lat' dir='ltr'><strong>ergo</strong></span> <span class='ocrx_word' id='word_1_226' title='bbox 262 2333 314 2380; x_wconf 91' lang='lat' dir='ltr'><strong>in</strong></span> <span class='ocrx_word' id='word_1_227' title='bbox 353 2330 430 2378; x_wconf 92' lang='lat' dir='ltr'><strong>his</strong></span> <span class='ocrx_word' id='word_1_228' title='bbox 470 2328 663 2379; x_wconf 91' lang='lat' dir='ltr'><strong>duobus</strong></span> <span class='ocrx_word' id='word_1_229' title='bbox 702 2329 1007 2397; x_wconf 82' lang='lat' dir='ltr'><strong>hominibuS,</strong></span> <span class='ocrx_word' id='word_1_230' title='bbox 1047 2332 1115 2379; x_wconf 93' lang='lat' dir='ltr'><strong>ita</strong></span> <span class='ocrx_word' id='word_1_231' title='bbox 1154 2332 1204 2378; x_wconf 92' lang='lat' dir='ltr'><strong>in</strong></span> <span class='ocrx_word' id='word_1_232' title='bbox 1245 2329 1435 2378; x_wconf 90' lang='lat' dir='ltr'><strong>duabus</strong></span> <span class='ocrx_word' id='word_1_233' title='bbox 1476 2329 1686 2395; x_wconf 89' lang='lat' dir='ltr'><strong>familiis,</strong></span> <span class='ocrx_word' id='word_1_234' title='bbox 1725 2331 1791 2377; x_wconf 89' lang='lat' dir='ltr'><strong>ita</strong></span> 
     </span>
     <span class='ocr_line' id='line_1_31' title="bbox 38 2403 1878 2469; baseline -0.002 -15"><span class='ocrx_word' id='word_1_235' title='bbox 38 2434 42 2437; x_wconf 56' lang='lat'>&lt;</span> <span class='ocrx_word' id='word_1_236' title='bbox 104 2407 154 2454; x_wconf 91' lang='lat' dir='ltr'><strong>in</strong></span> <span class='ocrx_word' id='word_1_237' title='bbox 202 2403 396 2454; x_wconf 93' lang='lat' dir='ltr'><strong>duobus</strong></span> <span class='ocrx_word' id='word_1_238' title='bbox 442 2403 660 2469; x_wconf 82' lang='lat' dir='ltr'><strong>populiS,</strong></span> <span class='ocrx_word' id='word_1_239' title='bbox 708 2405 775 2452; x_wconf 89' lang='lat' dir='ltr'><strong>ita</strong></span> <span class='ocrx_word' id='word_1_240' title='bbox 822 2405 873 2451; x_wconf 93' lang='lat' dir='ltr'><strong>in</strong></span> <span class='ocrx_word' id='word_1_241' title='bbox 913 2404 1107 2453; x_wconf 90' lang='lat' dir='ltr'><strong>duobus</strong></span> <span class='ocrx_word' id='word_1_242' title='bbox 1147 2405 1314 2468; x_wconf 85' lang='lat' dir='ltr'><strong>regnis</strong></span> <span class='ocrx_word' id='word_1_243' title='bbox 1354 2403 1523 2468; x_wconf 85' lang='lat' dir='ltr'><strong>regula</strong></span> <span class='ocrx_word' id='word_1_244' title='bbox 1565 2404 1790 2467; x_wconf 90' lang='lat' dir='ltr'><strong>sequitur</strong></span> <span class='ocrx_word' id='word_1_245' title='bbox 1822 2412 1878 2451; x_wconf 93' lang='lat'><strong>30</strong></span> 
     </span>
     <span class='ocr_line' id='line_1_32' title="bbox 105 2477 1788 2544; baseline -0.002 -17"><span class='ocrx_word' id='word_1_246' title='bbox 105 2479 380 2544; x_wconf 83' lang='lat' dir='ltr'><strong>aequitatiS,</strong></span> <span class='ocrx_word' id='word_1_247' title='bbox 419 2492 515 2542; x_wconf 89' lang='lat' dir='ltr'><strong>qua</strong></span> <span class='ocrx_word' id='word_1_248' title='bbox 547 2477 804 2541; x_wconf 85' lang='lat' dir='ltr'><strong>vigilanter</strong></span> <span class='ocrx_word' id='word_1_249' title='bbox 843 2477 1057 2527; x_wconf 87' lang='lat' dir='ltr'><strong>adhibita</strong></span> <span class='ocrx_word' id='word_1_250' title='bbox 1098 2480 1139 2527; x_wconf 94' lang='lat' dir='ltr'><strong>si</strong></span> <span class='ocrx_word' id='word_1_251' title='bbox 1178 2484 1346 2526; x_wconf 90' lang='lat' dir='ltr'><strong>nostra</strong></span> <span class='ocrx_word' id='word_1_252' title='bbox 1385 2478 1595 2526; x_wconf 91' lang='lat' dir='ltr'><strong>intentio</strong></span> <span class='ocrx_word' id='word_1_253' title='bbox 1637 2478 1788 2524; x_wconf 90' lang='lat' dir='ltr'><strong>corri-</strong></span> 
     </span>
     <span class='ocr_line' id='line_1_33' title="bbox 106 2549 1789 2619; baseline -0.004 -17"><span class='ocrx_word' id='word_1_254' title='bbox 106 2559 271 2619; x_wconf 84' lang='lat' dir='ltr'><strong>gatur,</strong></span> <span class='ocrx_word' id='word_1_255' title='bbox 311 2550 540 2601; x_wconf 89' lang='lat' dir='ltr'><strong>facillime</strong></span> <span class='ocrx_word' id='word_1_256' title='bbox 580 2550 854 2599; x_wconf 89' lang='lat' dir='ltr'><strong>videbimus</strong></span> <span class='ocrx_word' id='word_1_257' title='bbox 895 2551 980 2600; x_wconf 94' lang='lat' dir='ltr'><strong>ubi</strong></span> <span class='ocrx_word' id='word_1_258' title='bbox 1019 2551 1206 2601; x_wconf 89' lang='lat' dir='ltr'><strong>habitet</strong></span> <span class='ocrx_word' id='word_1_259' title='bbox 1246 2553 1432 2600; x_wconf 90' lang='lat' dir='ltr'><strong>vanitas</strong></span> <span class='ocrx_word' id='word_1_260' title='bbox 1473 2558 1522 2599; x_wconf 90' lang='lat' dir='ltr'><strong>et</strong></span> <span class='ocrx_word' id='word_1_261' title='bbox 1561 2549 1645 2598; x_wconf 93' lang='lat' dir='ltr'><strong>ubi</strong></span> <span class='ocrx_word' id='word_1_262' title='bbox 1687 2549 1789 2597; x_wconf 87' lang='lat' dir='ltr'><strong>feli-</strong></span> 
     </span>
     <span class='ocr_line' id='line_1_34' title="bbox 51 2623 1790 2689; baseline -0.003 -14"><span class='ocrx_word' id='word_1_263' title='bbox 51 2668 54 2669; x_wconf 15' lang='lat' dir='ltr'><strong>r</strong></span> <span class='ocrx_word' id='word_1_264' title='bbox 107 2628 241 2675; x_wconf 79' lang='lat' dir='ltr'><strong>citas,</strong></span> <span class='ocrx_word' id='word_1_265' title='bbox 335 2625 647 2689; x_wconf 85' lang='lat' dir='ltr'><strong>Quapropter</strong></span> <span class='ocrx_word' id='word_1_266' title='bbox 710 2626 751 2673; x_wconf 88' lang='lat' dir='ltr'><strong>si</strong></span> <span class='ocrx_word' id='word_1_267' title='bbox 806 2623 937 2675; x_wconf 91' lang='lat' dir='ltr'><strong>Deus</strong></span> <span class='ocrx_word' id='word_1_268' title='bbox 992 2641 1138 2675; x_wconf 90' lang='lat' dir='ltr'><strong>verus</strong></span> <span class='ocrx_word' id='word_1_269' title='bbox 1195 2625 1383 2674; x_wconf 87' lang='lat' dir='ltr'><strong>colatur</strong></span> <span class='ocrx_word' id='word_1_270' title='bbox 1439 2625 1581 2687; x_wconf 90' lang='lat' dir='ltr'><strong>eique</strong></span> <span class='ocrx_word' id='word_1_271' title='bbox 1638 2623 1790 2670; x_wconf 89' lang='lat' dir='ltr'><strong>sacris</strong></span> 
     </span>
     <span class='ocr_line' id='line_1_35' title="bbox 107 2695 1874 2765; baseline -0.004 -17"><span class='ocrx_word' id='word_1_272' title='bbox 107 2698 364 2748; x_wconf 90' lang='lat' dir='ltr'><strong>veracibus</strong></span> <span class='ocrx_word' id='word_1_273' title='bbox 413 2706 461 2747; x_wconf 91' lang='lat' dir='ltr'><strong>et</strong></span> <span class='ocrx_word' id='word_1_274' title='bbox 506 2697 651 2746; x_wconf 91' lang='lat' dir='ltr'><strong>bonis</strong></span> <span class='ocrx_word' id='word_1_275' title='bbox 703 2698 924 2747; x_wconf 89' lang='lat' dir='ltr'><strong>moribus</strong></span> <span class='ocrx_word' id='word_1_276' title='bbox 973 2702 1237 2765; x_wconf 91' lang='lat' dir='ltr'><strong>serviatur,</strong></span> <span class='ocrx_word' id='word_1_277' title='bbox 1286 2698 1404 2747; x_wconf 86' lang='lat' dir='ltr'><strong>utile</strong></span> <span class='ocrx_word' id='word_1_278' title='bbox 1455 2704 1529 2745; x_wconf 88' lang='lat' dir='ltr'><strong>est</strong></span> <span class='ocrx_word' id='word_1_279' title='bbox 1578 2703 1632 2744; x_wconf 90' lang='lat' dir='ltr'><strong>nt</strong></span> <span class='ocrx_word' id='word_1_280' title='bbox 1671 2695 1789 2743; x_wconf 92' lang='lat' dir='ltr'><strong>boni</strong></span> <span class='ocrx_word' id='word_1_281' title='bbox 1860 2695 1874 2706; x_wconf 81' lang='lat'><strong><em>⁴</em></strong></span> 
     </span>
    </p>
   </div>
   <div class='ocr_carea' id='block_1_3' title="bbox 226 2884 557 2928">
    <p class='ocr_par' dir='ltr' id='par_1_3' title="bbox 226 2884 557 2928">
     <span class='ocr_line' id='line_1_36' title="bbox 226 2884 557 2928; baseline -0.003 0"><span class='ocrx_word' id='word_1_282' title='bbox 226 2889 251 2928; x_wconf 88' lang='lat'><strong>6</strong></span> <span class='ocrx_word' id='word_1_283' title='bbox 281 2885 481 2928; x_wconf 77' lang='lat' dir='ltr'><strong>tremore</strong></span> <span class='ocrx_word' id='word_1_284' title='bbox 512 2884 557 2927; x_wconf 82' lang='lat' dir='ltr'><strong><em>A</em></strong></span> 
     </span>
    </p>
   </div>
  </div>
 </body>
</html>
