2020 3122
594 144 660 175 DE
685 142 925 176 crvrrA'rE
949 145 1039 177 Dm
1062 146 1102 178 L.
1127 147 1193 179 VI.
1218 146 1255 180 c.
1281 148 1332 180 12.
1696 137 1800 188 271

790 323 986 378 CAPUT
1018 325 1141 380 XII.

131 432 277 491 Quod
302 433 565 494 qentz'lium
598 432 807 481 deorum
838 433 1062 481 vanitate
1094 435 1291 483 detecta
1324 441 1540 496 nequeat
1578 438 1807 486 dubitare·

183 511 444 556 aeternam
484 520 566 555 eos
600 507 756 554 ‘vitam
797 507 988 554 nemini
1018 520 1166 569 posse
1199 514 1485 569 praestare,
1525 513 1615 571 qui
1650 525 1743 561 nec

560 580 718 644 ipsam
758 580 999 628 adiuvent
1036 583 1369 643 temporalem.

273 682 417 731 Nunc
470 689 675 747 propter
729 689 832 732 tres
885 681 1182 748 theologias,
1234 699 1355 748 quas
1410 684 1583 734 Graeci
1637 685 1807 736 dicunt
1839 695 1864 734 5

125 755 372 821 mythicen
427 755 664 821 physicen
718 756 975 822 politicen,
1027 755 1198 806 Latine
1248 764 1411 807 autem
1458 758 1554 807 dici
1599 768 1808 823 possunt

124 829 346 879 fabulosa
384 829 621 879 naturalis
669 829 847 895 civiliS,
894 830 1025 894 quod
1072 846 1234 895 neque
1274 831 1333 880 de
1375 831 1615 896 fabulosa,
1662 848 1808 896 quam

125 910 175 952 et
212 905 308 968 ipsi
354 903 561 953 deorum
608 903 878 953 multorum
925 903 1259 969 falsorumque
1301 905 1517 954 cultores
1556 905 1806 955 liberrime

124 977 568 1043 reprehenderunt,
608 993 769 1042 neque
803 977 861 1026 de
904 977 1047 1044 civili,
1088 980 1230 1027 cuius
1267 979 1348 1027 illa
1387 995 1502 1044 pars
1542 995 1651 1029 esse
1692 995 1806 1029 con-

124 1053 339 1100 vincitur
386 1053 592 1116 eiusque
641 1059 690 1100 et
734 1053 829 1100 ista
876 1051 1120 1100 simillima
1165 1052 1242 1101 vel
1291 1054 1436 1101 etiam
1477 1053 1694 1103 deterior
1733 1057 1805 1102 in—
1841 1062 1895 1101 10

125 1126 344 1191 venitur,
392 1125 631 1190 speranda
681 1132 755 1174 est
794 1132 993 1174 aeterna
1031 1127 1150 1191 vita,
1198 1127 1240 1174 si
1280 1128 1360 1175 cui
1399 1129 1516 1176 satis
1555 1142 1655 1175 non
1694 1135 1811 1177 sunt

126 1213 250 1263 quae
283 1200 334 1247 in
366 1198 460 1247 hoc
492 1198 738 1248 volumine
771 1199 902 1247 dicta
934 1206 1065 1265 sunt,
1102 1199 1334 1264 adiungat
1367 1202 1512 1249 etiam
1550 1200 1645 1267 illa,
1684 1216 1809 1265 quae

125 1273 178 1320 in
204 1271 546 1337 superioribus
570 1271 710 1321 libris
736 1279 786 1322 et
816 1274 1023 1321 maxime
1058 1280 1233 1336 quarto
1267 1274 1327 1322 de
1358 1273 1605 1324 felicitatis
1639 1274 1807 1323 datore

126 1344 228 1394 Deo
274 1345 486 1410 plurima
533 1345 779 1411 disputata
826 1353 955 1395 sunt.
1031 1345 1154 1395 Nam
1201 1348 1282 1396 cui
1327 1349 1424 1396 nisi
1462 1349 1551 1396 uni
1588 1347 1809 1398 felicitati

124 1426 330 1484 propter
382 1427 633 1469 aeternam
685 1422 832 1468 vitam
885 1420 1208 1469 consecrandi
1253 1420 1478 1470 homines
1525 1428 1717 1486 essent,
1769 1423 1810 1471 si
1845 1430 1897 1468 15

129 1491 219 1541 dea
273 1493 480 1542 felicitas
535 1490 702 1543 esset?
757 1493 881 1551 Quia
935 1508 1051 1542 vero
1092 1509 1190 1542 non
1231 1495 1341 1559 dea,
1389 1495 1475 1543 sed
1514 1510 1695 1545 munus
1735 1504 1811 1545 est

128 1566 230 1616 dei:
270 1569 350 1616 cui
390 1567 481 1616 deo
521 1569 617 1616 11151
656 1567 814 1616 datori
853 1567 1100 1616 felicitatis
1139 1568 1462 1617 consecrandi
1501 1584 1687 1635 511111115,
1726 1571 1810 1633 qui

129 1646 380 1689 aeternam
418 1643 589 1708 vitam,
636 1640 722 1690 ubi
761 1656 876 1690 vera
915 1647 992 1690 est
1031 1647 1080 1690 et
1117 1641 1260 1706 plena
1300 1641 1530 1707 felicitaS,
1567 1643 1647 1707 pia
1687 1645 1808 1691 cari-

125 1720 224 1763 tate
257 1712 542 1779 diligimus?
602 1714 712 1764 Non
745 1721 909 1764 autem
942 1729 1050 1764 esse
1091 1714 1310 1764 datorem
1353 1715 1600 1764 felicitatis
1641 1730 1807 1780 quem-

125 1802 272 1851 quam
311 1789 522 1838 istorum
561 1790 789 1853 deorum,
830 1789 915 1852 qui
954 1795 1090 1837 tanta
1127 1788 1433 1853 turpitudine
1475 1788 1705 1838 coluntur
1746 1796 1808 1854 et,
1840 1797 1896 1836 20

125 1863 222 1910 nisi
258 1863 325 1911 ita
366 1862 610 1928 colantur,
657 1862 812 1912 multo
858 1864 1054 1926 turpius
1104 1863 1386 1911 irascuntur
1426 1869 1572 1926 atque
1613 1861 1674 1911 ob
1715 1862 1807 1911 hoc

126 1949 179 1983 se
220 1936 424 1999 spiritus
462 1935 867 1985 inmundissimos
908 1935 1230 2002 confitentur,
1276 1943 1397 2001 puto
1438 1951 1497 1984 ex
1536 1935 1635 1997 his,
1685 1951 1807 2000 quae

126 2008 257 2057 dicta
304 2016 442 2075 sunt,
487 2011 735 2059 neminem
782 2007 1007 2058 dubitare
1056 2016 1299 2074 oportere.
1374 2009 1530 2058 Porro
1579 2011 1663 2074 qui
1709 2025 1809 2058 non

127 2082 209 2131 dat
258 2083 564 2149 felicitatem,
616 2085 764 2132 vitam
819 2097 915 2146 quo
966 2082 1110 2131 modo
1156 2085 1314 2147 possit
1361 2083 1475 2132 dare
1524 2080 1809 2132 aeternam?

125 2154 248 2204 Eam
295 2158 478 2222 quippe
529 2158 678 2206 vitam
732 2164 982 2205 aeternam
1029 2155 1261 2222 dicimuS,
1316 2155 1402 2206 ubi
1452 2163 1528 2206 est
1567 2159 1671 2206 sine
1712 2157 1807 2205 fine
1841 2167 1895 2206 25

126 2228 346 2279 felicitas.
423 2230 546 2279 Nam
594 2232 635 2279 si
682 2232 841 2279 anima
887 2231 938 2278 in
977 2232 1150 2294 poenis
1190 2232 1308 2279 vivit
1346 2232 1579 2296 aeterniS,
1628 2230 1807 2295 quibus

128 2310 178 2352 et
207 2304 303 2367 ipsi
334 2306 539 2369 spiritus
572 2303 927 2354 cruciabuntur
958 2304 1198 2368 inmundi,
1238 2319 1370 2353 mors
1410 2311 1487 2353 est
1523 2303 1605 2353 illa
1642 2305 1807 2369 potius

128 2382 328 2426 aeterna
353 2393 500 2442 quam
523 2379 634 2427 vita.
710 2377 852 2427 Nulla
885 2379 1066 2442 quippe
1099 2380 1254 2426 maior
1288 2384 1337 2427 et
1367 2379 1506 2443 peior
1546 2384 1622 2426 est
1661 2391 1807 2441 morS,

128 2464 273 2514 quam
313 2450 398 2500 ubi
444 2467 543 2501 non
587 2453 798 2501 moritur
843 2465 991 2500 mors.
1071 2451 1168 2500 Sed
1219 2452 1349 2516 quod
1389 2453 1576 2500 animae
1616 2458 1804 2515 natura,

126 2538 216 2587 per
254 2524 303 2572 id
343 2525 473 2589 quod
513 2525 786 2574 inmortalis
826 2531 991 2573 creata
1030 2532 1126 2590 est,
1178 2527 1284 2574 sine
1324 2524 1668 2589 qualicumque
1707 2524 1804 2571 vita
1837 2533 1892 2571 30

130 2611 238 2646 esse
286 2613 385 2646 non
438 2606 626 2665 potest,
681 2612 871 2648 summa
917 2612 1051 2647 mors
1100 2601 1207 2648 eius
1256 2605 1330 2648 est
1378 2597 1602 2646 alienatio
1642 2611 1669 2644 a
1707 2596 1804 2644 vita

130 2667 218 2718 Dei
271 2672 322 2720 in
378 2674 666 2722 aeternitate
722 2671 966 2738 supplicii.
1042 2671 1199 2721 Vitam
1245 2674 1396 2736 igitur
1435 2677 1706 2734 aeternam,
1755 2668 1804 2716 id

246 2874 303 2912 24
333 2873 492 2926 posset
523 2871 568 2914 A
