<?xml version="1.0" encoding="UTF-8"?>
<!DOCTYPE html PUBLIC "-//W3C//DTD XHTML 1.0 Transitional//EN"
    "http://www.w3.org/TR/xhtml1/DTD/xhtml1-transitional.dtd">
<html xmlns="http://www.w3.org/1999/xhtml" xml:lang="en" lang="en">
 <head>
  <title>
</title>
<meta http-equiv="Content-Type" content="text/html;charset=utf-8" />
  <meta name='ocr-system' content='tesseract 3.04.00' />
  <meta name='ocr-capabilities' content='ocr_page ocr_carea ocr_par ocr_line ocrx_word'/>
</head>
<body>
  <div class='ocr_page' id='page_1' title='image "./decivitatedeilib01auguuoft_0335.png"; bbox 0 0 2020 3122; ppageno 0'>
   <div class='ocr_carea' id='block_1_1' title="bbox 533 134 1792 186">
    <p class='ocr_par' dir='ltr' id='par_1_1' title="bbox 533 134 1792 186">
     <span class='ocr_line' id='line_1_1' title="bbox 533 134 1792 186; baseline 0.004 -11"><span class='ocrx_word' id='word_1_1' title='bbox 533 144 600 176; x_wconf 79' lang='lat' dir='ltr'>DE</span> <span class='ocrx_word' id='word_1_2' title='bbox 624 142 866 176; x_wconf 78' lang='lat' dir='ltr'><strong>CIVITATE</strong></span> <span class='ocrx_word' id='word_1_3' title='bbox 890 144 977 175; x_wconf 84' lang='lat' dir='ltr'>DEI</span> <span class='ocrx_word' id='word_1_4' title='bbox 1001 145 1042 176; x_wconf 80' lang='lat' dir='ltr'>L.</span> <span class='ocrx_word' id='word_1_5' title='bbox 1067 145 1176 177; x_wconf 84' lang='lat' dir='ltr'>vm.</span> <span class='ocrx_word' id='word_1_6' title='bbox 1202 145 1239 177; x_wconf 88' lang='lat' dir='ltr'>c.</span> <span class='ocrx_word' id='word_1_7' title='bbox 1264 147 1294 178; x_wconf 81' lang='lat'>2.</span> <span class='ocrx_word' id='word_1_8' title='bbox 1319 147 1350 178; x_wconf 85' lang='lat'>3.</span> <span class='ocrx_word' id='word_1_9' title='bbox 1686 134 1792 186; x_wconf 75' lang='lat'>323</span> 
     </span>
    </p>
   </div>
   <div class='ocr_carea' id='block_1_2' title="bbox 110 255 1851 838">
    <p class='ocr_par' dir='ltr' id='par_1_2' title="bbox 110 255 1851 838">
     <span class='ocr_line' id='line_1_2' title="bbox 113 255 1795 323; baseline 0.001 -17"><span class='ocrx_word' id='word_1_10' title='bbox 113 256 200 314; x_wconf 87' lang='lat' dir='ltr'>sed</span> <span class='ocrx_word' id='word_1_11' title='bbox 248 271 362 305; x_wconf 89' lang='lat' dir='ltr'>eum</span> <span class='ocrx_word' id='word_1_12' title='bbox 410 270 519 304; x_wconf 88' lang='lat' dir='ltr'>esse</span> <span class='ocrx_word' id='word_1_13' title='bbox 569 262 844 319; x_wconf 90' lang='lat' dir='ltr'>compotem</span> <span class='ocrx_word' id='word_1_14' title='bbox 886 255 1075 304; x_wconf 89' lang='lat' dir='ltr'>divinae</span> <span class='ocrx_word' id='word_1_15' title='bbox 1117 259 1343 323; x_wconf 82' lang='lat' dir='ltr'>rationis,</span> <span class='ocrx_word' id='word_1_16' title='bbox 1393 259 1498 307; x_wconf 89' lang='lat' dir='ltr'>sine</span> <span class='ocrx_word' id='word_1_17' title='bbox 1540 273 1634 322; x_wconf 89' lang='lat' dir='ltr'>qua</span> <span class='ocrx_word' id='word_1_18' title='bbox 1674 258 1795 307; x_wconf 91' lang='lat' dir='ltr'>nihil</span> 
     </span>
     <span class='ocr_line' id='line_1_3' title="bbox 113 328 1793 394; baseline 0.001 -15"><span class='ocrx_word' id='word_1_19' title='bbox 113 346 171 379; x_wconf 89' lang='lat' dir='ltr'>ex</span> <span class='ocrx_word' id='word_1_20' title='bbox 205 345 262 379; x_wconf 91' lang='lat' dir='ltr'>eo</span> <span class='ocrx_word' id='word_1_21' title='bbox 295 330 402 378; x_wconf 84' lang='lat' dir='ltr'>fieri</span> <span class='ocrx_word' id='word_1_22' title='bbox 433 335 615 394; x_wconf 90' lang='lat' dir='ltr'>posset.</span> <span class='ocrx_word' id='word_1_23' title='bbox 693 328 1005 393; x_wconf 82' lang='lat' dir='ltr'>Anaxagorae</span> <span class='ocrx_word' id='word_1_24' title='bbox 1048 332 1288 379; x_wconf 88' lang='lat' dir='ltr'>successit</span> <span class='ocrx_word' id='word_1_25' title='bbox 1328 331 1520 380; x_wconf 88' lang='lat' dir='ltr'>auditor</span> <span class='ocrx_word' id='word_1_26' title='bbox 1561 333 1667 381; x_wconf 90' lang='lat' dir='ltr'>eius</span> <span class='ocrx_word' id='word_1_27' title='bbox 1706 333 1793 380; x_wconf 87' lang='lat' dir='ltr'>Ar-</span> 
     </span>
     <span class='ocr_line' id='line_1_4' title="bbox 113 402 1793 472; baseline 0.002 -20"><span class='ocrx_word' id='word_1_28' title='bbox 113 403 325 453; x_wconf 87' lang='lat' dir='ltr'>chelaus.</span> <span class='ocrx_word' id='word_1_29' title='bbox 402 402 561 451; x_wconf 88' lang='lat' dir='ltr'>Etiam</span> <span class='ocrx_word' id='word_1_30' title='bbox 592 404 697 467; x_wconf 89' lang='lat' dir='ltr'>ipse</span> <span class='ocrx_word' id='word_1_31' title='bbox 739 402 798 450; x_wconf 90' lang='lat' dir='ltr'>de</span> <span class='ocrx_word' id='word_1_32' title='bbox 837 402 1092 466; x_wconf 79' lang='lat' dir='ltr'>particulis</span> <span class='ocrx_word' id='word_1_33' title='bbox 1131 405 1261 453; x_wconf 87' lang='lat' dir='ltr'>inter</span> <span class='ocrx_word' id='word_1_34' title='bbox 1301 420 1352 452; x_wconf 91' lang='lat' dir='ltr'>se</span> <span class='ocrx_word' id='word_1_35' title='bbox 1394 404 1649 472; x_wconf 77' lang='lat' dir='ltr'>similibus,</span> <span class='ocrx_word' id='word_1_36' title='bbox 1690 408 1793 470; x_wconf 91' lang='lat' dir='ltr'>qui-</span> 
     </span>
     <span class='ocr_line' id='line_1_5' title="bbox 111 475 1793 541; baseline 0.001 -15"><span class='ocrx_word' id='word_1_37' title='bbox 111 477 205 526; x_wconf 90' lang='lat' dir='ltr'>bus</span> <span class='ocrx_word' id='word_1_38' title='bbox 251 475 442 540; x_wconf 89' lang='lat' dir='ltr'>singula</span> <span class='ocrx_word' id='word_1_39' title='bbox 488 491 712 540; x_wconf 91' lang='lat' dir='ltr'>quaeque</span> <span class='ocrx_word' id='word_1_40' title='bbox 760 476 959 541; x_wconf 85' lang='lat' dir='ltr'>fierent,</span> <span class='ocrx_word' id='word_1_41' title='bbox 1006 477 1074 524; x_wconf 92' lang='lat' dir='ltr'>ita</span> <span class='ocrx_word' id='word_1_42' title='bbox 1122 479 1310 540; x_wconf 86' lang='lat' dir='ltr'>putavit</span> <span class='ocrx_word' id='word_1_43' title='bbox 1350 484 1574 526; x_wconf 82' lang='lat' dir='ltr'>constare</span> <span class='ocrx_word' id='word_1_44' title='bbox 1616 481 1793 540; x_wconf 83' lang='lat' dir='ltr'>omnia,</span> 
     </span>
     <span class='ocr_line' id='line_1_6' title="bbox 111 549 1851 618; baseline 0.001 -18"><span class='ocrx_word' id='word_1_45' title='bbox 111 558 167 600; x_wconf 92' lang='lat' dir='ltr'>ut</span> <span class='ocrx_word' id='word_1_46' title='bbox 198 552 362 599; x_wconf 90' lang='lat' dir='ltr'>inesse</span> <span class='ocrx_word' id='word_1_47' title='bbox 395 551 542 598; x_wconf 89' lang='lat' dir='ltr'>etiam</span> <span class='ocrx_word' id='word_1_48' title='bbox 580 555 799 598; x_wconf 86' lang='lat' dir='ltr'>mentem</span> <span class='ocrx_word' id='word_1_49' title='bbox 839 549 1041 614; x_wconf 84' lang='lat' dir='ltr'>diceret,</span> <span class='ocrx_word' id='word_1_50' title='bbox 1082 565 1206 613; x_wconf 92' lang='lat' dir='ltr'>quae</span> <span class='ocrx_word' id='word_1_51' title='bbox 1246 566 1451 615; x_wconf 87' lang='lat' dir='ltr'>corpora</span> <span class='ocrx_word' id='word_1_52' title='bbox 1492 558 1705 618; x_wconf 83' lang='lat' dir='ltr'>aeterna⁷</span> <span class='ocrx_word' id='word_1_53' title='bbox 1744 553 1792 600; x_wconf 89' lang='lat' dir='ltr'>id</span> <span class='ocrx_word' id='word_1_54' title='bbox 1826 562 1851 601; x_wconf 85' lang='lat'>5</span> 
     </span>
     <span class='ocr_line' id='line_1_7' title="bbox 111 623 1793 689; baseline 0.001 -16"><span class='ocrx_word' id='word_1_55' title='bbox 111 630 187 673; x_wconf 89' lang='lat' dir='ltr'>est</span> <span class='ocrx_word' id='word_1_56' title='bbox 217 623 324 673; x_wconf 90' lang='lat' dir='ltr'>illas</span> <span class='ocrx_word' id='word_1_57' title='bbox 355 623 641 689; x_wconf 78' lang='lat' dir='ltr'>particulaS‚</span> <span class='ocrx_word' id='word_1_58' title='bbox 674 623 1017 687; x_wconf 89' lang='lat' dir='ltr'>coniungendo</span> <span class='ocrx_word' id='word_1_59' title='bbox 1043 629 1092 672; x_wconf 88' lang='lat' dir='ltr'>et</span> <span class='ocrx_word' id='word_1_60' title='bbox 1118 624 1400 688; x_wconf 91' lang='lat' dir='ltr'>dissipando</span> <span class='ocrx_word' id='word_1_61' title='bbox 1426 632 1594 687; x_wconf 89' lang='lat' dir='ltr'>ageret</span> <span class='ocrx_word' id='word_1_62' title='bbox 1618 629 1793 675; x_wconf 90' lang='lat' dir='ltr'>omnia.</span> 
     </span>
     <span class='ocr_line' id='line_1_8' title="bbox 112 696 1793 764; baseline 0 -17"><span class='ocrx_word' id='word_1_63' title='bbox 112 697 342 747; x_wconf 85' lang='lat' dir='ltr'>Socrates</span> <span class='ocrx_word' id='word_1_64' title='bbox 380 697 528 746; x_wconf 90' lang='lat' dir='ltr'>huius</span> <span class='ocrx_word' id='word_1_65' title='bbox 569 696 841 762; x_wconf 89' lang='lat' dir='ltr'>discipulus</span> <span class='ocrx_word' id='word_1_66' title='bbox 881 697 1033 746; x_wconf 89' lang='lat' dir='ltr'>fuisse</span> <span class='ocrx_word' id='word_1_67' title='bbox 1073 697 1379 764; x_wconf 82' lang='lat' dir='ltr'>perhibetur,</span> <span class='ocrx_word' id='word_1_68' title='bbox 1418 700 1649 762; x_wconf 89' lang='lat' dir='ltr'>magister</span> <span class='ocrx_word' id='word_1_69' title='bbox 1689 699 1793 747; x_wconf 88' lang='lat' dir='ltr'>Pla-</span> 
     </span>
     <span class='ocr_line' id='line_1_9' title="bbox 110 769 1770 838; baseline -0.001 -17"><span class='ocrx_word' id='word_1_70' title='bbox 110 773 255 838; x_wconf 83' lang='lat' dir='ltr'>toniS,</span> <span class='ocrx_word' id='word_1_71' title='bbox 292 778 497 836; x_wconf 88' lang='lat' dir='ltr'>propter</span> <span class='ocrx_word' id='word_1_72' title='bbox 537 786 684 835; x_wconf 87' lang='lat' dir='ltr'>quem</span> <span class='ocrx_word' id='word_1_73' title='bbox 723 769 941 819; x_wconf 89' lang='lat' dir='ltr'>breviter</span> <span class='ocrx_word' id='word_1_74' title='bbox 981 778 1158 820; x_wconf 86' lang='lat' dir='ltr'>cuncta</span> <span class='ocrx_word' id='word_1_75' title='bbox 1196 773 1290 821; x_wconf 89' lang='lat' dir='ltr'>ista</span> <span class='ocrx_word' id='word_1_76' title='bbox 1328 771 1530 820; x_wconf 87' lang='lat' dir='ltr'>recolui.</span> <span class='ocrx_word' id='word_1_77' title='bbox 1737 779 1770 805; x_wconf 73' lang='lat'>⁸</span> 
     </span>
    </p>
   </div>
   <div class='ocr_carea' id='block_1_3' title="bbox 598 957 1884 1128">
    <p class='ocr_par' dir='ltr' id='par_1_3' title="bbox 598 957 1884 1128">
     <span class='ocr_line' id='line_1_10' title="bbox 786 957 1124 1012; baseline 0 -1"><span class='ocrx_word' id='word_1_78' title='bbox 786 957 982 1012; x_wconf 79' lang='lat' dir='ltr'>CAPUT</span> <span class='ocrx_word' id='word_1_79' title='bbox 1023 958 1124 1012; x_wconf 92' lang='lat' dir='ltr'><strong>III.</strong></span> 
     </span>
     <span class='ocr_line' id='line_1_11' title="bbox 598 1067 1884 1128; baseline 0.002 -14"><span class='ocrx_word' id='word_1_80' title='bbox 598 1067 674 1115; x_wconf 83' lang='lat' dir='ltr'>De</span> <span class='ocrx_word' id='word_1_81' title='bbox 713 1067 985 1115; x_wconf 79' lang='lat' dir='ltr'>Socratica</span> <span class='ocrx_word' id='word_1_82' title='bbox 1025 1068 1306 1128; x_wconf 72' lang='lat' dir='ltr'>disciplina.</span> <span class='ocrx_word' id='word_1_83' title='bbox 1829 1077 1884 1117; x_wconf 91' lang='lat'>10</span> 
     </span>
    </p>
   </div>
   <div class='ocr_carea' id='block_1_4' title="bbox 84 1168 1881 2708">
    <p class='ocr_par' dir='ltr' id='par_1_4' title="bbox 84 1168 1881 2708">
     <span class='ocr_line' id='line_1_12' title="bbox 260 1168 1796 1234; baseline 0.001 -16"><span class='ocrx_word' id='word_1_84' title='bbox 260 1168 489 1218; x_wconf 86' lang='lat' dir='ltr'>Socrates</span> <span class='ocrx_word' id='word_1_85' title='bbox 552 1184 668 1233; x_wconf 90' lang='lat' dir='ltr'>ergo</span> <span class='ocrx_word' id='word_1_86' title='bbox 730 1171 921 1233; x_wconf 88' lang='lat' dir='ltr'>primus</span> <span class='ocrx_word' id='word_1_87' title='bbox 983 1170 1262 1218; x_wconf 90' lang='lat' dir='ltr'>universam</span> <span class='ocrx_word' id='word_1_88' title='bbox 1317 1169 1675 1234; x_wconf 87' lang='lat' dir='ltr'>philosophiam</span> <span class='ocrx_word' id='word_1_89' title='bbox 1737 1172 1796 1220; x_wconf 90' lang='lat' dir='ltr'>ad</span> 
     </span>
     <span class='ocr_line' id='line_1_13' title="bbox 109 1242 1795 1310; baseline 0.001 -18"><span class='ocrx_word' id='word_1_90' title='bbox 109 1243 429 1308; x_wconf 90' lang='lat' dir='ltr'>corrigendos</span> <span class='ocrx_word' id='word_1_91' title='bbox 487 1242 953 1307; x_wconf 88' lang='lat' dir='ltr'>componendosque</span> <span class='ocrx_word' id='word_1_92' title='bbox 1005 1258 1171 1291; x_wconf 89' lang='lat' dir='ltr'>mores</span> <span class='ocrx_word' id='word_1_93' title='bbox 1229 1242 1422 1292; x_wconf 86' lang='lat' dir='ltr'>flexisse</span> <span class='ocrx_word' id='word_1_94' title='bbox 1478 1251 1795 1310; x_wconf 84' lang='lat' dir='ltr'>memoratur,</span> 
     </span>
     <span class='ocr_line' id='line_1_14' title="bbox 109 1315 1796 1384; baseline 0 -18"><span class='ocrx_word' id='word_1_95' title='bbox 109 1333 223 1366; x_wconf 89' lang='lat' dir='ltr'>cum</span> <span class='ocrx_word' id='word_1_96' title='bbox 262 1323 372 1366; x_wconf 90' lang='lat' dir='ltr'>ante</span> <span class='ocrx_word' id='word_1_97' title='bbox 413 1316 550 1366; x_wconf 89' lang='lat' dir='ltr'>illum</span> <span class='ocrx_word' id='word_1_98' title='bbox 590 1332 761 1364; x_wconf 90' lang='lat' dir='ltr'>omnes</span> <span class='ocrx_word' id='word_1_99' title='bbox 799 1318 953 1380; x_wconf 88' lang='lat' dir='ltr'>magis</span> <span class='ocrx_word' id='word_1_100' title='bbox 992 1315 1232 1383; x_wconf 66' lang='lat' dir='ltr'>phySicis7</span> <span class='ocrx_word' id='word_1_101' title='bbox 1271 1317 1319 1365; x_wconf 94' lang='lat' dir='ltr'>id</span> <span class='ocrx_word' id='word_1_102' title='bbox 1361 1324 1436 1365; x_wconf 90' lang='lat' dir='ltr'>est</span> <span class='ocrx_word' id='word_1_103' title='bbox 1475 1317 1796 1384; x_wconf 69' lang='lat' dir='ltr'>nat111¹alib11S‚</span> 
     </span>
     <span class='ocr_line' id='line_1_15' title="bbox 107 1390 1794 1455; baseline -0.001 -15"><span class='ocrx_word' id='word_1_104' title='bbox 107 1390 259 1440; x_wconf 89' lang='lat' dir='ltr'>rebus</span> <span class='ocrx_word' id='word_1_105' title='bbox 304 1390 677 1455; x_wconf 86' lang='lat' dir='ltr'>perscrutandis</span> <span class='ocrx_word' id='word_1_106' title='bbox 725 1405 924 1455; x_wconf 88' lang='lat' dir='ltr'>operam</span> <span class='ocrx_word' id='word_1_107' title='bbox 963 1392 1222 1438; x_wconf 87' lang='lat' dir='ltr'>maximam</span> <span class='ocrx_word' id='word_1_108' title='bbox 1270 1391 1608 1454; x_wconf 89' lang='lat' dir='ltr'>inpenderent.</span> <span class='ocrx_word' id='word_1_109' title='bbox 1686 1391 1794 1439; x_wconf 90' lang='lat' dir='ltr'>Non</span> 
     </span>
     <span class='ocr_line' id='line_1_16' title="bbox 107 1463 1881 1530; baseline 0.001 -17"><span class='ocrx_word' id='word_1_110' title='bbox 107 1464 227 1513; x_wconf 87' lang='lat' dir='ltr'>mihi</span> <span class='ocrx_word' id='word_1_111' title='bbox 267 1471 432 1513; x_wconf 87' lang='lat' dir='ltr'>autem</span> <span class='ocrx_word' id='word_1_112' title='bbox 470 1463 666 1512; x_wconf 88' lang='lat' dir='ltr'>videtur</span> <span class='ocrx_word' id='word_1_113' title='bbox 704 1479 850 1528; x_wconf 91' lang='lat' dir='ltr'>posse</span> <span class='ocrx_word' id='word_1_114' title='bbox 891 1464 949 1512; x_wconf 89' lang='lat' dir='ltr'>ad</span> <span class='ocrx_word' id='word_1_115' title='bbox 990 1463 1231 1528; x_wconf 90' lang='lat' dir='ltr'>liquidum</span> <span class='ocrx_word' id='word_1_116' title='bbox 1272 1464 1454 1530; x_wconf 78' lang='lat' dir='ltr'>colligi,</span> <span class='ocrx_word' id='word_1_117' title='bbox 1493 1471 1663 1514; x_wconf 89' lang='lat' dir='ltr'>utrum</span> <span class='ocrx_word' id='word_1_118' title='bbox 1705 1464 1790 1513; x_wconf 89' lang='lat' dir='ltr'>So-</span> <span class='ocrx_word' id='word_1_119' title='bbox 1828 1475 1881 1514; x_wconf 86' lang='lat'>15</span> 
     </span>
     <span class='ocr_line' id='line_1_17' title="bbox 108 1530 1794 1604; baseline 0 -17"><span class='ocrx_word' id='word_1_120' title='bbox 108 1546 283 1604; x_wconf 86' lang='lat' dir='ltr'>crateS‚</span> <span class='ocrx_word' id='word_1_121' title='bbox 322 1545 378 1587; x_wconf 89' lang='lat' dir='ltr'>ut</span> <span class='ocrx_word' id='word_1_122' title='bbox 407 1537 501 1586; x_wconf 89' lang='lat' dir='ltr'>hoc</span> <span class='ocrx_word' id='word_1_123' title='bbox 535 1537 734 1604; x_wconf 82' lang='lat' dir='ltr'>faceret,</span> <span class='ocrx_word' id='word_1_124' title='bbox 772 1537 933 1586; x_wconf 88' lang='lat' dir='ltr'>taedio</span> <span class='ocrx_word' id='word_1_125' title='bbox 974 1553 1144 1586; x_wconf 88' lang='lat' dir='ltr'>rerum</span> <span class='ocrx_word' id='word_1_126' title='bbox 1183 1530 1507 1587; x_wconf 86' lang='lat' dir='ltr'>obscurarum</span> <span class='ocrx_word' id='word_1_127' title='bbox 1548 1545 1597 1587; x_wconf 92' lang='lat' dir='ltr'>et</span> <span class='ocrx_word' id='word_1_128' title='bbox 1635 1541 1794 1587; x_wconf 89' lang='lat' dir='ltr'>incer-</span> 
     </span>
     <span class='ocr_line' id='line_1_18' title="bbox 107 1611 1795 1676; baseline 0.001 -15"><span class='ocrx_word' id='word_1_129' title='bbox 107 1619 270 1662; x_wconf 90' lang='lat' dir='ltr'>tarum</span> <span class='ocrx_word' id='word_1_130' title='bbox 303 1611 360 1660; x_wconf 88' lang='lat' dir='ltr'>ad</span> <span class='ocrx_word' id='word_1_131' title='bbox 394 1611 577 1675; x_wconf 91' lang='lat' dir='ltr'>aliquid</span> <span class='ocrx_word' id='word_1_132' title='bbox 610 1617 836 1676; x_wconf 89' lang='lat' dir='ltr'>apertum</span> <span class='ocrx_word' id='word_1_133' title='bbox 869 1618 918 1660; x_wconf 92' lang='lat' dir='ltr'>et</span> <span class='ocrx_word' id='word_1_134' title='bbox 958 1618 1150 1660; x_wconf 90' lang='lat' dir='ltr'>certum</span> <span class='ocrx_word' id='word_1_135' title='bbox 1190 1612 1538 1676; x_wconf 89' lang='lat' dir='ltr'>reperiendum</span> <span class='ocrx_word' id='word_1_136' title='bbox 1578 1614 1795 1662; x_wconf 89' lang='lat' dir='ltr'>animum</span> 
     </span>
     <span class='ocr_line' id='line_1_19' title="bbox 84 1684 1796 1751; baseline -0.001 -16"><span class='ocrx_word' id='word_1_137' title='bbox 84 1685 339 1751; x_wconf 64' lang='lat' dir='ltr'>intendit,</span> <span class='ocrx_word' id='word_1_138' title='bbox 395 1684 526 1749; x_wconf 88' lang='lat' dir='ltr'>quod</span> <span class='ocrx_word' id='word_1_139' title='bbox 581 1692 714 1734; x_wconf 91' lang='lat' dir='ltr'>esset</span> <span class='ocrx_word' id='word_1_140' title='bbox 767 1684 936 1734; x_wconf 88' lang='lat' dir='ltr'>beatae</span> <span class='ocrx_word' id='word_1_141' title='bbox 991 1686 1117 1734; x_wconf 85' lang='lat' dir='ltr'>vitae</span> <span class='ocrx_word' id='word_1_142' title='bbox 1173 1687 1529 1751; x_wconf 81' lang='lat' dir='ltr'>necessarium,</span> <span class='ocrx_word' id='word_1_143' title='bbox 1590 1693 1796 1750; x_wconf 90' lang='lat' dir='ltr'>propter</span> 
     </span>
     <span class='ocr_line' id='line_1_20' title="bbox 108 1758 1790 1824; baseline -0.001 -16"><span class='ocrx_word' id='word_1_144' title='bbox 108 1774 256 1824; x_wconf 89' lang='lat' dir='ltr'>quam</span> <span class='ocrx_word' id='word_1_145' title='bbox 302 1774 452 1807; x_wconf 91' lang='lat' dir='ltr'>unam</span> <span class='ocrx_word' id='word_1_146' title='bbox 499 1761 716 1808; x_wconf 83' lang='lat' dir='ltr'>omnium</span> <span class='ocrx_word' id='word_1_147' title='bbox 769 1758 1175 1823; x_wconf 90' lang='lat' dir='ltr'>philosophorum</span> <span class='ocrx_word' id='word_1_148' title='bbox 1227 1759 1501 1823; x_wconf 84' lang='lat' dir='ltr'>invigilasse</span> <span class='ocrx_word' id='word_1_149' title='bbox 1555 1774 1609 1807; x_wconf 90' lang='lat' dir='ltr'>ac</span> <span class='ocrx_word' id='word_1_150' title='bbox 1660 1759 1790 1809; x_wconf 88' lang='lat' dir='ltr'>labo-</span> 
     </span>
     <span class='ocr_line' id='line_1_21' title="bbox 106 1832 1881 1899; baseline 0.001 -18"><span class='ocrx_word' id='word_1_151' title='bbox 106 1848 242 1882; x_wconf 90' lang='lat' dir='ltr'>rasse</span> <span class='ocrx_word' id='word_1_152' title='bbox 266 1832 460 1882; x_wconf 87' lang='lat' dir='ltr'>videtur</span> <span class='ocrx_word' id='word_1_153' title='bbox 484 1833 740 1895; x_wconf 86' lang='lat' dir='ltr'>industria,</span> <span class='ocrx_word' id='word_1_154' title='bbox 781 1848 842 1881; x_wconf 91' lang='lat' dir='ltr'>an</span> <span class='ocrx_word' id='word_1_155' title='bbox 867 1848 998 1899; x_wconf 77' lang='lat' dir='ltr'>vero,</span> <span class='ocrx_word' id='word_1_156' title='bbox 1038 1833 1167 1881; x_wconf 90' lang='lat' dir='ltr'>sicut</span> <span class='ocrx_word' id='word_1_157' title='bbox 1191 1832 1251 1881; x_wconf 91' lang='lat' dir='ltr'>de</span> <span class='ocrx_word' id='word_1_158' title='bbox 1283 1832 1364 1881; x_wconf 94' lang='lat' dir='ltr'>illo</span> <span class='ocrx_word' id='word_1_159' title='bbox 1406 1832 1602 1896; x_wconf 89' lang='lat' dir='ltr'>quidam</span> <span class='ocrx_word' id='word_1_160' title='bbox 1642 1832 1788 1881; x_wconf 88' lang='lat' dir='ltr'>hene-</span> <span class='ocrx_word' id='word_1_161' title='bbox 1826 1844 1881 1884; x_wconf 82' lang='grc'>20</span> 
     </span>
     <span class='ocr_line' id='line_1_22' title="bbox 106 1905 1791 1973; baseline 0 -18"><span class='ocrx_word' id='word_1_162' title='bbox 106 1906 349 1963; x_wconf 88' lang='lat' dir='ltr'>volentius</span> <span class='ocrx_word' id='word_1_163' title='bbox 397 1908 698 1973; x_wconf 80' lang='lat' dir='ltr'>suspicatur,</span> <span class='ocrx_word' id='word_1_164' title='bbox 747 1905 942 1955; x_wconf 88' lang='lat' dir='ltr'>nolebat</span> <span class='ocrx_word' id='word_1_165' title='bbox 987 1905 1252 1954; x_wconf 91' lang='lat' dir='ltr'>inmundos</span> <span class='ocrx_word' id='word_1_166' title='bbox 1299 1908 1513 1955; x_wconf 89' lang='lat' dir='ltr'>terrenis</span> <span class='ocrx_word' id='word_1_167' title='bbox 1554 1907 1791 1971; x_wconf 85' lang='lat' dir='ltr'>cupidita-</span> 
     </span>
     <span class='ocr_line' id='line_1_23' title="bbox 105 1979 1791 2044; baseline 0.001 -16"><span class='ocrx_word' id='word_1_168' title='bbox 105 1979 238 2029; x_wconf 85' lang='lat' dir='ltr'>tibus</span> <span class='ocrx_word' id='word_1_169' title='bbox 278 1981 466 2028; x_wconf 91' lang='lat' dir='ltr'>animos</span> <span class='ocrx_word' id='word_1_170' title='bbox 499 1995 551 2028; x_wconf 89' lang='lat' dir='ltr'>se</span> <span class='ocrx_word' id='word_1_171' title='bbox 585 1979 850 2029; x_wconf 86' lang='lat' dir='ltr'>extendere</span> <span class='ocrx_word' id='word_1_172' title='bbox 890 1981 940 2028; x_wconf 90' lang='lat' dir='ltr'>in</span> <span class='ocrx_word' id='word_1_173' title='bbox 981 1979 1142 2028; x_wconf 90' lang='lat' dir='ltr'>divina</span> <span class='ocrx_word' id='word_1_174' title='bbox 1182 1981 1361 2028; x_wconf 89' lang='lat' dir='ltr'>conari.</span> <span class='ocrx_word' id='word_1_175' title='bbox 1442 1980 1644 2037; x_wconf 85' lang='lat' dir='ltr'>Quando</span> <span class='ocrx_word' id='word_1_176' title='bbox 1686 1982 1791 2044; x_wconf 89' lang='lat' dir='ltr'>qui-</span> 
     </span>
     <span class='ocr_line' id='line_1_24' title="bbox 107 2052 1790 2120; baseline 0 -18"><span class='ocrx_word' id='word_1_177' title='bbox 107 2053 218 2102; x_wconf 92' lang='lat' dir='ltr'>dem</span> <span class='ocrx_word' id='word_1_178' title='bbox 274 2053 333 2102; x_wconf 92' lang='lat' dir='ltr'>ab</span> <span class='ocrx_word' id='word_1_179' title='bbox 389 2055 460 2102; x_wconf 89' lang='lat' dir='ltr'>eis</span> <span class='ocrx_word' id='word_1_180' title='bbox 516 2068 687 2102; x_wconf 89' lang='lat' dir='ltr'>causas</span> <span class='ocrx_word' id='word_1_181' title='bbox 734 2069 903 2102; x_wconf 90' lang='lat' dir='ltr'>rerum</span> <span class='ocrx_word' id='word_1_182' title='bbox 950 2052 1146 2102; x_wconf 90' lang='lat' dir='ltr'>videbat</span> <span class='ocrx_word' id='word_1_183' title='bbox 1191 2055 1396 2120; x_wconf 87' lang='lat' dir='ltr'>inquiri,</span> <span class='ocrx_word' id='word_1_184' title='bbox 1448 2069 1569 2118; x_wconf 89' lang='lat' dir='ltr'>quas</span> <span class='ocrx_word' id='word_1_185' title='bbox 1607 2056 1790 2118; x_wconf 88' lang='lat' dir='ltr'>primas</span> 
     </span>
     <span class='ocr_line' id='line_1_25' title="bbox 106 2126 1788 2192; baseline 0 -16"><span class='ocrx_word' id='word_1_186' title='bbox 106 2133 251 2192; x_wconf 87' lang='lat' dir='ltr'>atque</span> <span class='ocrx_word' id='word_1_187' title='bbox 293 2142 507 2176; x_wconf 90' lang='lat' dir='ltr'>summas</span> <span class='ocrx_word' id='word_1_188' title='bbox 547 2143 646 2175; x_wconf 92' lang='lat' dir='ltr'>non</span> <span class='ocrx_word' id='word_1_189' title='bbox 687 2129 782 2176; x_wconf 87' lang='lat' dir='ltr'>nisi</span> <span class='ocrx_word' id='word_1_190' title='bbox 819 2129 870 2175; x_wconf 92' lang='lat' dir='ltr'>in</span> <span class='ocrx_word' id='word_1_191' title='bbox 910 2128 1058 2175; x_wconf 91' lang='lat' dir='ltr'>unius</span> <span class='ocrx_word' id='word_1_192' title='bbox 1099 2142 1154 2175; x_wconf 91' lang='lat' dir='ltr'>ac</span> <span class='ocrx_word' id='word_1_193' title='bbox 1195 2129 1374 2178; x_wconf 89' lang='lat' dir='ltr'>summi</span> <span class='ocrx_word' id='word_1_194' title='bbox 1415 2126 1502 2176; x_wconf 91' lang='lat' dir='ltr'>Dei</span> <span class='ocrx_word' id='word_1_195' title='bbox 1541 2127 1788 2176; x_wconf 90' lang='lat' dir='ltr'>voluntate</span> 
     </span>
     <span class='ocr_line' id='line_1_26' title="bbox 106 2199 1875 2266; baseline 0 -17"><span class='ocrx_word' id='word_1_196' title='bbox 106 2215 214 2250; x_wconf 90' lang='lat' dir='ltr'>esse</span> <span class='ocrx_word' id='word_1_197' title='bbox 255 2200 508 2266; x_wconf 78' lang='lat' dir='ltr'>credebat3</span> <span class='ocrx_word' id='word_1_198' title='bbox 548 2200 678 2249; x_wconf 90' lang='lat' dir='ltr'>unde</span> <span class='ocrx_word' id='word_1_199' title='bbox 720 2216 818 2249; x_wconf 91' lang='lat' dir='ltr'>non</span> <span class='ocrx_word' id='word_1_200' title='bbox 858 2216 940 2249; x_wconf 88' lang='lat' dir='ltr'>eas</span> <span class='ocrx_word' id='word_1_201' title='bbox 978 2199 1182 2265; x_wconf 89' lang='lat' dir='ltr'>putabat</span> <span class='ocrx_word' id='word_1_202' title='bbox 1219 2203 1315 2249; x_wconf 92' lang='lat' dir='ltr'>nisi</span> <span class='ocrx_word' id='word_1_203' title='bbox 1354 2201 1585 2250; x_wconf 84' lang='lat' dir='ltr'>mundata</span> <span class='ocrx_word' id='word_1_204' title='bbox 1624 2208 1788 2250; x_wconf 88' lang='lat' dir='ltr'>mente</span> <span class='ocrx_word' id='word_1_205' title='bbox 1821 2211 1875 2249; x_wconf 85' lang='lat'>25</span> 
     </span>
     <span class='ocr_line' id='line_1_27' title="bbox 105 2273 1788 2340; baseline 0 -17"><span class='ocrx_word' id='word_1_206' title='bbox 105 2289 250 2339; x_wconf 91' lang='lat' dir='ltr'>posse</span> <span class='ocrx_word' id='word_1_207' title='bbox 282 2274 639 2340; x_wconf 79' lang='lat' dir='ltr'>conprehend13</span> <span class='ocrx_word' id='word_1_208' title='bbox 681 2281 729 2324; x_wconf 88' lang='lat' dir='ltr'>et</span> <span class='ocrx_word' id='word_1_209' title='bbox 758 2274 869 2323; x_wconf 92' lang='lat' dir='ltr'>ideo</span> <span class='ocrx_word' id='word_1_210' title='bbox 900 2274 1181 2339; x_wconf 85' lang='lat' dir='ltr'>purgandae</span> <span class='ocrx_word' id='word_1_211' title='bbox 1222 2274 1363 2323; x_wconf 89' lang='lat' dir='ltr'>bonis</span> <span class='ocrx_word' id='word_1_212' title='bbox 1404 2273 1623 2323; x_wconf 90' lang='lat' dir='ltr'>moribus</span> <span class='ocrx_word' id='word_1_213' title='bbox 1663 2277 1788 2323; x_wconf 89' lang='lat' dir='ltr'>vitae</span> 
     </span>
     <span class='ocr_line' id='line_1_28' title="bbox 107 2347 1787 2414; baseline 0 -18"><span class='ocrx_word' id='word_1_214' title='bbox 107 2347 339 2397; x_wconf 90' lang='lat' dir='ltr'>censebat</span> <span class='ocrx_word' id='word_1_215' title='bbox 369 2349 668 2414; x_wconf 82' lang='lat' dir='ltr'>instandum,</span> <span class='ocrx_word' id='word_1_216' title='bbox 706 2355 762 2397; x_wconf 89' lang='lat' dir='ltr'>ut</span> <span class='ocrx_word' id='word_1_217' title='bbox 801 2347 1192 2413; x_wconf 87' lang='lat' dir='ltr'>deprimentibus</span> <span class='ocrx_word' id='word_1_218' title='bbox 1231 2347 1515 2397; x_wconf 89' lang='lat' dir='ltr'>libidinibus</span> <span class='ocrx_word' id='word_1_219' title='bbox 1557 2363 1787 2396; x_wconf 88' lang='lat' dir='ltr'>exonera-</span> 
     </span>
     <span class='ocr_line' id='line_1_29' title="bbox 105 2421 1785 2486; baseline -0.001 -16"><span class='ocrx_word' id='word_1_220' title='bbox 105 2427 186 2471; x_wconf 86' lang='lat' dir='ltr'>tus</span> <span class='ocrx_word' id='word_1_221' title='bbox 211 2423 402 2470; x_wconf 90' lang='lat' dir='ltr'>animus</span> <span class='ocrx_word' id='word_1_222' title='bbox 427 2421 638 2471; x_wconf 90' lang='lat' dir='ltr'>naturali</span> <span class='ocrx_word' id='word_1_223' title='bbox 662 2424 827 2486; x_wconf 91' lang='lat' dir='ltr'>vigore</span> <span class='ocrx_word' id='word_1_224' title='bbox 853 2423 903 2470; x_wconf 93' lang='lat' dir='ltr'>in</span> <span class='ocrx_word' id='word_1_225' title='bbox 929 2428 1127 2471; x_wconf 90' lang='lat' dir='ltr'>aeterna</span> <span class='ocrx_word' id='word_1_226' title='bbox 1153 2437 1205 2470; x_wconf 91' lang='lat' dir='ltr'>se</span> <span class='ocrx_word' id='word_1_227' title='bbox 1246 2422 1502 2471; x_wconf 88' lang='lat' dir='ltr'>adtolleret</span> <span class='ocrx_word' id='word_1_228' title='bbox 1541 2428 1785 2470; x_wconf 89' lang='lat' dir='ltr'>naturam·</span> 
     </span>
     <span class='ocr_line' id='line_1_30' title="bbox 107 2494 1785 2562; baseline -0.001 -19"><span class='ocrx_word' id='word_1_229' title='bbox 107 2509 201 2559; x_wconf 90' lang='lat' dir='ltr'>que</span> <span class='ocrx_word' id='word_1_230' title='bbox 232 2496 514 2560; x_wconf 86' lang='lat' dir='ltr'>incorporei</span> <span class='ocrx_word' id='word_1_231' title='bbox 554 2503 603 2545; x_wconf 90' lang='lat' dir='ltr'>et</span> <span class='ocrx_word' id='word_1_232' title='bbox 640 2494 1054 2545; x_wconf 90' lang='lat' dir='ltr'>incommutabilis</span> <span class='ocrx_word' id='word_1_233' title='bbox 1093 2496 1307 2562; x_wconf 79' lang='lat' dir='ltr'>luminiS‚</span> <span class='ocrx_word' id='word_1_234' title='bbox 1346 2495 1431 2544; x_wconf 90' lang='lat' dir='ltr'>ubi</span> <span class='ocrx_word' id='word_1_235' title='bbox 1471 2509 1644 2543; x_wconf 90' lang='lat' dir='ltr'>causae</span> <span class='ocrx_word' id='word_1_236' title='bbox 1685 2509 1785 2542; x_wconf 87' lang='lat' dir='ltr'>om·</span> 
     </span>
     <span class='ocr_line' id='line_1_31' title="bbox 106 2568 1874 2634; baseline 0 -18"><span class='ocrx_word' id='word_1_237' title='bbox 106 2569 244 2617; x_wconf 89' lang='lat' dir='ltr'>nium</span> <span class='ocrx_word' id='word_1_238' title='bbox 289 2569 529 2618; x_wconf 82' lang='lat' dir='ltr'>factarum</span> <span class='ocrx_word' id='word_1_239' title='bbox 576 2576 864 2619; x_wconf 87' lang='lat' dir='ltr'>naturarum</span> <span class='ocrx_word' id='word_1_240' title='bbox 905 2568 1145 2618; x_wconf 88' lang='lat' dir='ltr'>stabiliter</span> <span class='ocrx_word' id='word_1_241' title='bbox 1184 2571 1373 2634; x_wconf 88' lang='lat' dir='ltr'>vivunt,</span> <span class='ocrx_word' id='word_1_242' title='bbox 1426 2568 1783 2631; x_wconf 85' lang='lat' dir='ltr'>intellegentiae</span> <span class='ocrx_word' id='word_1_243' title='bbox 1817 2577 1874 2616; x_wconf 90' lang='lat'>30</span> 
     </span>
     <span class='ocr_line' id='line_1_32' title="bbox 104 2642 1786 2708; baseline -0.002 -18"><span class='ocrx_word' id='word_1_244' title='bbox 104 2643 318 2706; x_wconf 88' lang='lat' dir='ltr'>puritate</span> <span class='ocrx_word' id='word_1_245' title='bbox 381 2645 705 2708; x_wconf 91' lang='lat' dir='ltr'>conspiceret.</span> <span class='ocrx_word' id='word_1_246' title='bbox 800 2642 1001 2692; x_wconf 89' lang='lat' dir='ltr'>Constat</span> <span class='ocrx_word' id='word_1_247' title='bbox 1063 2658 1175 2691; x_wconf 91' lang='lat' dir='ltr'>eum</span> <span class='ocrx_word' id='word_1_248' title='bbox 1237 2649 1399 2691; x_wconf 89' lang='lat' dir='ltr'>tamen</span> <span class='ocrx_word' id='word_1_249' title='bbox 1460 2642 1786 2705; x_wconf 87' lang='lat' dir='ltr'>inperitorum</span> 
     </span>
    </p>
   </div>
   <div class='ocr_carea' id='block_1_5' title="bbox 54 2811 1785 2986">
    <p class='ocr_par' dir='ltr' id='par_1_5' title="bbox 54 2811 1785 2986">
     <span class='ocr_line' id='line_1_33' title="bbox 227 2811 1785 2868; baseline -0.002 -12"><span class='ocrx_word' id='word_1_250' title='bbox 227 2817 280 2856; x_wconf 88' lang='lat'>18</span> <span class='ocrx_word' id='word_1_251' title='bbox 311 2811 514 2857; x_wconf 78' lang='lat' dir='ltr'>intendit</span> <span class='ocrx_word' id='word_1_252' title='bbox 542 2813 692 2857; x_wconf 83' lang='lat' dir='ltr'>AKF</span> <span class='ocrx_word' id='word_1_253' title='bbox 718 2817 789 2867; x_wconf 78' lang='lat' dir='ltr'>(ut</span> <span class='ocrx_word' id='word_1_254' title='bbox 819 2828 858 2858; x_wconf 88' lang='lat' dir='ltr'>v.</span> <span class='ocrx_word' id='word_1_255' title='bbox 892 2819 952 2859; x_wconf 76' lang='lat'>21</span> <span class='ocrx_word' id='word_1_256' title='bbox 987 2814 1219 2868; x_wconf 81' lang='lat' dir='ltr'>nolebat);</span> <span class='ocrx_word' id='word_1_257' title='bbox 1249 2811 1505 2855; x_wconf 78' lang='lat' dir='ltr'>intenderit</span> <span class='ocrx_word' id='word_1_258' title='bbox 1534 2824 1559 2854; x_wconf 81' lang='lat' dir='ltr'><em>v</em></span> <span class='ocrx_word' id='word_1_259' title='bbox 1583 2812 1598 2865; x_wconf 85' lang='grc' dir='ltr'>ΙΙ</span> <span class='ocrx_word' id='word_1_260' title='bbox 1623 2815 1676 2854; x_wconf 82' lang='grc'>21</span> <span class='ocrx_word' id='word_1_261' title='bbox 1712 2825 1785 2853; x_wconf 91' lang='lat' dir='ltr'>su·</span> 
     </span>
     <span class='ocr_line' id='line_1_34' title="bbox 54 2869 783 2929; baseline 0.003 -15"><span class='ocrx_word' id='word_1_262' title='bbox 54 2890 61 2894; x_wconf 45' lang='lat'>³</span> <span class='ocrx_word' id='word_1_263' title='bbox 107 2869 311 2928; x_wconf 77' lang='lat' dir='ltr'>spicatur</span> <span class='ocrx_word' id='word_1_264' title='bbox 344 2871 403 2926; x_wconf 78' lang='grc' dir='ltr'>Ο,-</span> <span class='ocrx_word' id='word_1_265' title='bbox 436 2872 728 2929; x_wconf 86' lang='lat' dir='ltr'>suspicantur</span> <span class='ocrx_word' id='word_1_266' title='bbox 757 2887 783 2916; x_wconf 84' lang='lat' dir='ltr'><strong><em>v</em></strong></span> 
     </span>
     <span class='ocr_line' id='line_1_35' title="bbox 1405 2943 1496 2986; baseline 0 0"><span class='ocrx_word' id='word_1_267' title='bbox 1405 2943 1496 2986; x_wconf 74' lang='lat'>⁶21*</span> 
     </span>
    </p>
   </div>
  </div>
 </body>
</html>
