2020 3122
283 130 390 182 512
953 138 987 170 S.
1011 138 1285 172 Ancus‘rm1

279 254 423 304 nobis
461 259 639 318 potest,
678 266 824 315 quam
856 266 954 299 non
993 252 1343 300 inconveniens
1383 266 1542 314 neque
1582 253 1853 317 incongrua
1892 254 1961 303 di-

282 336 421 377 catur
453 341 560 375 esse
594 323 876 373 hominibus
908 324 1190 388 angelisque
1232 326 1455 389 societas,
1495 332 1550 373 ut
1590 340 1688 373 non
1729 333 1962 389 quattuor

281 397 429 468 (duae
471 399 659 448 scilicet
699 398 983 462 angelorum
1022 397 1325 461 totidemque
1365 393 1673 464 hominum),
1713 399 1797 447 sed
1839 401 1962 449 duae
1988 427 2007 443 ‘-

177 517 187 525 .
278 476 444 539 potius
484 475 727 538 civitateS,
774 472 868 520 hoc
908 479 983 520 est
1021 473 1304 536 societateS,
1356 473 1530 519 merito
1571 486 1680 519 esse
1722 471 1961 538 dicantur,

222 559 247 598 5
281 563 377 597 una
416 549 466 595 in
506 547 670 611 bonis,
718 545 868 594 altera
915 547 966 593 in
1014 544 1152 592 malis
1207 559 1305 592 non
1347 544 1504 592 solum
1544 544 1751 609 angelis,
1789 561 1962 595 verum
1995 547 2000 552 “

279 624 425 671 etiam
462 619 745 669 hominibus
785 621 1095 668 constitutae.

425 694 722 759 Angelorum
761 693 1005 741 bonorum
1053 698 1102 739 et
1141 690 1382 739 malorum
1419 692 1550 739 inter
1590 707 1642 740 se
1683 695 1957 743 contrarios

278 770 522 834 adpetitus
578 783 675 815 non
731 767 920 815 naturis
971 765 1325 829 principiisque
1377 764 1610 830 diversis,
1666 781 1778 814 cum
1825 765 1956 816 Deus

277 845 494 891 omnium
535 841 919 890 substantiarum
957 838 1117 886 bonus
1157 843 1328 886 auctor
1368 844 1417 886 et
1455 838 1681 888 conditor
1719 845 1958 904 utrosque

192 927 246 966 lo
279 918 538 980 creaverit,
580 914 664 962 sed
705 911 1038 962 voluntatibus
1078 918 1127 960 et
1167 910 1519 975 cupiditatibus
1558 914 1778 961 extitisse
1819 913 1958 962 dubi·

277 997 381 1039 tare
429 990 499 1037 fas
539 1003 637 1036 non
678 993 774 1052 est,
825 986 942 1034 dum
981 985 1061 1034 alii
1101 991 1385 1034 constanter
1422 987 1474 1033 111
1515 989 1764 1035 communi
1803 989 1957 1036 omni-

277 1063 369 1111 bus
410 1062 559 1127 bon0,
607 1061 738 1124 quod
777 1062 882 1124 ipse
922 1059 1018 1107 illis
1058 1058 1189 1107 Deus
1230 1065 1324 1124 est,
1378 1066 1522 1122 atque
1561 1062 1613 1108 in
1655 1061 1761 1108 eius
1800 1068 1957 1109 aeter-

277 1139 426 1185 nitate
460 1138 664 1183 veritate
698 1136 898 1183 caritate
932 1134 1227 1198 persistunt,
1267 1131 1347 1180 alii
1387 1148 1473 1181 sua
1512 1139 1754 1198 potestate
1794 1136 1960 1197 potius
2005 1147 2008 1153 ’

282 1210 532 1275 delectati,
572 1208 704 1257 velut
742 1207 927 1256 bonum
967 1221 1110 1255 suum
1153 1205 1245 1254 sibi
1284 1208 1378 1270 ipsi
1417 1214 1598 1273 essent,
1638 1222 1664 1255 a
1703 1210 1958 1271 superiore

195 1292 247 1332 15
281 1284 529 1332 communi
576 1283 794 1330 omnium
842 1280 1065 1329 beatifico
1113 1279 1241 1328 bono
1289 1280 1349 1328 ad
1394 1283 1594 1345 propria
1647 1280 1959 1330 defluxerunt

277 1363 326 1406 et
363 1356 600 1405 habentes
648 1355 872 1404 elationis
922 1354 1100 1402 fastum
1147 1368 1238 1417 pro
1279 1353 1611 1402 excelsissima
1653 1357 1958 1420 aeternitate,

275 1431 499 1478 vanitatis
547 1431 773 1478 astutiam
821 1443 910 1492 pro
959 1429 1234 1476 certissima
1272 1429 1505 1494 veritate,
1545 1428 1706 1477 studia
1743 1430 1991 1493 partium.

275 1519 364 1568 pro
414 1502 661 1551 individua
710 1503 910 1550 caritate
961 1500 1162 1565 superbi
1203 1499 1396 1549 fallaces
1435 1501 1587 1550 invidi
1626 1502 1790 1550 effecti
1829 1509 1957 1551 sunt.
1994 1539 2004 1547 ,

275 1576 600 1625 Beatitudinis
640 1578 801 1640 igitur,
829 1575 1026 1623 illorum
1066 1589 1210 1622 causa
1251 1581 1326 1623 est
1366 1573 1632 1624 adhaerere
1673 1575 1797 1641 Deo,
1839 1591 1956 1640 quo·
1995 1601 2005 1647 3

188 1660 244 1699 20
277 1652 405 1699 circa
438 1652 645 1698 istorum
678 1651 905 1697 miseriae
939 1663 1083 1696 causa
1115 1663 1175 1695 ex
1215 1651 1463 1696 contrario
1503 1654 1578 1697 est
1616 1648 1957 1715 intellegenda,

277 1723 406 1788 quod
441 1731 515 1771 est
547 1738 645 1771 non
679 1722 943 1771 adhaerere
977 1721 1091 1770 Deo.
1141 1720 1296 1778 Quam
1330 1721 1391 1769 ob
1424 1737 1528 1770 rem
1562 1724 1617 1788 si,
1658 1738 1771 1772 cum
1810 1737 1955 1786 quae·
2001 1717 2004 1742 *

275 1799 425 1863 ritur,
473 1812 624 1860 quare
671 1796 742 1844 illi
780 1795 911 1844 beati
951 1797 1070 1861 sint,
1115 1802 1250 1843 recte
1292 1795 1641 1859 respondetur:
1694 1795 1816 1853 Quia
1855 1795 1956 1845 Deo

276 1870 563 1935 adhaerent3
616 1877 665 1918 et
705 1885 817 1918 cum
857 1870 1138 1934 quaeritur,
1194 1884 1284 1918 cur
1322 1870 1406 1917 isti
1445 1871 1544 1918 sint
1582 1871 1772 1935 miseri,
1820 1877 1954 1919 recte

278 1944 628 2007 respondetur:
680 1943 803 2000 Quia
842 1958 941 1991 non
981 1942 1247 1991 adhaerent
1286 1941 1409 1991 Deo:
1450 1958 1548 1991 non
1587 1949 1662 1992 est
1702 1948 1954 1992 creaturae

191 2024 246 2064 25
278 2017 528 2065 rationalis
583 2016 658 2065 vel
712 2015 1053 2066 intellectualis
1108 2015 1315 2082 bonum,
1377 2032 1473 2080 quo
1528 2016 1668 2065 beata
1716 2018 1800 2082 sit,
1862 2018 1956 2065 nisi
2018 2027 2020 2083 j

274 2089 420 2138 Deus.
497 2090 568 2139 lta
608 2092 828 2153 quamvis
868 2105 967 2138 non
1007 2091 1166 2138 omnis
1206 2089 1347 2138 beata
1385 2092 1541 2155 possit
1581 2106 1689 2139 esse
1730 2097 1955 2139 creatura
2018 2087 2020 2104 ²

275 2158 460 2229 (neque
513 2166 646 2212 enim
693 2163 787 2212 hoc
839 2178 1018 2212 munus
1071 2162 1410 2228 adipiscuntur
1462 2171 1546 2213 aut
1584 2165 1783 2228 capiunt
1822 2164 1953 2213 ferae

273 2236 402 2300 ligna
458 2252 570 2284 saxa
618 2244 665 2285 et
717 2239 757 2285 si
805 2237 921 2301 quid
960 2237 1108 2286 huius
1147 2236 1280 2286 modi
1319 2232 1440 2305 est),
1495 2253 1551 2286 ea
1590 2244 1775 2303 tamen,
1830 2252 1952 2302 quae

273 2307 458 2375 p'otest,
505 2325 603 2358 non
645 2326 703 2358 ex
744 2325 795 2358 se
835 2313 940 2375 ipsa
978 2317 1164 2376 potest,
1217 2312 1330 2375 quia
1370 2326 1428 2360 ex
1468 2311 1619 2360 nihilo
1660 2318 1823 2361 creata
1864 2318 1953 2377 est,

186 2393 242 2433 30
276 2383 359 2431 sed
409 2399 468 2431 ex
520 2383 626 2449 illo,
682 2399 707 2431 a
755 2399 851 2447 quo
903 2391 1064 2433 creata
1105 2391 1194 2433 est.
1269 2383 1373 2434 Hoc
1414 2387 1545 2434 enim
1584 2385 1759 2450 adepto
1798 2385 1954 2450 beata,

275 2472 371 2520 quo
423 2459 599 2505 amisso
653 2458 831 2505 misera
882 2464 971 2506 est.
1048 2457 1132 2506 Ille
1182 2473 1296 2506 vero
1346 2460 1429 2522 qui
1468 2474 1567 2507 non
1607 2458 1722 2525 alio,
1773 2459 1856 2508 sed
1899 2472 1951 2507 se

272 2531 379 2593 ipso
426 2529 556 2578 bono
604 2529 777 2579 beatus
819 2538 917 2596 est,
969 2531 1079 2578 ideo
1119 2533 1270 2579 miser
1310 2547 1408 2580 non
1447 2538 1610 2597 potest
1653 2547 1787 2597 esse,
1839 2533 1950 2596 quia

272 2618 370 2651 11011
411 2619 463 2651 se
502 2610 665 2668 potest
703 2605 940 2652 amittere.
1422 2660 1426 2663 ³

419 2676 636 2726 Dicimus
682 2679 845 2741 itaque
893 2678 1289 2727 incommutabile
1337 2678 1521 2727 bonum
1569 2694 1667 2727 non
1707 2694 1816 2728 esse
1857 2678 1980 2747 nisis

390 2867 444 2904 32
477 2862 580 2906 ideo
613 2861 712 2918 ipse
744 2862 884 2907 miser
914 2877 939 2906 z·
964 2865 978 2919 ΙΙ
1003 2868 1059 2906 34
1090 2863 1357 2909 incommut.
1391 2879 1415 2908 v
