2020 3122
170 593 195 632 5

228 163 335 216 278
899 169 933 204 s.
957 129 1233 205 mansa-1151

226 294 395 352 posset
419 286 655 351 ostendit;
695 283 890 349 quando
917 299 1001 333 eos
1032 284 1254 333 videmus
1286 298 1385 332 non
1416 284 1682 348 praecipua
1712 284 1910 348 virtute,

227 377 327 410 non
367 359 644 409 rationabili
682 359 929 425 felicitate,
969 357 1056 407 sed
1095 359 1379 422 temeraria,
1426 357 1556 406 sicut
1596 371 1769 406 eorum
1808 355 1908 405 cul·

227 442 362 483 tores
401 434 461 483 de
501 434 581 482 illa
620 435 862 498 sentiunt,
909 432 1155 481 Fortunae
1203 436 1446 496 potestate
1487 430 1710 480 selectos,
1787 429 1908 479 Nam

229 514 278 570 et
315 510 390 556 vir
436 507 793 557 disertissimus
842 505 1103 555 Sallustius
1151 507 1298 554 etiam
1345 506 1479 569 ipsos
1527 503 1646 553 deos
1686 503 1909 553 fortassis

229 581 470 648 adtendit,
509 596 623 631 cum
663 581 873 630 diceret:
923 578 1053 646 „Sed
1091 579 1315 643 profecto
1355 579 1554 627 fortuna
1591 579 1644 627 in
1682 579 1817 627 omni
1855 592 1909 626 re

228 655 529 721 dominatur;
585 670 642 703 ea
694 669 775 704 res
831 660 1034 703 cunctas
1090 668 1150 701 ex
1199 652 1399 701 libidine
1453 653 1606 716 magis
1657 666 1803 716 quam
1851 667 1910 700 ex

225 744 343 777 vero
391 728 608 778 celebrat
653 721 1040 791 obscuratque.“
1114 725 1222 774 Non
1270 727 1401 775 enim
1439 732 1650 790 possunt
1688 727 1910 775 invenire

227 817 447 869 causam,
494 818 584 851 cur
631 801 875 851 celebrata
923 802 986 849 sit
1024 799 1189 848 Venus
1237 806 1287 848 et
1326 799 1588 848 obscurata
1627 801 1690 848 sit
1728 798 1911 865 VirtuS,

229 891 341 925 cum
388 876 640 925 ambarum
688 874 746 923 ab
794 875 902 923 istis
943 880 1230 922 consecrata
1270 874 1368 921 sint
1408 875 1608 922 numina
1648 888 1739 922 nec
1780 888 1910 923 com-

144 962 197 1002 10
228 950 444 1015 paranda
491 951 590 998 sint
627 951 816 997 merita.
893 947 990 996 Aut
1029 949 1072 996 si
1109 946 1203 995 hoc
1243 945 1494 995 nobilitari
1532 948 1739 1013 meruit,
1778 947 1911 1012 quod

140 1328 194 1368 15

140 1697 196 1737 20

140 2062 196 2103 25

139 2431 197 2471 30

226 1023 396 1088 plures
450 1023 711 1088 adpetunt,
764 1021 934 1086 plures
990 1022 1122 1070 enirn
1169 1019 1412 1069 Venerem
1458 1035 1604 1084 quam
1644 1019 1911 1071 Virtutem:

227 1112 318 1146 cur
365 1091 610 1146 celebrata
657 1103 733 1145 est
780 1095 868 1144 dea
909 1094 1126 1143 Minerva
1171 1100 1222 1143 et
1267 1093 1529 1143 obscurata
1577 1101 1652 1143 est
1691 1094 1781 1143 dea
1819 1094 1909 1144 Pe-

228 1167 407 1220 cunia?
461 1185 575 1219 cum
629 1172 680 1218 in
734 1184 914 1234 genere
966 1167 1180 1217 humano
1241 1168 1410 1232 plures
1473 1168 1651 1217 alliciat
1711 1170 1912 1219 avaritia

228 1260 374 1308 quam
412 1246 603 1310 peritia,
643 1250 692 1292 et
724 1245 775 1292 in
815 1245 886 1291 eis
926 1244 1061 1307 ipsiS,
1101 1243 1187 1306 qui
1226 1248 1342 1291 sunt
1381 1242 1649 1309 artificiosi,
1686 1257 1799 1291 raro
1838 1245 1911 1292 in-

226 1320 392 1367 venias
442 1318 713 1383 hominem,
761 1318 845 1381 qui
891 1331 990 1365 non
1038 1315 1215 1364 habeat
1254 1322 1410 1364 artem
1451 1331 1588 1365 suam
1628 1318 1912 1380 pecuniaria

227 1392 454 1441 mercede
480 1391 714 1458 venalem,
752 1390 1007 1455 plurisque
1033 1389 1276 1454 pendatur
1309 1404 1505 1454 semper
1535 1397 1740 1454 propter
1779 1391 1911 1455 quod

227 1465 411 1530 aliquid
450 1465 525 1531 fit,
573 1479 719 1529 quam
766 1464 814 1513 id
856 1463 987 1528 quod
1027 1470 1231 1528 propter
1270 1462 1400 1512 aliud
1441 1463 1509 1512 fit.
1588 1463 1641 1512 Si
1681 1479 1798 1528 ergo
1837 1466 1911 1513 in-

228 1541 452 1604 sipientis
482 1538 665 1588 iudicio
697 1537 1027 1587 multitudinis
1052 1537 1176 1586 facta
1209 1543 1285 1585 est
1317 1536 1524 1586 deorum
1562 1539 1655 1586 ista
1695 1538 1911 1604 selectio,

228 1629 318 1662 cur
357 1612 448 1661 dea
485 1612 703 1662 Pecunia
741 1611 989 1659 Minervae
1029 1610 1244 1675 praelata
1283 1626 1383 1660 non
1423 1617 1513 1677 est,
1555 1626 1668 1660 cum
1706 1618 1912 1676 propter

227 1688 486 1751 pecuniam
513 1688 612 1735 sint
635 1686 849 1735 artifices
874 1681 1051 1734 multi?
1114 1684 1166 1733 Si
1206 1691 1370 1734 autem
1407 1699 1679 1749 paucorum
1721 1687 1910 1752 sapien·

227 1762 351 1810 tium
390 1766 466 1809 est
503 1762 597 1808 ista
636 1760 911 1824 distinctiO,
951 1774 1041 1808 cur
1080 1773 1179 1807 non
1218 1758 1434 1823 praelata
1473 1767 1549 1807 est
1587 1757 1767 1807 Veneri
1806 1758 1910 1808 Vir-

226 1841 333 1900 tuS,
389 1848 501 1883 cum
552 1848 659 1882 eam
709 1833 852 1897 longe
899 1834 1024 1882 ratio
1071 1829 1353 1897 praeferat?
1408 1832 1590 1881 Saltem
1644 1839 1807 1899 certe,
1856 1839 1912 1882 ut
1961 1863 1965 1866 -

227 1907 353 1973 dixi,
403 1909 510 1972 ipsa
548 1906 790 1972 Fortuna,
847 1921 993 1972 quae,
1049 1908 1177 1955 sicut
1214 1911 1392 1971 putant
1432 1907 1518 1970 qui
1557 1907 1604 1954 ei
1641 1905 1911 1971 plurimum

226 1980 475 2047 tribuunt,
522 1983 573 2029 in
620 1982 754 2029 omni
801 1995 855 2029 re
904 1979 1186 2028 dominatur
1237 1986 1284 2028 et
1331 1995 1413 2028 res
1462 1986 1665 2029 cunctas
1705 1995 1764 2028 ex
1803 1979 1910 2028 libi-

229 2053 342 2102 dine
369 2057 522 2118 magis
548 2069 694 2118 quam
735 2069 794 2102 ex
833 2069 948 2102 vero
990 2052 1206 2103 celebrat
1245 2052 1599 2119 obscuratque,
1640 2055 1682 2102 si
1720 2060 1912 2103 tantum

229 2134 278 2176 et
330 2128 381 2176 in
429 2128 547 2176 deos
594 2127 765 2193 valuit,
820 2134 875 2176 ut
921 2129 1185 2176 temerario
1231 2127 1413 2176 iudicio
1462 2142 1552 2176 suo
1603 2142 1727 2191 quos
1766 2126 1912 2176 vellet

228 2199 502 2250 celebraret
556 2199 945 2265 obscuraretque
986 2216 1110 2265 quos
1149 2200 1319 2267 vellet,
1371 2202 1693 2265 praecipuum
1747 2200 1911 2250 locum

226 2273 430 2323 haberet
468 2275 518 2322 in
559 2274 769 2340 selectiS,
809 2289 933 2338 quae
973 2277 1023 2322 in
1063 2276 1196 2339 ipsos
1237 2289 1433 2339 quoque
1474 2274 1592 2323 deos
1630 2280 1731 2322 tam
1769 2289 1912 2339 prae-

228 2349 399 2412 cipuae
441 2353 515 2396 est
553 2349 824 2412 potestatis.
901 2347 975 2395 An
1022 2354 1077 2397 ut
1122 2347 1219 2397 illic
1260 2363 1367 2397 esse
1418 2363 1516 2396 non
1554 2354 1744 2413 posset,
1790 2347 1913 2396 nihil

229 2420 357 2470 aliud
421 2423 567 2470 etiam
626 2423 731 2486 ipsa
792 2420 1010 2470 Fortuna
1080 2423 1175 2470 nisi
1243 2421 1497 2470 adversam
1558 2421 1775 2485 putanda
1836 2427 1912 2470 est

226 2493 456 2544 habuisse
508 2491 790 2543 fortunam?
854 2493 958 2543 Sibi
1005 2510 1122 2559 ergo
1170 2494 1422 2544 adversata
1471 2500 1568 2560 est,
1624 2509 1748 2558 quae
1789 2493 1910 2543 alios

227 2567 418 2618 nobiles
457 2569 640 2617 faciens
679 2567 934 2617 nobilitata
973 2583 1072 2617 non
1113 2575 1202 2617 est.

345 2711 389 2764 4)
424 2709 523 2754 Cat.
557 2713 598 2756 8.

348 2907 370 2943 1
404 2902 549 2957 possit
579 2901 625 2944 A
648 2903 662 2958 Η
688 2907 713 2946 8
745 2915 906 2946 causas
938 2900 983 2944 A
1014 2901 1029 2958 [ᾖ
1061 2905 1115 2944 29
1146 2900 1297 2958 possit
1327 2900 1372 2943 A
