2020 3122
533 168 600 200 DE
625 165 864 200 οΙνῙΤΑΤΕ
887 167 976 199 DEI
1000 168 1043 199 n.
1069 167 1115 199 x.
1140 167 1178 200 c.
1206 168 1258 200 19.
1284 169 1336 200 20.
1678 154 1789 208 433

104 285 415 330 removentes
463 279 534 326 eis
585 279 636 326 in
677 293 825 341 quem
863 278 1126 327 crederent
1165 278 1580 329 adnuntiaverunt
1618 278 1790 329 Deum.

103 353 205 402 Nec
255 351 318 401 ob
366 350 496 401 aliud
543 350 738 400 fallaces
785 350 856 399 illi
896 350 1108 416 superbe
1149 351 1243 400 sibi
1281 352 1374 401 hoc
1414 354 1642 419 exigunt,
1692 355 1789 402 nisi

102 428 219 492 quia
255 441 373 474 vero
413 425 514 474 Deo
563 424 735 473 deberi
780 425 959 473 sciunt.
1036 424 1145 473 Non
1186 427 1317 474 enim
1357 441 1410 475 re
1450 442 1587 492 vera,
1627 434 1682 476 ut
1722 429 1788 477 ait

102 499 408 564 Porphyrius
457 504 507 547 et
544 497 770 547 nonnulli
807 503 1006 564 putant,
1046 498 1348 547 cadaverinis
1388 499 1662 567 nidoribuS‚
1701 501 1788 550 sed

101 573 279 622 divinis
311 571 584 621 honoribus
616 572 844 636 gaudent.
923 571 1121 636 Copiam
1146 586 1262 620 vero
1295 573 1525 622 nidorum
1563 589 1788 639 magnam

102 646 286 696 habent
335 646 577 711 undique,
628 652 678 695 et
717 647 759 694 si
798 645 1006 710 amplius
1046 645 1246 711 vellent,
1294 647 1389 710 ipsi
1428 646 1522 695 sibi
1559 655 1789 712 poterant

103 719 349 770 exhibere.
427 720 523 778 Qui
554 734 672 784 ergo
705 719 1010 769 divinitatem
1042 719 1135 768 sibi
1168 726 1398 784 arrogant
1430 722 1650 787 spirituS‚
1689 737 1788 771 non

102 793 367 844 cuiuslibet
406 795 629 858 corporis
662 794 812 859 fumo,
852 793 936 842 sed
979 793 1301 858 supplicantis
1341 795 1502 842 animo
1543 795 1786 844 delectan-

105 874 206 934 tur,
253 870 335 917 cui
382 867 588 932 decepto
637 867 958 931 subiectoque
1011 867 1350 934 dominentur,
1397 868 1786 918 intercludentes

101 943 197 990 iter
236 942 295 990 ad
335 941 493 991 Deum
530 956 718 1007 verum,
758 956 819 990 ne
860 943 923 990 sit
962 941 1108 990 homo
1147 941 1277 990 illius
1317 942 1628 1009 sacrificium,
1669 942 1786 992 dum

102 1015 410 1065 sacrificatur
450 1017 662 1080 cuipiam
700 1024 899 1079 praeter
938 1014 1089 1064 illum.

770 1202 965 1256 CAPUT
998 1203 1114 1255 XX.

101 1311 178 1361 De
214 1325 403 1360 summo
436 1326 654 1372 veroque
683 1313 957 1370 sacrificio,
997 1312 1133 1372 quod
1170 1312 1274 1373 ipse
1313 1311 1412 1360 Dei
1448 1315 1495 1361 et
1533 1312 1784 1361 hominum

626 1387 875 1434 mediator
914 1385 1125 1445 effectus
1165 1390 1249 1434 esl.

248 1486 386 1536 Unde
426 1501 575 1536 verus
606 1486 686 1536 ille
728 1486 988 1548 mediator,
1038 1489 1087 1536 in
1130 1494 1370 1551 quantum
1411 1487 1618 1536 formam
1658 1490 1787 1536 servi

101 1563 347 1626 accipiens
397 1561 638 1610 mediator
690 1562 895 1610 effectus
948 1567 1023 1610 est
1069 1561 1158 1609 Dei
1209 1567 1258 1610 et
1303 1561 1557 1610 hominum
1570 1601 1585 1627 ,
1638 1560 1784 1610 homo

102 1634 327 1684 Christus
367 1635 533 1701 lesus,
584 1650 697 1684 cum
735 1636 788 1683 in
827 1635 984 1683 forma
1022 1634 1111 1683 Dei
1151 1635 1446 1684 sacrificium
1487 1650 1600 1683 cum
1638 1634 1784 1684 Patre

101 1715 276 1773 sumat,
316 1724 429 1758 cum
469 1724 566 1773 quo
607 1715 657 1757 et
695 1724 825 1758 unus
865 1708 996 1757 Deus
1037 1715 1127 1774 est,
1166 1715 1329 1758 tamen
1368 1710 1420 1757 in
1460 1709 1616 1757 forma
1656 1710 1785 1757 servi

101 1783 396 1831 sacrificium
428 1782 600 1831 maluit
623 1797 731 1831 esse
766 1797 912 1847 quam
944 1797 1156 1849 sumere,
1195 1798 1257 1831 ne
1291 1782 1366 1831 vel
1396 1782 1486 1830 hac
1526 1784 1783 1831 occasione

103 1850 363 1921 quisquam
419 1857 722 1905 existimaret
784 1855 986 1905 cuilibet
1048 1856 1424 1905 sacrificandum
1478 1871 1586 1904 esse
1651 1871 1783 1904 crea-

99 1936 254 1979 turae.
331 1929 427 1978 Per
481 1929 574 1978 hoc
630 1936 678 1979 et
730 1930 959 1979 sacerdos
1002 1936 1098 1996 est,
1152 1932 1258 1994 ipse
1299 1930 1534 1994 offerenS‚
1589 1931 1694 1994 ipse
1736 1936 1785 1979 et

101 2002 293 2053 oblatio,
383 2002 534 2052 Cuius
589 2005 663 2052 rei
717 2010 1078 2053 sacramentum
1127 2003 1427 2053 cotidianum
1467 2018 1575 2052 esse
1631 2003 1784 2053 voluit

103 2077 339 2127 ecclesiae
393 2077 710 2144 sacrificium,
758 2093 882 2142 quae
924 2093 1036 2126 cum
1075 2079 1231 2142 ipsius
1272 2079 1443 2142 capitis
1484 2092 1666 2141 corpus
1706 2079 1782 2142 sit,

101 2166 154 2200 se
202 2153 359 2216 ipsam
405 2166 495 2216 per
542 2153 704 2216 ipsum
752 2151 896 2200 discit
944 2153 1136 2201 offerre.
1214 2151 1372 2201 Huius
1412 2153 1516 2200 veri
1556 2152 1783 2200 sacrificii

101 2225 388 2290 multiplicia
414 2227 640 2289 variaque
676 2227 812 2289 signa
838 2232 978 2275 erant
1011 2225 1249 2274 sacrificia
1280 2227 1442 2290 prisca
1483 2231 1781 2290 sanctorum,

102 2313 214 2347 cum
267 2299 361 2348 hoc
409 2314 564 2348 unum
611 2314 702 2363 per
753 2299 904 2348 multa
955 2300 1279 2367 figuraretur,
1329 2306 1578 2363 tamquam
1618 2298 1781 2348 verbis

100 2372 266 2421 multis
313 2387 395 2421 res
446 2388 543 2421 una
591 2373 862 2438 diceretur,
910 2379 966 2422 ut
1012 2375 1118 2422 sine
1166 2373 1360 2423 fastidio
1401 2372 1610 2437 multum
1651 2387 1779 2421 com·

100 2446 429 2496 mendaretur.
506 2446 632 2495 Huic
666 2461 856 2496 summo
889 2463 1103 2512 veroque
1138 2448 1377 2496 sacrificio
1418 2453 1594 2496 cuncta
1633 2447 1779 2495 sacri-

100 2518 207 2568 ficia
246 2520 364 2569 falsa
405 2527 676 2569 cesserunt.

220 2649 262 2703 1)
295 2647 397 2690 Act.
434 2652 502 2691 14.

187 2987 282 3011 AUG.
306 2988 359 3011 DE
385 2987 462 3013 σιν,
490 2988 570 3012 mu.
594 2981 624 3011 I.
1367 2975 1422 3013 28

1820 584 1846 624 5

1822 953 1876 994 10

1821 1498 1873 1538 15

1818 1867 1872 1907 20

1815 2235 1869 2273 25
