2020 3122
553 141 620 175 DE
644 139 884 174 CIVITATE
906 140 995 174 nm
1017 141 1059 174 L.
1083 142 1128 175 v.
1154 141 1190 175 c.
1214 144 1245 175 2.
1270 143 1301 176 3.
1662 130 1767 183 193

82 268 195 303 nem
246 268 363 302 vero
413 252 535 302 caeli
585 267 641 302 ac
689 251 932 318 siderum,
984 267 1108 316 quae
1160 253 1252 302 fuit
1305 254 1498 318 quando
1539 257 1767 320 concepti

82 329 182 376 sive
222 328 323 375 nati
362 332 501 392 sunt,
546 325 669 375 velle
708 325 906 375 trahere
947 325 1007 374 ad
1045 327 1190 374 istam
1229 327 1514 392 aegrotandi
1550 327 1765 393 parilita-

0 466 1 469 ,
80 407 195 467 tem,
234 414 348 449 cum
386 406 487 449 tam
525 399 681 449 multa
720 400 1041 450 diversissimi
1079 401 1277 463 generis
1317 400 1766 451 diversissimorum

81 475 346 524 effectuum
384 479 435 522 et
466 479 756 523 eventorum
795 473 970 522 eodem
1006 479 1230 538 tempore
1271 475 1323 522 in
1362 475 1509 523 unius
1548 477 1763 540 regionis

80 554 212 598 terra
237 547 396 597 eidem
422 546 556 596 caelo
590 546 785 597 subdita
815 548 1072 611 potuerint
1102 548 1297 611 concipi
1328 554 1377 596 et
1407 550 1558 614 nasci,
1596 550 1763 598 nescio
1797 557 1823 596 5

0 642 1 655 ¹
80 623 221 671 cuius
268 622 333 670 sit
376 621 683 670 insolentiae.
760 619 860 669 Nos
911 627 1076 670 autem
1123 622 1349 669 novimus
1397 623 1618 685 geminos
1665 637 1763 671 non

79 695 238 744 solum
290 701 429 744 actus
485 701 535 744 et
586 695 1011 759 peregrinationes
1065 693 1249 743 habere
1296 693 1537 760 diversaS,
1591 710 1763 744 verum

79 769 224 818 etiam
270 768 493 834 dispares
547 768 883 834 aegritudines
931 769 1140 833 perpeti.
1217 767 1286 816 De
1339 783 1436 832 qua
1486 783 1540 817 re
1595 769 1763 817 facilli-

0 851 1 862 *
77 857 220 909 mam,
259 849 500 907 quantum
537 842 659 891 mihi
697 843 906 908 videtur,
944 843 1188 891 rationem
1226 840 1459 891 redderet
1495 840 1763 907 Hippocra-

77 923 175 983 teS,
229 915 436 966 diversis
491 915 735 965 alimentis
791 922 842 965 et
887 915 1348 982 exercitationibus,
1400 930 1524 980 quae
1564 931 1665 964 non
1704 916 1763 965 de
1799 925 1852 964 10

77 992 301 1055 corporis
355 992 734 1055 temperatione,
791 989 877 1038 sed
933 989 992 1038 de
1045 991 1195 1038 animi
1243 988 1494 1038 voluntate
1544 990 1765 1056 veniunt,

77 1063 340 1113 dissimiles
379 1066 450 1112 eis
489 1063 712 1113 accidere
744 1065 965 1128 potuisse
1005 1063 1324 1112 valetudines.
1401 1062 1558 1111 Porro
1600 1071 1764 1112 autem

75 1137 370 1187 Posidonius
415 1136 492 1186 vel
538 1135 745 1201 quilibet
791 1136 1011 1186 fatalium
1058 1136 1278 1185 siderum
1327 1142 1544 1186 assertor
1582 1138 1764 1186 mirum

77 1213 119 1261 si
168 1217 334 1276 potest
380 1210 462 1260 hic
511 1212 733 1259 invenire
786 1211 904 1274 quid
954 1210 1108 1277 dicat,
1159 1212 1203 1259 si
1250 1209 1373 1260 nolit
1418 1212 1763 1275 imperitorum

58 1284 324 1335 ‘mentibus
347 1286 399 1333 in
424 1285 495 1334 eis
521 1299 642 1349 quas
674 1286 905 1333 nesciunt
943 1283 1094 1332 rebus
1133 1282 1373 1333 inludere.
1451 1282 1593 1341 Quod
1634 1286 1764 1333 enim
1799 1292 1850 1332 15

77 1365 319 1409 conantur
359 1358 559 1408 efficere
600 1358 660 1407 de
700 1357 956 1407 intervallo
998 1359 1174 1421 exiguo
1215 1358 1481 1423 temporiS,
1520 1356 1652 1421 quod
1691 1359 1762 1406 in—

76 1439 152 1482 ter
192 1447 244 1482 se
292 1433 476 1497 gemini
526 1431 646 1482 dum
684 1438 1009 1481 nascerentur
1047 1430 1351 1498 habuerunt,
1396 1437 1603 1496 propter
1644 1431 1765 1480 caeli

74 1506 385 1572 particulam,
430 1505 517 1555 ubi
553 1507 756 1571 ponitur
794 1505 944 1555 horae
984 1506 1172 1555 notatio
1189 1543 1205 1571 ,
1246 1520 1394 1569 quem
1431 1503 1764 1570 horoscopum

74 1586 271 1630 vocant:
318 1586 402 1629 aut
440 1595 541 1629 non
578 1586 771 1629 tantum
809 1579 956 1645 valet,
1011 1584 1192 1643 quanta
1230 1579 1482 1627 invenitur
1520 1579 1573 1627 in
1612 1580 1762 1643 gemi—

75 1669 254 1703 norum
292 1652 626 1704 voluntatibus
658 1653 851 1703 actibus
890 1652 1112 1702 moribus
1153 1651 1448 1716 casibusque
1489 1652 1762 1718 diversitaS,
1796 1662 1851 1701 20

76 1734 160 1777 aut
195 1727 308 1792 plus
347 1728 495 1777 etiam
540 1727 689 1794 valet,
737 1742 883 1792 quam
931 1734 1008 1776 est
1047 1727 1358 1791 geminorum
1396 1725 1472 1774 vel
1511 1725 1762 1774 humilitas

75 1803 271 1866 generis
319 1801 489 1851 eadem
529 1801 604 1851 vel
643 1801 897 1868 nobilitaS,
944 1802 1087 1850 cuius
1127 1801 1388 1849 maximam
1428 1798 1763 1848 diversitatem

76 1889 175 1924 non
213 1876 310 1924 nisi
347 1876 400 1924 in
438 1875 581 1941 hora,
621 1890 718 1939 qua
757 1877 967 1939 quisque
1007 1875 1244 1939 nascitur,
1282 1879 1488 1937 ponunt.
1566 1871 1633 1921 Ac
1672 1888 1763 1937 per

73 1948 167 1998 hoc
208 1951 250 1998 si
273 1955 374 1998 tam
398 1947 627 1998 celeriter
659 1948 782 1997 alter
820 1954 934 2013 post
972 1947 1183 1997 alterum
1221 1948 1456 2012 nascitur,
1497 1953 1551 1995 ut
1591 1946 1762 1995 eadem

75 2037 187 2087 pars
226 2022 490 2087 horoscopi
521 2028 729 2089 maneat,
766 2024 903 2086 paria
942 2027 1121 2071 cuncta
1161 2035 1361 2086 quacr0,
1401 2035 1524 2084 quae
1564 2021 1615 2068 in
1654 2019 1760 2068 nul·
1794 2030 1849 2070 25

76 2095 136 2144 lis
172 2102 383 2162 possunt
429 2097 638 2160 geminis
685 2097 920 2162 inveniri3
972 2097 1013 2144 si
1060 2101 1224 2144 autem
1264 2096 1518 2158 sequentis
1557 2094 1760 2143 tarditas

75 2168 407 2235 horoscopum
437 2176 607 2236 mutat,
645 2176 877 2235 parentes
916 2168 1137 2218 diversos
1177 2183 1376 2235 quaem,
1417 2182 1540 2232 quos
1579 2168 1761 2232 gemini

75 2241 255 2307 habere
295 2259 394 2292 non
432 2250 656 2308 possunt.

749 2356 944 2410 CAPUT
985 2356 1085 2410 ΠΙ.

79 2449 153 2499 De
191 2456 509 2519 argumenta,
549 2451 686 2511 quod
722 2464 788 2498 ex
828 2455 943 2498 rota
977 2450 1128 2510 fiqulz'
1166 2449 1400 2509 Niqz‘dius
1447 2448 1757 2496 mathemati·
1791 2457 1847 2496 30

319 2539 408 2574 cus
447 2525 727 2587 adsumpsit
764 2525 815 2572 in
855 2524 1147 2584 quaestione
1184 2523 1513 2583 qeminorum.

222 2611 427 2662 Frustra
471 2614 636 2676 itaque
685 2611 907 2660 adfertur
953 2609 1117 2659 nobile
1163 2608 1283 2658 illud
1324 2614 1657 2657 commentum
1696 2607 1754 2654 de

77 2684 211 2748 figuli
257 2692 386 2752 rota,
434 2686 565 2750 quod
615 2684 931 2750 respondisse
979 2685 1147 2733 serunt
1185 2682 1435 2746 Nigidium
1480 2680 1568 2728 hac
1612 2694 1754 2744 quae—

193 2817 221 2855 4
252 2779 703 2857 effecn—AK1Parr.
749 2812 863 2857 mell.
902 2813 978 2866 (=
1011 2815 1213 2866 actuum,
1247 2821 1453 2866 operum,
1493 2807 1548 2861 cf.
1583 2811 1634 2860 7;
1667 2810 1756 2860 205

76 2873 179 2925 194,
211 2875 316 2927 25);
348 2871 496 2916 affecta.
528 2871 674 2916 K2Fv
698 2874 712 2927 ΙΙ
739 2877 792 2916 13
824 2870 965 2914 miror
995 2871 1040 2913 A

165 2960 260 2986 Auo.
283 2961 336 2986 mr.
361 2961 437 2988 c1v.
461 2961 544 2990 nm.
576 2954 608 2988 Ι.
1435 2945 1488 2985 13
