2020 3122
250 137 361 189 490
931 148 964 182 S.
990 147 1266 182 AUGUSTINI

249 263 431 325 inquit:
472 263 590 310 Fiat
628 265 738 322 lux,
794 267 843 310 et
875 260 1021 323 facta
1062 267 1136 310 est
1173 263 1276 310 lux.
1339 261 1407 309 Et
1444 262 1571 309 vidit
1607 260 1744 309 Deus
1775 263 1938 310 lucem

251 338 371 396 qula
405 337 535 384 bona
568 341 653 384 est.
718 334 769 383 Si
802 349 918 399 ergo
953 335 1252 399 quaerimus,
1285 335 1394 397 quis
1427 334 1626 382 fecerit:
1669 335 1807 383 Deus
1839 340 1912 383 est
1921 351 1942 392 ,-

252 410 293 456 si
331 423 421 472 per
461 408 579 472 quid
632 409 829 457 fecerit:
877 410 1051 457 Dixit:
1101 410 1238 469 Fiat,
1287 413 1336 456 et
1367 406 1515 468 facta
1555 413 1657 465 est;
1704 409 1747 456 si
1786 421 1939 471 quare

178 521 188 529 .
254 482 450 530 fecerit:
498 484 628 541 Quia
669 484 800 532 bona
841 489 925 531 est.
995 481 1097 531 Nec
1138 487 1309 530 auctor
1350 486 1424 529 est
1463 479 1782 530 excellentior
1819 480 1938 547 Deo,

196 564 221 601 5
255 570 346 604 nec
386 570 465 604 ars
501 556 760 619 efficacior
800 555 888 604 Dei
927 555 1098 617 verbo,
1146 570 1238 603 nec
1288 569 1434 603 causa
1480 553 1654 602 melior
1701 569 1846 618 quam
1885 561 1942 603 ut

255 627 440 678 honum
479 636 735 678 crearetur
775 645 800 678 a
840 629 941 678 Deo
980 629 1125 677 bon0.
1203 627 1339 676 Hanc
1379 629 1526 676 etiam
1565 627 1702 677 Plato
1743 642 1939 677 causam

258 702 500 752 condendi
547 703 718 752 mundi
763 704 1083 752 iustissimam
1130 701 1274 767 dicit,
1320 708 1376 750 ut
1415 717 1441 750 a
1487 700 1617 750 bono
1666 700 1765 750 Deo
1813 700 1942 750 hona
1994 698 1995 701 ’

258 791 407 840 opera
445 777 645 843 fierent3
693 779 792 826 sive
839 778 931 825 ista
982 775 1178 841 legerit,
1227 778 1327 824 sive
1368 774 1426 824 ab
1477 774 1553 823 his
1593 776 1678 839 qui
1724 774 1944 840 legerant

260 850 386 898 sorte
428 852 733 916 cognoverit3
774 852 874 899 sive
915 851 1155 898 acerrimo
1195 851 1392 914 ingenio
1431 848 1691 910 invisibilia
1730 848 1818 898 Dei
1855 863 1946 913 per

170 933 224 971 10
258 938 335 989 ea,
383 939 507 987 quae
555 925 681 973 facta
729 931 865 988 sunt,
923 923 1170 972 intellecta
1220 924 1553 988 conspexerit,
1611 924 1711 972 sive
1759 922 1818 971 ab
1869 921 1946 970 his

261 998 344 1060 qui
383 999 474 1045 ista
516 1006 877 1062 conspexerant
915 1004 964 1046 et
1003 999 1108 1062 ipse
1150 997 1391 1046 didicerit.

903 1154 1095 1209 CAPUT
1136 1155 1309 1208 XXII.

297 1264 372 1312 De
409 1265 501 1325 his,
542 1266 723 1325 quibus
764 1266 814 1312 in
854 1266 1185 1313 universitate
1224 1278 1396 1311 rerum
1429 1278 1461 1312 a
1502 1264 1627 1312 bono
1666 1263 1908 1312 Creatore

402 1338 526 1386 bene
567 1341 891 1387 conditarum
930 1339 1181 1398 quaedam
1222 1339 1508 1399 displicent,
1549 1343 1598 1386 et
1628 1343 1816 1399 putant

173 1419 226 1457 15
623 1415 914 1461 nonnullam
953 1414 1136 1460 malam
1180 1426 1286 1459 esse
1325 1417 1578 1459 naturam.

411 1513 548 1563 Hanc
595 1522 758 1563 tamen
799 1530 1018 1581 causam,
1063 1514 1111 1563 id
1153 1520 1228 1562 est
1275 1513 1332 1562 ad
1381 1511 1509 1561 hona
1556 1512 1765 1562 creanda
1811 1512 1949 1562 honi-

262 1595 412 1636 tatem
453 1587 562 1654 Dei,
610 1588 756 1654 hanc,
805 1591 1027 1654 inquam,
1067 1603 1264 1637 causam
1304 1594 1401 1635 tam
1441 1588 1620 1635 iustam
1660 1593 1806 1651 atque
1845 1587 1947 1635 ido·
2004 1606 2007 1607 ⁷

262 1676 427 1727 neam,
475 1677 598 1725 quae
649 1661 908 1726 diligenter
949 1662 1257 1711 considerata
1296 1668 1346 1710 et
1389 1662 1470 1726 pie
1519 1662 1728 1724 cogitata
1774 1675 1945 1709 omnes

265 1737 626 1784 controversias
668 1738 1010 1799 quaerentium
1049 1735 1220 1784 mundi
1260 1735 1501 1798 originem
1539 1736 1791 1800 terminat,
1839 1736 1944 1798 qui-

175 1817 231 1856 20
265 1807 374 1856 dam
428 1808 665 1858 haeretici
711 1825 809 1858 non
856 1809 1108 1876 viderunt,
1163 1811 1276 1873 quia
1324 1823 1527 1873 egenam
1582 1809 1745 1857 carnis
1799 1807 1946 1856 huius

265 1882 584 1947 fragilemque
639 1883 986 1932 mortalitatem
1034 1885 1129 1932 iam
1177 1883 1236 1932 de
1283 1884 1414 1932 iusto
1463 1881 1702 1946 supplicio
1748 1883 1944 1930 venien-

264 1961 386 2020 tem,
442 1955 558 2005 dum
606 1959 650 2005 ei
705 1973 803 2006 non
852 1959 1173 2022 conveniunt,
1227 1956 1438 2021 plurima
1486 1955 1763 2021 offendunt,
1818 1956 1951 2004 sicut

265 2030 392 2092 ignis
433 2037 516 2078 aut
562 2031 718 2094 frigus
758 2038 842 2079 aut
889 2032 991 2080 fera
1030 2030 1187 2080 hestia
1227 2037 1311 2079 aut
1350 2029 1467 2094 quid
1508 2031 1615 2078 eius
1654 2028 1808 2094 modi3
1855 2043 1947 2077 nec

270 2102 562 2169 adtendunt,
603 2119 749 2168 quam
788 2104 863 2154 vel
901 2106 952 2153 in
993 2107 1096 2154 suis
1134 2104 1255 2153 locis
1293 2105 1582 2167 naturisque
1613 2104 1807 2166 vigeant
1843 2102 1949 2167 pul-

181 2185 237 2224 25
272 2174 490 2240 chroque
531 2177 702 2226 ordine
744 2179 1090 2244 disponantur,
1136 2184 1473 2242 quantumque
1520 2177 1828 2225 universitati
1873 2191 1949 2229 re·
2019 2244 2020 2247 Ἴ

269 2264 382 2298 rum
419 2265 510 2314 pro
544 2253 646 2299 suis
685 2251 997 2315 portionibus
1037 2253 1230 2301 decoris
1270 2259 1518 2316 tamquam
1555 2252 1607 2298 in
1639 2264 1950 2298 communem
2019 2260 2020 2280 ³

269 2337 376 2371 rem
414 2323 659 2388 publicam
703 2326 960 2374 conferant
998 2325 1074 2374 vel
1112 2325 1255 2374 nobis
1294 2326 1436 2390 ipsiS,
1484 2326 1525 2372 si
1564 2325 1637 2372 eis
1677 2338 1950 2388 congruen-

271 2403 348 2445 ter
381 2404 526 2462 atque
559 2400 775 2447 scienter
806 2406 1028 2465 utamur,
1067 2398 1426 2448 commoditatis
1458 2395 1761 2463 adtribuant,
1798 2398 1866 2445 ita
1895 2403 1953 2445 ut

270 2485 457 2519 venena
503 2473 628 2536 ipsa,
684 2487 807 2535 quae
862 2488 952 2536 per
998 2473 1444 2522 inconvenientiam
1497 2471 1774 2535 perniciosa
1821 2477 1952 2535 sunt,

178 2554 234 2593 30
270 2546 621 2593 convenienter
661 2544 875 2594 adhibita
922 2548 972 2594 in
1022 2545 1236 2595 salubria
1283 2545 1635 2594 medicamenta
1674 2551 1952 2608 vertantur3

383 2659 426 2713 6)
460 2657 579 2700 Tim.
611 2673 654 2714 p.
689 2663 760 2702 30.
824 2659 896 2713 10)
928 2658 1061 2702 Rom.
1096 2663 1135 2712 1,
1169 2663 1238 2702 20.

384 2825 408 2863 6
448 2819 547 2863 Deo
587 2833 668 2863 om.
723 2819 766 2863 V
792 2822 807 2876 ΙΙ
841 2824 894 2863 15
933 2819 1079 2862 ullam
1129 2819 1239 2872 VA‚·
1284 2819 1360 2863 sed
1391 2820 1447 2875 cf.
1481 2823 1583 2874 491,
1615 2822 1680 2864 20
1724 2819 1740 2874 ΙΙ
1786 2822 1840 2861 23
1873 2816 1950 2859 uel

263 2877 374 2932 quid
414 2877 457 2921 V
476 2880 491 2934 ΙΙ
515 2883 569 2922 27
602 2878 839 2935 publicam
871 2893 952 2922 om.
985 2879 1030 2922 A
