2020 3122
147 948 201 987 10

143 1563 197 1603 15

142 1974 197 2014 20

139 2340 195 2381 25

137 2709 192 2750 30

235 146 342 199 272
907 158 942 192 s.
966 159 1239 193 Auens'rrm

236 280 312 322 est
352 274 457 321 sine
509 271 605 320 ullo
654 271 750 320 fine
790 269 1006 338 felicem,
1056 271 1189 321 solus
1227 270 1308 320 ille
1349 271 1452 338 dat,
1508 273 1592 335 qui
1631 270 1714 320 dat
1753 286 1918 320 veram

236 346 533 395 felicitatem.
613 345 770 403 Quam
810 346 1040 409 quoniam
1078 344 1170 411 illi,
1221 359 1346 408 quos
1386 344 1502 394 colit
1541 343 1784 409 theologia
1823 346 1918 394 ista

236 419 413 485 civiliS,
454 418 569 468 dare
610 434 709 468 non
746 434 893 483 posse
933 420 1147 468 convicti
1187 425 1324 468 sunt:
1374 433 1473 467 non
1515 417 1673 467 solum
1711 426 1917 483 propter

234 495 326 542 ista
365 492 652 557 temporalia
691 498 837 556 atque
877 498 1096 559 terrena,
1144 491 1275 556 quod
1315 491 1658 557 superioribus
1698 492 1916 556 quinque

235 559 374 616 lib'ris
414 566 742 633 ostendimus,
790 566 876 615 sed
927 566 1081 615 multo
1128 567 1282 630 magis
1328 572 1534 631 propter
1572 566 1720 615 vitam
1760 571 1916 614 aeter-

235 655 369 707 nam,
410 655 534 705 quae
573 647 685 705 post
724 646 935 689 mortem
974 640 1140 689 futura
1180 645 1277 704 est,
1325 639 1455 704 quod
1494 641 1589 689 isto
1628 654 1728 688 uno
1769 640 1916 688 etiam

232 713 328 763 illis
383 713 763 779 cooperantibus
812 715 1023 779 egimus,
1071 713 1263 762 colendi
1311 729 1410 762 non
1451 719 1579 763 sunt.
1659 712 1756 761 Sed
1796 728 1916 777 quo-

233 789 364 836 niam
411 794 699 837 veternosae
748 787 1120 836 consuetudinis
1166 788 1239 835 vis
1286 788 1433 836 nimis
1479 789 1531 836 in
1578 786 1675 836 alto
1723 786 1915 836 radices

231 860 403 928 habet,
450 863 491 910 si
538 863 618 911 cui
657 861 717 910 de
756 863 850 910 ista
890 860 1019 910 civili
1058 859 1303 925 theologia
1342 861 1620 926 respuenda
1661 866 1807 925 atque
1846 862 1915 908 vi-

234 935 379 984 tanda
426 950 601 1000 parum
646 935 817 984 videor
857 934 1159 999 disputasse,
1213 935 1264 982 in
1304 933 1434 984 aliud
1472 933 1729 1000 volumen,
1782 933 1914 998 quod

232 1008 348 1058 huic
388 1008 658 1073 opitulante
698 1008 798 1057 Deo
840 1008 1240 1072 coniungendum
1280 1014 1378 1074 est,
1425 1009 1642 1058 animum
1679 1007 1916 1057 intendat.

851 1343 1130 1397 LIBER
1175 1343 1295 1397 VII.

898 1565 1242 1604 PRAEFATIO.

378 1670 669 1735 Diligentius
715 1685 793 1719 me
847 1686 1021 1736 pravas
1070 1678 1118 1720 et
1164 1678 1356 1720 veteres
1409 1673 1665 1736 opiniones
1716 1672 1914 1721 veritati

228 1745 425 1809 pietatis
456 1746 695 1811 inimicaS,
735 1759 856 1809 quas
889 1744 1168 1794 tenebrosis
1201 1746 1375 1794 animis
1417 1744 1562 1794 altius
1602 1751 1652 1794 et
1689 1747 1913 1795 tenacius

230 1818 495 1867 diuturnus
548 1817 751 1867 humani
804 1820 1000 1883 generis
1056 1834 1197 1867 error
1257 1818 1441 1880 infixit,
1500 1817 1709 1868 evellere
1764 1824 1911 1883 atque

229 1894 502 1956 exstirpare
554 1898 813 1941 conantem
861 1899 911 1941 et
959 1891 1092 1941 illius
1139 1894 1346 1959 gratiae,
1397 1893 1484 1956 qui
1527 1891 1623 1941 hoc
1669 1898 1726 1942 ut
1763 1907 1912 1941 verus

231 1964 361 2014 Deus
393 1971 570 2032 potest,
608 1981 699 2030 pro
732 1981 842 2014 meo
882 1965 1080 2015 modulo
1119 1967 1172 2014 in
1211 1967 1318 2015 eius
1358 1965 1601 2014 adiutorio
1643 1980 1910 2031 cooperan-

229 2045 330 2087 tem
367 2040 564 2102 ingenia
602 2039 840 2088 celeriora
879 2046 1024 2104 atque
1065 2039 1282 2106 meliora,
1323 2038 1502 2104 quibus
1541 2039 1600 2088 ad
1638 2039 1765 2088 hanc
1804 2054 1911 2088 rem

229 2113 511 2176 superiores
566 2111 679 2161 libri
734 2114 851 2162 satis
914 2128 1163 2178 superque
1218 2113 1494 2180 sufficiunt,
1554 2115 1799 2178 patienter
1861 2120 1913 2162 et

229 2186 582 2249 aequanimiter
629 2186 759 2235 ferre
809 2186 1060 2236 debebunt
1105 2193 1155 2236 et
1193 2193 1398 2251 propter
1437 2186 1557 2235 alios
1596 2201 1695 2235 non
1733 2192 1910 2251 putare

229 2257 566 2324 superfluum,
621 2258 751 2323 quod
812 2261 909 2308 iam
972 2259 1065 2309 sibi
1127 2261 1348 2309 sentiunt
1405 2275 1503 2309 non
1558 2261 1908 2309 necessarium.

228 2331 437 2381 Multum
476 2347 650 2396 magna
689 2347 770 2381 res
810 2335 993 2399 agitur,
1035 2349 1148 2383 cum
1186 2349 1302 2382 vera
1341 2339 1391 2382 et
1429 2348 1543 2382 vere
1584 2339 1751 2382 sancta
1789 2332 1908 2381 divi-

228 2407 377 2472 nitaS,
418 2407 637 2470 quamvis
677 2405 736 2454 ab
777 2421 833 2454 ea
872 2406 1014 2455 nobis
1055 2409 1200 2456 etiam
1239 2407 1378 2472 huic,
1426 2422 1571 2471 quam
1610 2422 1742 2456 nunc
1781 2408 1908 2470 geri-

227 2494 352 2545 mus,
391 2478 640 2544 fragilitati
664 2482 941 2529 necessaria
966 2479 1183 2529 subsidia
1221 2479 1566 2547 praebeantur,
1605 2495 1704 2529 non
1744 2486 1910 2529 tamen

226 2559 431 2618 propter
470 2551 690 2602 mortalis
738 2554 862 2602 vitae
902 2555 1242 2603 transitorium
1280 2568 1535 2620 vaporem,
1576 2553 1661 2602 sed
1700 2559 1905 2618 propter

225 2628 371 2676 vitam
425 2625 638 2692 beatam,
694 2641 816 2690 quae
865 2642 963 2676 non
1011 2628 1106 2676 nisi
1145 2633 1344 2676 aeterna
1384 2633 1482 2694 est,
1529 2627 1807 2691 quaerenda
1857 2633 1913 2674 et.

226 2699 427 2749 colenda
466 2700 791 2765 praedicatur.
1967 2706 1978 2709 χ
