2020 3122
155 911 211 951 10

153 1279 207 1319 15

150 1648 206 1688 20

149 2016 204 2056 25

144 2383 203 2423 30

245 115 351 167 578
909 125 943 160 S.
967 125 1242 162 Aueusmnn

245 235 451 289 volunt?
510 238 754 287 Nimirum
817 239 999 303 quippe
1049 239 1307 288 consilium
1371 238 1459 288 Dei
1520 246 1567 288 et
1628 245 1924 304 potestatem

243 319 516 378 potuerunt
546 311 839 378 philosophi,
877 327 969 361 nec
1000 318 1272 377 potuerunt
1302 328 1448 362 nosse
1479 312 1771 380 prophetae3
1811 329 1924 365 cum

243 388 409 451 potius
462 401 488 434 e
540 387 787 435 contrario
838 384 927 434 Dei
978 386 1244 452 prophetas
1301 386 1360 435 ad
1407 387 1754 436 enuntiandam
1802 389 1926 454 eiuS,

245 466 483 524 quantum
523 458 750 524 dignatus
798 465 894 526 est,
944 459 1245 510 voluntatem
1285 459 1499 525 Spiritus
1538 462 1644 510 eius
1685 460 1926 528 docuerit,

243 532 561 598 philosophos
607 539 770 582 autem
818 534 868 582 in
916 548 972 582 ea
1011 533 1351 599 cognoscenda
1391 535 1674 583 coniectura
1712 534 1924 584 humana

244 606 510 672 deceperit.

391 679 573 729 Verum
605 695 704 729 non
735 695 893 745 usque
934 680 1053 729 adeo
1094 680 1255 745 decipi
1293 679 1586 747 debuerunt,
1625 696 1724 730 non
1764 680 1923 730 solum
1983 671 2018 733 913²

243 755 540 820 ignorantia,
594 769 766 803 verum
817 755 961 803 etiam
1012 755 1311 820 pervicacia,
1369 761 1424 803 ut
1475 760 1523 803 et
1569 754 1663 803 sibi
1714 756 1918 820 apertis·

242 829 365 876 sime
405 827 718 892 refragentur
757 829 944 891 magnis
984 827 1372 892 disputationum
1410 827 1596 877 viribus
1636 827 1923 878 adserentes
1991 838 2006 847 ·’

243 902 461 968 animae,
501 907 556 950 ut
594 900 735 950 beata
775 916 883 950 esse
924 902 1106 967 possit,
1146 916 1244 950 non
1284 908 1540 951 terrenum
1578 908 1795 968 tantum,
1836 902 1923 951 sed
1999 915 2002 918 ’

243 989 386 1023 omne
439 989 619 1039 corpus
671 989 780 1023 esse
836 975 1148 1042 fugiendum,
1204 982 1253 1024 et
1299 975 1417 1024 deos
1472 990 1648 1024 rursus
1699 975 1922 1024 dicentes
1986 978 2004 1026 .’

242 1047 442 1097 habere‘
473 1046 779 1097 beatissimas
826 1050 1012 1098 animas
1062 1056 1112 1098 et
1157 1055 1320 1098 tamen
1370 1050 1584 1098 aeternis
1630 1048 1925 1114 corporibus

240 1121 479 1188 inligatas,
519 1122 756 1171 caelestes
795 1121 995 1187 quidem
1033 1124 1213 1189 igneiS,
1252 1122 1381 1171 Iovis
1420 1128 1585 1172 autem
1623 1124 1779 1187 ipsius
1819 1124 1921 1171 ani-

241 1210 384 1262 mam,
423 1210 569 1260 quem
609 1195 848 1245 mundum
886 1197 1037 1245 istum
1075 1196 1267 1263 volunt,
1306 1195 1535 1245 omnibus
1575 1197 1773 1245 omnino
1814 1211 1921 1245 cor-

239 1270 404 1334 poreis
443 1269 721 1335 elementiS,
772 1269 951 1334 quibus
990 1269 1112 1319 haec
1151 1276 1254 1320 tota
1292 1269 1447 1319 moles
1486 1285 1512 1318 a
1551 1276 1685 1319 terra
1722 1271 1774 1318 in
1813 1285 1922 1319 cae-

239 1342 342 1392 lum
374 1345 545 1409 surgit,
576 1343 830 1392 inclusam.
906 1343 1042 1393 Hanc
1075 1346 1207 1393 enim
1237 1345 1448 1393 animam
1478 1343 1615 1393 Plato
1648 1343 1706 1392 ab
1745 1345 1920 1393 intimo

238 1422 400 1466 terrae
439 1417 617 1482 medio,
656 1417 786 1482 quod
826 1425 1104 1481 geometrae
1145 1423 1354 1467 centron
1391 1424 1581 1483 vocant,
1618 1432 1709 1482 per
1747 1432 1920 1466 omnes

238 1496 405 1554 partes
444 1491 551 1540 eius
590 1505 749 1554 usque
789 1490 847 1539 ad
887 1490 1020 1539 caeli*
1049 1506 1238 1541 summa
1277 1498 1326 1540 et
1365 1498 1584 1540 extrema
1624 1490 1831 1540 diffundi
1870 1499 1920 1540 et

239 1564 436 1613 extendi
481 1579 572 1628 per
617 1578 850 1613 numeros
897 1566 1112 1614 musicos
1153 1566 1403 1630 opinatur,
1450 1571 1504 1614 ut
1543 1565 1607 1613 sit
1644 1566 1737 1613 iste
1778 1579 1918 1613 mun·

239 1637 331 1686 dus
387 1637 563 1686 animal
617 1639 883 1686 maximum
936 1637 1274 1687 beatissimum
1330 1640 1716 1704 sempiternum,
1779 1640 1921 1687 cuius

239 1713 398 1760 anima
445 1717 494 1760 et
543 1711 815 1776 perfectam
863 1713 1128 1776 sapientiae
1170 1711 1451 1761 felicitatem
1491 1718 1684 1761 teneret
1725 1718 1773 1760 et
1811 1726 1918 1760 cor-

237 1799 331 1849 pus
384 1786 642 1850 proprium
696 1800 795 1834 non
850 1785 1180 1852 relinqueret,
1234 1788 1475 1850 cuiusque
1530 1800 1710 1849 corpus
1766 1791 1814 1834 et
1868 1787 1919 1834 in

238 1865 492 1907 aeternum
527 1874 585 1907 ex
618 1858 698 1907 illa
729 1860 915 1908 viveret
947 1865 996 1908 et
1027 1874 1134 1908 eam
1174 1861 1394 1923 quamvis
1434 1874 1534 1907 non
1572 1858 1792 1925 simpleX,
1832 1858 1918 1907 sed
1972 1921 1977 1926 “
2014 1908 2016 1911 ,

236 1938 311 1980 tot
357 1931 651 1996 corporibus
696 1934 942 1997 tantisque
992 1940 1286 1998 conpactum
1336 1932 1568 1982 hebetare
1623 1938 1768 1996 atque
1820 1938 1916 1981 tar-

238 2005 355 2054 dare
389 2020 487 2054 non
518 2013 700 2070 posset.
779 2005 903 2055 Cum
940 2008 1091 2071 igitur
1130 2006 1494 2071 suspicionibus
1534 2007 1636 2055 suis
1676 2007 1768 2054 ista
1806 2020 1916 2070 per-

237 2080 448 2144 mittant,
487 2094 576 2128 cur
607 2079 782 2129 nolunt
813 2079 1032 2146 cr,edere
1072 2080 1233 2129 divina
1273 2080 1520 2129 voluntate
1561 2086 1706 2143 atque
1747 2086 1916 2164 poten·

235 2153 302 2200 tia
334 2153 610 2202 inmortalia
642 2168 849 2217 corpora
873 2154 980 2202 fieri
1011 2169 1155 2218 posse
1188 2160 1265 2203 te1
1268 2169 1401 2220 rena
1433 2155 1483 2202 in
1517 2152 1695 2217 quibus
1728 2154 1916 2201 animae

236 2215 368 2274 nulla
415 2224 473 2274 ab
521 2227 592 2274 eis
639 2232 796 2275 morte
839 2234 1114 2293 separatae,
1162 2227 1309 2276 nullis
1349 2241 1522 2276 eorum
1562 2225 1796 2274 oneribus
1836 2225 1915 2274 ad-

236 2305 458 2363 gravatae
510 2301 808 2363 sempiterne
860 2315 914 2348 ac
964 2300 1173 2350 feliciter
1223 2302 1409 2366 vivant,
1462 2300 1592 2364 quod
1641 2300 1759 2348 deos
1799 2315 1915 2348 suos

235 2387 379 2437 posse
406 2372 641 2422 adserunt
672 2373 723 2420 in
750 2373 1040 2438 corporibus
1072 2376 1229 2438 igneis
1253 2373 1516 2438 Iovemque
1548 2375 1710 2437 ipsum
1742 2387 1914 2422 eorum

235 2461 404 2510 regem
451 2448 502 2494 in
549 2445 776 2495 omnibus
825 2449 1077 2511 corporeis
1117 2445 1409 2497 elementis?
1469 2446 1591 2495 Nam
1631 2448 1672 2495 si
1711 2448 1914 2512 animae,
1971 2455 1977 2459 “

236 2526 290 2568 ut
343 2519 485 2569 beata
538 2522 627 2586 sit,
683 2535 864 2583 corpus
920 2527 994 2569 est
1049 2536 1191 2569 omne
1248 2521 1556 2586 fugiendum,
1612 2521 1799 2584 fugiant
1847 2520 1914 2568 dii

236 2607 409 2643 eorum
441 2593 501 2642 de
533 2593 689 2658 globis
730 2592 962 2659 siderum,
1001 2594 1154 2659 fugiat
1192 2595 1414 2659 Iuppiter
1454 2594 1513 2643 de
1554 2593 1685 2642 caelo
1726 2600 1775 2641 et
1815 2600 1911 2642 ter-

235 2681 312 2732 ra3
353 2674 436 2716 aut
476 2668 516 2715 si
556 2682 654 2716 non
693 2672 922 2733 possunt,
965 2669 1132 2716 miseri
1171 2668 1464 2717 iudicentur.
1543 2666 1639 2716 Sed
1679 2673 1912 2716 neutrum

353 2856 378 2895 8
410 2866 573 2897 uerum
613 2852 726 2908 VF;
758 2852 839 2898 sed
870 2851 1020 2909 magis
1051 2852 1239 2897 AParr.
1271 2866 1297 2898 v
1331 2855 1347 2909 Ι]
1384 2857 1436 2897 17
1470 2855 1677 2897 centrum
1708 2867 1734 2897 v

1972 2675 2008 2690 N
