2020 3122
179 929 233 967 10

172 1412 226 1451 15

169 1836 225 1876 20

166 2201 221 2240 25

163 2567 219 2606 30

268 138 377 190 462
955 149 992 182 s,
1017 149 1293 184 Auousmm1

268 277 448 326 resque
489 261 679 310 divinos
727 276 752 309 a
803 261 1023 326 deceptis
1063 260 1272 311 subditis
1312 269 1577 327 quaerunt3
1618 262 1703 310 sed
1743 261 1950 312 deorum

266 338 464 399 piorum
497 341 643 398 atque
677 341 976 401 sanctorum,
1015 336 1100 398 qui
1139 337 1304 399 potius
1342 350 1396 383 se
1436 337 1570 400 ipsos
1609 336 1697 383 uni
1736 333 1948 385 subdere

269 424 412 472 quam
453 407 635 456 multos
675 407 791 474 sibi,
828 409 1093 472 potiusque
1132 408 1287 457 Deum
1328 407 1490 456 colere
1532 422 1676 471 quam
1714 422 1806 472 pro
1845 407 1947 458 Deo

268 481 362 529 coli
387 480 709 530 delectantur.
774 480 870 530 Sed
903 481 1050 530 huius
1083 488 1279 530 sanctae
1305 482 1513 530 civitatis
1537 482 1751 529 inimicis
1776 480 1947 530 decem

268 553 608 620 superioribus
663 554 827 619 libris,
882 561 1120 618 quantum
1158 555 1410 618 potuimus
1421 593 1435 620 ,
1490 553 1785 602 domino’et
1829 569 1982 619 regev

268 633 439 676 nostro
491 627 748 676 adiuvante
802 628 1162 692 respondimus.
1246 627 1389 676 Nunc
1443 642 1560 676 vero
1615 627 1732 690 quid
1788 642 1816 675 a
1867 642 1947 676 me

265 702 363 749 iam
403 707 692 765 expectetur
731 715 1002 764 agnoscens
1040 702 1236 764 meique
1276 715 1375 748 non
1413 702 1656 749 inmemor
1695 698 1848 749 debiti
1886 699 1947 749 de

267 774 475 823 duarum
523 776 796 838 civitatum,
843 781 1070 822 terrenae
1118 773 1307 822 scilicet
1346 781 1394 822 et
1434 773 1684 838 caelestiS‚
1736 788 1856 837 quas
1894 775 1946 822 in

264 846 358 895 hoc
398 849 596 896 interim
648 847 842 895 saeculo
891 846 1149 911 perplexas
1189 846 1400 910 quodam
1437 847 1583 895 modo
1624 846 1835 895 diximus
1872 848 1946 895 in-

267 921 520 984 vicemque
559 923 849 986 permixtas‚
889 926 1064 968 exortu
1104 926 1154 968 et
1193 935 1406 968 excursu
1445 926 1495 969 et
1533 918 1712 968 debitis
1749 919 1946 986 finihm,

266 1000 503 1057 quantum
557 993 779 1060 valuero,
833 993 1085 1058 disputare
1141 994 1247 1042 eius
1292 995 1459 1058 ipsius
1495 993 1679 1041 domini
1727 999 1776 1041 et
1813 995 1945 1057 regis

264 1069 422 1115 nostri
476 1066 660 1131 ubique
716 1067 1035 1132 opitulatione
1086 1067 1244 1115 fretus
1296 1065 1576 1132 adgrediar,
1629 1067 1943 1130 primumque

265 1139 438 1205 dicam,
478 1156 626 1205 quem
658 1141 716 1189 ad
749 1140 948 1189 modum
975 1139 1174 1188 exordia
1206 1139 1415 1189 duarum
1446 1141 1654 1189 istarum
1693 1141 1943 1188 civitatum

263 1215 314 1261 in
354 1213 640 1277 angelorum
679 1214 960 1263 diversitate
1000 1215 1376 1278 praecesserint.

950 1399 1146 1454 CAPUT
1185 1399 1254 1453 II.

262 1507 338 1556 De
378 1509 724 1567 coquoscendo
764 1508 892 1567 DeO,
941 1510 1012 1557 ad
1056 1510 1202 1557 cuius
1241 1509 1469 1556 notitiam
1508 1521 1650 1555 nemo
1688 1508 1941 1556 hominum

387 1583 640 1642 pervenit,
688 1583 789 1629 m‘sz'
819 1596 916 1642 per
954 1583 1281 1630 mediatorem
1321 1581 1419 1628 Dei
1456 1586 1503 1628 et
1541 1581 1808 1640 hominum,

714 1655 961 1704 hominem
1006 1655 1255 1702 Christum
1296 1655 1475 1702 Iesum.

405 1755 635 1819 Magnum
686 1763 761 1805 est
820 1763 868 1804 et
930 1756 1189 1814 admodum
1246 1770 1414 1804 rarum
1470 1757 1751 1804 universam
1806 1770 1938 1803 crea·
1986 1774 1991 1785 ¹

259 1834 419 1877 turam
476 1844 763 1894 corpoream
818 1836 867 1878 et
917 1831 1259 1894 incorpoream
1310 1829 1667 1878 consideratam
1718 1843 1938 1892 comper·

258 1908 455 1965 tamque
507 1901 792 1952 mutabilem
842 1904 1115 1952 intentione
1171 1904 1350 1952 mentis
1401 1901 1639 1951 excedere
1691 1907 1836 1965 atque
1877 1901 1937 1950 ad

257 1975 708 2024 incommutabilem
740 1975 829 2024 Dei
861 1975 1184 2026 substantiam
1222 1978 1481 2041 pervenire
1514 1982 1572 2024 et
1608 1975 1707 2023 illic
1746 1975 1936 2023 discere

260 2062 318 2095 ex
356 2050 480 2114 ipso,
519 2049 650 2112 quod
685 2056 913 2098 cunctam
951 2056 1191 2115 naturam,
1231 2064 1354 2113 quae
1394 2064 1493 2098 non
1534 2055 1608 2097 est
1648 2048 1776 2112 quod
1815 2049 1938 2114 ipse,

258 2135 357 2169 non
382 2122 498 2171 fecit
529 2124 626 2170 nisi
656 2124 776 2187 ipse.
856 2123 936 2172 Sic
977 2125 1105 2172 enim
1146 2123 1277 2172 Deus
1318 2138 1431 2172 cum
1470 2122 1667 2172 homine
1706 2137 1805 2170 non
1844 2136 1934 2186 per

255 2193 465 2258 aliquam
506 2202 781 2244 creaturam
835 2196 1054 2260 loquitur
1094 2196 1427 2261 corporalem,
1483 2194 1822 2259 corporalibus
1859 2196 1932 2243 in-

255 2273 482 2332 strepens
529 2268 757 2335 aurib11S‚
813 2276 870 2318 ut
914 2272 1045 2318 inter
1093 2276 1349 2318 sonantem
1396 2276 1446 2318 et
1484 2268 1775 2318 audientem.
1803 2262 1962 2316 aeria

253 2342 409 2404 spatia
447 2340 788 2406 verberentur,
827 2358 988 2406 neque
1026 2358 1116 2407 per
1156 2345 1263 2391 eius
1302 2342 1436 2391 modi
1475 2341 1766 2407 spiritalem,
1805 2355 1930 2405 quae

253 2428 519 2478 corporum
566 2414 967 2464 similitudinibus
1022 2417 1286 2480 figuratur,
1342 2418 1470 2464 sicut
1520 2417 1571 2463 in
1622 2416 1806 2463 somnis
1855 2412 1932 2462 vel

253 2503 349 2551 quo
390 2487 482 2535 alio
514 2487 598 2536 tali
629 2488 773 2536 modo
816 2482 952 2555 (nam
992 2495 1040 2537 et
1080 2491 1150 2538 sic
1189 2489 1322 2538 velut
1361 2489 1583 2553 corporis
1622 2486 1824 2536 auribus
1862 2486 1930 2534 lo-

251 2562 435 2626 quitur,
475 2563 588 2625 quia
619 2561 752 2610 velut
784 2577 875 2625 per
908 2577 1087 2625 corpus
1127 2562 1346 2625 loquitur
1380 2569 1428 2610 ct
1466 2561 1599 2610 velut
1636 2561 1928 2624 interposito

252 2634 581 2698 corporalium
613 2633 835 2683 locorum
866 2634 1141 2700 intervallo;
1182 2635 1391 2684 multum
1431 2637 1560 2683 enim
1600 2633 1775 2682 similia
1815 2638 1930 2682 sunt

367 2810 395 2848 4
435 2804 599 2851 delect.
641 2804 732 2848 coli
772 2804 815 2848 V
847 2807 863 2861 ΙΙ
910 2809 964 2848 18
997 2804 1151 2849 christ.
1182 2805 1262 2850 ies,
1307 2805 1391 2849 VA
1421 2806 1592 2861 (proyr.
1618 2818 1668 2861 p.
1701 2806 1802 2860 11);
1833 2804 1926 2848 JeS.

250 2863 352 2907 Chr.
385 2877 411 2907 v
435 2865 530 2920 1128
563 2862 735 2908 somnis
765 2876 872 2918 mss3
905 2862 1094 2908 somniis
1124 2877 1151 2906 v
