2020 3122
142 943 196 983 10

141 1314 193 1353 15

137 1682 194 1722 20

137 2049 193 2089 25

137 2417 192 2457 30

235 143 341 196 122
916 157 950 191 s.
975 157 1250 192 AUGUSTINJ

232 265 484 317 adferam?
539 268 696 326 Quam
734 270 914 318 misera
954 270 1105 319 fuerit
1143 269 1223 318 illa
1263 284 1345 318 res
1383 268 1593 336 publica,
1632 276 1733 319 tam
1770 269 1915 335 longa

232 349 388 391 aetate
429 358 518 406 per
557 349 631 392 tot
670 358 824 392 annos
858 359 1013 408 usque
1055 344 1113 392 ad
1155 342 1425 392 secundum
1465 342 1650 392 bellum
1674 343 1918 393 Punicum

230 414 372 464 bellis
398 416 674 466 forinsecus
712 418 988 481 inquietare
1023 433 1123 466 non
1163 416 1517 466 desistentibus
1558 423 1607 466 et
1644 419 1779 466 intus
1819 418 1917 467 dis-

230 489 413 538 cordiis
465 490 890 555 seditionibusque
938 490 1183 556 civilibus,
1231 506 1258 538 a
1299 489 1529 539 Sallustio
1581 489 1799 540 breviter
1837 494 1911 540 in-

228 562 454 612 timatum
494 570 582 614 est.
659 564 871 614 Proinde
904 566 1135 614 victoriae
1174 564 1284 613 illae
1324 579 1423 613 non
1463 563 1617 616 solida
1655 563 1914 614 beatorum

227 637 401 701 gaudia
447 638 670 703 fuerunt,
718 638 804 687 sed
850 640 1013 687 inania
1059 638 1237 687 solacia
1283 639 1578 687 miserorum
1627 645 1676 687 et
1723 638 1782 687 ad
1823 638 1914 687 alia

227 717 374 774 atque
421 711 512 760 alia
559 711 746 761 sterilia
792 711 916 760 mala
955 711 1211 761 subeunda
1249 711 1554 760 inlecebrosa
1595 713 1914 761 incitamenta

227 786 426 834 minime
475 787 771 850 quietorum.
847 786 950 835 Nec
996 785 1162 851 nohiS,
1220 787 1332 849 quia
1378 785 1472 834 hoc
1511 785 1744 852 dicimus,
1799 785 1916 834 boni

226 857 434 908 Romani
471 859 843 923 prudentesque
885 866 1228 909 suscenseant:
1279 873 1574 923 quamquam
1621 859 1682 908 de
1729 860 1819 909 hac
1859 875 1914 909 re

228 947 320 981 nec
359 933 559 997 petendi
585 935 682 982 sint
707 948 799 982 nec
824 933 1071 997 monendi,
1112 932 1306 996 quando
1348 947 1432 981 eos
1471 934 1672 981 minime
1713 944 1913 982 suscen-

229 1021 373 1054 suros
413 1021 522 1055 esse
548 1008 882 1056 certissimum
908 1013 995 1055 est.
1073 1006 1243 1070 Neque
1286 1007 1417 1054 enim
1456 1007 1652 1069 gravius
1693 1006 1769 1055 vel
1807 1022 1913 1071 gra-

226 1081 361 1127 viora
408 1073 616 1129 dicimus
665 1079 950 1129 auctoribus
1000 1095 1171 1129 eorum
1218 1087 1268 1129 et
1322 1079 1433 1129 stilo
1475 1086 1523 1128 et
1563 1081 1662 1129 otio
1703 1080 1915 1130 multum

226 1154 462 1219 impares3
503 1153 683 1218 quibus
714 1161 879 1203 tamen
912 1153 1188 1202 ediscendis
1229 1160 1279 1202 et
1316 1155 1412 1218 ipsi
1451 1152 1826 1203 elaboraverunt
1865 1161 1915 1203 et

226 1226 351 1275 filios
399 1243 515 1276 suos
566 1227 817 1276 elaborare
866 1227 1181 1292 compellunt.
1260 1226 1355 1285 Qui
1404 1234 1568 1276 autem
1608 1235 1916 1292 suscensent,

227 1301 421 1364 quando
461 1317 538 1350 me
579 1302 791 1367 ferrent,
839 1303 881 1350 si
920 1317 1010 1366 ego
1051 1301 1291 1366 dicerem,
1340 1301 1471 1365 quod
1514 1300 1774 1350 Sallustius
1814 1299 1917 1350 ait?

224 1374 501 1439 „Plurimae
542 1374 739 1439 turbae,
791 1374 1059 1424 seditiones
1099 1382 1149 1424 et
1189 1375 1247 1424 ad
1286 1382 1595 1439 postremum
1634 1374 1761 1424 bella
1801 1376 1913 1424 civi-

225 1447 288 1496 lia
342 1454 450 1497 orta
505 1455 649 1515 sunt,
703 1449 820 1497 dum
867 1451 1012 1514 pauci
1059 1455 1310 1514 potenteS,
1365 1463 1579 1514 quorum
1617 1449 1668 1497 in
1709 1450 1916 1513 gratiam

224 1521 449 1586 plerique
490 1529 852 1588 concesserant,
893 1522 984 1572 sub
1024 1522 1232 1571 honesto
1273 1529 1468 1587 patrum
1509 1528 1592 1571 aut
1630 1522 1787 1586 plebis
1827 1538 1912 1571 no-

225 1597 356 1644 mine
397 1595 755 1645 dominationes
795 1596 1125 1662 adfectahant3
1164 1596 1380 1660 bonique
1422 1603 1471 1645 et
1509 1595 1623 1644 mali
1663 1597 1792 1645 cives
1832 1612 1913 1661 ap-

226 1668 411 1735 pellati,
462 1685 560 1718 non
602 1669 663 1718 ob
705 1671 880 1719 merita
918 1672 967 1718 in
1008 1685 1115 1718 rem
1153 1669 1417 1735 publicam,
1457 1668 1687 1718 omnibus
1727 1671 1915 1734 pariter

226 1745 489 1810 corruptiS,
531 1743 616 1792 sed
643 1746 715 1793 uti
740 1745 950 1808 quisque
974 1743 1391 1808 locupletissimus
1418 1750 1467 1792 et
1490 1745 1668 1793 iniuria
1695 1743 1914 1810 validior,

225 1818 339 1880 quia
378 1819 656 1882 praesentia
695 1817 1014 1882 defendebat,
1063 1833 1154 1882 pro
1194 1817 1325 1866 bono
1366 1811 1685 1866 ducebatur.“
1758 1816 1915 1865 Porro

226 1892 268 1939 si
292 1890 361 1939 illi
388 1893 657 1956 scriptores
681 1890 918 1940 historiae
951 1892 1010 1940 ad
1050 1891 1307 1940 honestam
1346 1890 1624 1940 libertatem
1662 1892 1914 1955 pertinere

226 1963 449 2013 arbitrati
500 1971 616 2014 sunt
666 1965 789 2014 mala
838 1967 1046 2014 civitatis
1094 1967 1324 2030 propriae
1373 1979 1472 2013 non
1523 1972 1716 2030 tacere,
1768 1979 1914 2028 quam

226 2037 394 2086 multis
432 2037 554 2087 locis
593 2053 767 2103 magno
807 2041 1070 2103 praeconio
1110 2038 1309 2088 laudare
1350 2038 1591 2103 compulsi
1631 2044 1761 2103 sunt,
1801 2053 1913 2087 cum

225 2110 367 2159 aliam
399 2113 659 2177 veriorem,
699 2127 796 2176 quo
831 2114 961 2161 cives
995 2114 1184 2161 aeterni
1222 2111 1416 2176 legendi
1458 2118 1587 2177 sunt,
1628 2127 1727 2160 non
1767 2111 1912 2161 habe-

225 2190 359 2234 rent:
414 2185 532 2249 quid
579 2200 669 2234 nos
717 2186 878 2234 facere
929 2188 1183 2250 convenit,
1225 2201 1447 2255 “quorum
1487 2200 1600 2250 spes
1641 2191 1823 2249 quanto
1863 2187 1914 2234 in

224 2257 326 2306 Deo
382 2258 556 2307 melior
612 2264 661 2308 et
707 2261 914 2325 certior,
967 2265 1103 2308 tanto
1152 2261 1307 2308 maior
1354 2258 1501 2308 debet
1549 2273 1656 2307 esse
1697 2258 1914 2324 libertaS,

226 2347 339 2380 cum
363 2331 487 2380 mala
511 2334 788 2397 praesentia
815 2331 1010 2382 Christo
1035 2339 1205 2381 nostro
1239 2334 1481 2398 inputant,
1520 2338 1577 2381 ut
1614 2331 1912 2381 infirmiores

225 2406 655 2470 imperitioresque
703 2412 895 2455 mentes
949 2406 1227 2456 alienentur
1267 2405 1325 2454 ab
1367 2421 1423 2454 ea
1463 2407 1679 2470 civitate,
1727 2407 1777 2454 in
1819 2421 1915 2470 qua

226 2479 327 2528 sola
351 2481 532 2544 iugiter
556 2479 865 2544 feliciterque
890 2480 1152 2529 vivendum
1193 2476 1303 2528 est‘?
1349 2479 1450 2528 Nec
1490 2481 1541 2527 in
1581 2478 1699 2527 deos
1740 2495 1914 2529 eorum

226 2551 539 2602 horribiliora
578 2568 669 2602 nos
702 2553 926 2618 dicimuS‚
967 2560 1113 2618 quam
1154 2569 1328 2602 eorum
1366 2552 1638 2601 identidem
1670 2560 1913 2618 auctoreS,

228 2640 352 2691 quos
405 2627 577 2692 legunt
623 2633 671 2675 et
717 2627 1024 2692 praedicant,
1080 2627 1274 2691 quando
1331 2625 1532 2690 quidem
1584 2632 1632 2674 et
1687 2642 1746 2676 ex
1791 2628 1912 2692 ipsis

346 2755 418 2808 15)
438 2753 568 2798 ‘Hisa
601 2753 633 2798 I.

345 2892 371 2930 3
403 2886 613 2943 inquieta,
643 2900 737 2931 non
768 2886 835 2930 Al
858 2887 873 2942 ΙΙ
897 2891 922 2930 8
955 2888 1070 2931 haec
1101 2900 1127 2930 v
