2020 3122
574 151 640 182 DE
665 150 901 183 civrrA'rE
926 152 1015 183 DEI
1039 152 1080 184 L.
1106 153 1150 184 x.
1177 151 1213 184 c.
1239 154 1291 185 ιτ.
1673 137 1779 188 429

742 272 932 326 CAPUT
964 275 1136 328 XVII.

99 367 174 416 De
205 379 332 414 arca
369 367 651 414 testamenti
679 368 1041 427 miraculisque
1070 370 1344 428 signorum,
1386 381 1516 427 quae
1549 367 1620 414 ad
1649 380 1777 414 com-

97 441 433 490 mendandam
479 441 603 500 ἱερὰς
643 443 706 487 ac
748 443 1096 501 promissionis
1145 444 1499 489 auctoritatem
1541 442 1779 488 divinitus

780 512 928 574 facta
967 519 1095 562 sunt.

243 615 456 664 Proinde
495 615 573 664 lex
606 615 709 681 Dei,
749 631 872 679 quae
913 617 964 663 in
1006 616 1179 665 edictis
1220 616 1330 665 data
1364 623 1439 665 est
1479 616 1778 682 angelorum,

36 726 44 730 -
97 693 148 741 in
187 705 281 754 qua
322 705 451 738 unus
492 689 622 738 Deus
673 690 880 738 deorum
919 690 1155 754 religione
1196 705 1451 738 sacrorum
1498 691 1664 738 iussus
1704 696 1780 738 est

97 764 211 829 coli,
251 763 330 811 alii
362 778 478 811 vero
520 763 726 827 quilibet
763 763 1019 829 prohibiti,
1059 766 1109 813 in
1144 779 1255 812 arca
1288 770 1393 812 erat
1430 765 1611 829 posita,
1653 777 1777 826 quae

98 853 210 887 arca
255 838 526 886 testimonii
573 845 854 901 nuncupata
902 844 991 886 est.
1070 837 1177 895 Quo
1226 839 1423 886 nomine
1472 838 1590 886 satis
1630 838 1777 900 signi·
1848 880 1853 884 .

96 913 270 974 fleatur
309 925 407 958 non
446 909 624 977 Deum,
673 912 758 974 qui
796 926 886 975 per
923 910 1004 959 illa
1044 913 1206 960 omnia
1246 910 1521 976 colebatur,
1570 912 1778 959 circum-

97 985 226 1034 cludi
259 984 418 1032 solere
450 984 526 1032 vel
559 986 802 1033 contineri
832 984 956 1050 loce,
996 1001 1110 1034 cum
1141 1000 1378 1049 responsa
1411 987 1517 1033 eius
1551 991 1599 1033 et
1632 999 1777 1047 quae-

97 1059 203 1108 dam
244 1058 471 1107 humanis
504 1057 731 1107 sensibus
772 1058 1008 1107 darentur
1040 1061 1178 1123 signa
1212 1074 1270 1107 ex
1309 1058 1440 1107 illius
1474 1073 1614 1107 arcae
1654 1057 1778 1123 loce,

97 1132 183 1182 sed
222 1131 486 1180 voluntatis
526 1133 633 1180 eius
672 1131 786 1181 hinc
826 1134 1108 1181 testimonia
1147 1132 1419 1198 perhiberi,
1462 1132 1591 1195 quod
1633 1132 1780 1180 etiam

94 1208 200 1271 ipsa
237 1205 315 1254 lex
356 1212 461 1254 erat
499 1207 550 1253 in
590 1205 769 1254 tabulis
810 1209 1087 1271 conscripta
1127 1206 1330 1271 lapideis
1371 1214 1419 1255 et
1458 1208 1508 1254 in
1549 1220 1685 1271 arca,
1724 1214 1779 1253 ut

95 1279 215 1340 dixi,
254 1281 435 1344 posita,
475 1294 621 1343 quam
660 1286 883 1344 tempore
922 1282 1334 1345 peregrinationis
1373 1282 1424 1329 in
1465 1294 1630 1327 eremo
1665 1294 1779 1327 cum

83 1352 434 1419 -tabernacuIO,
482 1353 613 1416 quod
662 1353 888 1402 similiter
935 1353 1229 1418 appellatum
1279 1360 1355 1402 est
1401 1352 1772 1402 tabernaculum

94 1428 384 1492 testimonii,
432 1442 543 1475 cum
591 1426 754 1475 debita
802 1427 1085 1476 sacerdotes
1132 1429 1447 1476 veneratione
1494 1426 1777 1492 portabant3

93 1503 385 1564 signumque
433 1507 559 1566 erat,
614 1501 744 1565 quod
791 1516 881 1565 per
929 1500 1059 1549 diem
1105 1501 1263 1550 nubes
1311 1501 1597 1566 apparebat,
1653 1515 1778 1564 quae

93 1575 222 1623 sicut
267 1575 394 1638 ignis
442 1581 586 1623 nocte
644 1574 882 1640 fulgebat3
939 1590 1062 1639 quae
1110 1574 1268 1623 nubes
1317 1590 1430 1623 cum
1476 1581 1775 1639 moveretur,

95 1655 253 1696 castra
284 1647 621 1714 movebantur,
661 1655 710 1697 et
740 1648 826 1696 ubi
858 1655 1027 1714 staret,
1067 1655 1226 1697 castra
1265 1648 1589 1713 ponebantur.
1650 1647 1776 1696 Red-

91 1720 192 1770 dita
225 1728 340 1770 sunt
372 1727 535 1770 autem
570 1722 639 1770 illi
679 1721 774 1786 legi
807 1724 969 1786 magni
1001 1722 1225 1771 miraculi
1264 1723 1544 1770 testimonia
1579 1728 1776 1785 praeter

95 1796 201 1860 ista,
242 1810 364 1858 quae
405 1795 519 1860 dixi,
561 1803 610 1844 et
647 1803 846 1860 praeter
877 1811 1038 1854 voceS‚
1078 1811 1201 1860 quae
1235 1811 1294 1844 ex
1326 1795 1456 1844 illius
1489 1810 1630 1843 arcae
1670 1794 1777 1843 loco

96 1868 379 1917 edebantur.
449 1868 570 1917 Nam
611 1885 723 1918 cum
764 1877 947 1918 terram
987 1871 1328 1933 promissionis
1366 1868 1666 1917 intrantibus
1699 1883 1776 1917 ea-

92 1942 204 1990 dem
252 1957 363 1990 arca
409 1944 666 2007 transiret,
722 1942 954 1991 Iordanes
1002 1943 1178 1992 fluvius
1226 1959 1285 1992 ex
1331 1949 1469 2007 parte
1521 1944 1776 2006 superiore

94 2014 368 2064 subsistens
401 2022 450 2064 et
489 2031 548 2064 ex
587 2017 823 2065 inferiore
863 2016 1134 2065 decurrens
1168 2024 1217 2066 et
1254 2019 1349 2081 ipsi
1382 2023 1432 2065 et
1469 2016 1650 2080 populo
1684 2017 1776 2064 sic-

91 2103 205 2138 cum
256 2088 485 2153 praebuit
532 2089 822 2138 transeundi
867 2089 1044 2139 locum.
1130 2090 1315 2139 Deinde
1364 2091 1595 2155 civitatiS,
1651 2104 1775 2153 quae

95 2164 251 2225 prima
283 2162 475 2211 hostilis
501 2165 721 2212 occurrit
751 2178 888 2218 more
929 2166 1147 2227 gentium
1182 2164 1300 2212 deos
1331 2163 1570 2228 plurimos
1596 2163 1777 2228 eolenS,

94 2237 312 2300 septiens
353 2236 523 2285 eadem
563 2252 675 2286 arca
715 2238 1012 2286 circumacta
1052 2239 1182 2286 muri
1226 2244 1431 2302 repente
1473 2237 1776 2302 ceciderunt,

96 2308 226 2358 nulla
266 2325 413 2359 manu
454 2312 744 2376 oppugnati,
791 2310 925 2359 nullo
966 2313 1119 2360 ariete
1173 2313 1413 2376 percussi.
1490 2310 1609 2359 Post
1655 2310 1775 2358 haec

97 2383 239 2430 etiam
274 2398 386 2431 cum
418 2385 515 2432 iam
546 2386 596 2432 in
636 2390 769 2433 terra
800 2386 1140 2448 promissionis
1174 2391 1340 2433 essent
1372 2392 1421 2433 et
1454 2384 1623 2433 eadem
1664 2399 1775 2431 arca

93 2462 295 2519 propter
335 2472 508 2506 eorum
546 2464 747 2522 peccata
786 2459 962 2507 suisset
1001 2458 1059 2507 ab
1098 2458 1325 2507 hostibus
1366 2465 1527 2523 capta,
1575 2458 1644 2523 hi,
1690 2458 1774 2520 qui

91 2626 167 2679 28)
200 2568 468 2671 I}b8)6Ei{‹())d.
512 2575 585 2624 13,
627 2574 697 2614 21.
764 2571 836 2626 19)
868 2570 934 2614 Ib.
969 2576 1046 2626 40,
1088 2575 1145 2614 34
1178 2585 1242 2626 sq.
1308 2572 1382 2627 25)
1413 2570 1500 2615 Ios.
1535 2575 1583 2623 3,
1618 2573 1672 2612 16
1706 2583 1772 2623 sq.

257 2661 264 2670 .
329 2662 338 2683 ,
432 2663 442 2672 .

211 2763 266 2802 23
299 2758 514 2804 iordanes
546 2760 618 2814 F,·
655 2760 902 2806 iordannes
935 2762 1004 2815 A-‚·
1043 2761 1246 2806 iordanis
1277 2761 1492 2814 KParr.;
1531 2760 1773 2804 Iordanem

97 2817 239 2881 {7112ss
279 2817 524 2874 gentilium
564 2820 648 2876 ΑΗ
670 2825 726 2864 30
766 2820 817 2863 hi
855 2820 934 2876 qui
980 2834 1082 2864 eam
1124 2822 1360 2876 ceperant,
1399 2819 1449 2862 in
1479 2819 1655 2875 templo
1686 2817 1773 2862 Dei

87 2887 164 2916 SUI
191 2887 218 2920 v

1814 993 1867 1032 10

1810 1361 1863 1401 15

1810 1730 1865 1768 20

1809 2098 1864 2136 25

1806 2466 1862 2505 30
