2020 3122
591 125 658 157 DE
682 123 920 157 01v1TA'rE
945 125 1033 157 nm
1056 126 1098 158 L.
1121 126 1188 159 v1.
1214 125 1250 160 c.
1274 127 1306 160 9.
1693 115 1800 167 263

123 237 378 288 adhiberet
414 236 605 300 infanti,
644 250 852 299 quarum
892 250 989 284 una
1027 236 1150 285 nihil
1188 238 1283 286 nisi
1322 252 1500 304 escam,
1538 237 1689 288 altera
1728 241 1799 288 ni-

124 311 192 361 hil
230 312 325 360 nisi
362 316 535 375 potum
575 309 735 375 daret,
782 310 910 358 sicut
957 310 1040 358 isti
1079 309 1138 358 ad
1177 310 1271 359 hoc
1311 310 1430 360 duas
1471 311 1802 362 adhibuerunt

125 385 252 450 deas,
290 383 508 433 Educam
534 389 583 432 et
605 382 852 432 Potinam:
892 397 1067 446 nempe
1101 382 1325 447 desipere
1359 391 1408 433 et
1439 384 1621 449 aliquid
1652 387 1800 434 mimo

125 457 280 507 simile
327 459 379 506 in
426 472 513 506 sua
561 456 705 505 domo
753 471 897 520 agere
945 455 1211 505 videretur.
1288 456 1520 506 Liberum
1561 474 1587 507 a
1624 458 1799 508 libera-

123 538 288 580 mento
343 530 637 596 appellatum
691 528 887 596 volunt,
941 529 1072 593 quod
1127 544 1287 578 mares
1341 531 1392 578 in
1440 532 1662 580 coeundo
1711 548 1800 596 per
1834 542 1859 581 5

124 607 229 654 eius
280 604 575 654 beneficium
625 604 820 652 emissis
871 602 1144 652 seminibus
1188 602 1486 669 liberentur3
1537 605 1630 653 hoc
1670 605 1801 655 idem

121 681 173 728 in
218 679 413 727 feminis
461 693 605 742 agere
644 676 894 743 Liberam,
946 692 1092 741 quam
1139 678 1287 725 etiam
1325 675 1567 725 Venerem
1612 686 1802 744 putant,

122 752 253 817 quod
307 758 356 801 et
407 753 540 816 ipsas
593 750 885 815 perhibeant
940 752 1126 799 semina
1172 752 1422 816 emittere;
1478 757 1527 800 et
1573 751 1634 799 ob
1682 752 1802 801 haec

121 825 299 875 Libero
347 825 553 874 eandem
598 825 790 873 virilem
837 825 1059 889 corporis
1105 831 1296 889 partem
1343 826 1394 873 in
1442 823 1624 889 templo
1671 827 1803 890 poni,

122 900 382 949 femineam
429 897 649 947 Liberae.
726 898 799 946 Ad
844 898 966 947 haec
1013 897 1199 947 addunt
1244 897 1477 947 mulieres
1529 898 1802 948 adtributas
1839 909 1891 946 10

121 972 299 1022 Libero
363 978 412 1021 et
472 973 640 1021 vinum
701 979 905 1036 propter
966 970 1220 1020 libidinem
1282 971 1635 1020 concitandam.
1722 971 1803 1021 Sic

121 1045 439 1096 Bacchanalia
479 1060 669 1095 summa
710 1045 1086 1094 celebrabantur
1118 1046 1334 1110 insania;
1388 1045 1473 1094 ubi
1505 1044 1657 1094 Varro
1698 1047 1803 1110 ipse

122 1121 386 1169 confitetur
439 1135 466 1168 a
518 1119 879 1169 Bacchantibus
941 1119 1054 1172 talia
1116 1120 1226 1168 fieri
1278 1135 1377 1168 non
1431 1121 1652 1183 potuisse
1707 1121 1804 1168 nisi

120 1202 284 1243 mente
317 1200 573 1243 commota.
650 1192 782 1242 Haec
813 1200 977 1242 tamen
1009 1200 1180 1257 postea
1212 1193 1572 1257 displicuerunt
1611 1196 1804 1242 senatui

121 1269 318 1334 saniori,
358 1274 407 1316 et
438 1283 495 1316 ea
518 1269 663 1316 iussit
694 1267 893 1316 auferri.
950 1266 1134 1316 Saltem
1171 1266 1251 1315 hic
1290 1267 1488 1316 tandem
1526 1262 1805 1329 <forsitan>
1841 1275 1891 1314 15

122 1348 387 1390 senserunt
433 1341 551 1405 quid
589 1340 815 1390 inmundi
853 1342 1080 1405 spiritus,
1127 1339 1246 1389 dum
1283 1355 1373 1405 pro
1415 1340 1508 1388 diis
1546 1339 1806 1406 habentur,

121 1416 172 1463 in
203 1415 460 1464 hominum
490 1413 739 1464 mentibus
771 1416 976 1479 possint.
1053 1413 1185 1463 Haec
1226 1420 1360 1463 certe
1401 1428 1501 1462 non
1539 1413 1717 1462 fierent
1754 1415 1806 1462 in

121 1488 352 1555 theatris3
405 1488 583 1538 ludunt
637 1490 819 1553 quippe
873 1487 963 1554 ibi,
1018 1503 1118 1536 non
1165 1488 1378 1553 furiunt3
1426 1489 1648 1551 quamvis
1688 1487 1805 1536 deos

121 1561 330 1628 habere,
383 1564 469 1626 qui
518 1563 668 1611 etiam
725 1561 853 1611 ludis
904 1561 1085 1611 talibus
1136 1561 1477 1626 delectentur,
1531 1560 1688 1610 simile
1744 1562 1808 1610 sit

122 1635 318 1685 furoris
1839 1643 1894 1682 20

270 1708 421 1767 Quale
447 1715 611 1758 autem
634 1708 753 1758 illud
787 1715 877 1775 est,
917 1709 1063 1774 quod,
1104 1724 1217 1758 cum
1248 1708 1535 1772 religiosum
1567 1723 1593 1756 a
1633 1723 1802 1772 super-

121 1784 312 1832 stitioso
352 1798 409 1831 ea
448 1783 764 1832 distinctione
814 1783 1084 1848 discernat,
1131 1789 1187 1831 ut
1226 1797 1253 1830 a
1291 1783 1635 1846 superstitioso
1675 1780 1806 1830 dicat

120 1858 285 1905 timeri
323 1856 458 1922 deoS,
496 1871 524 1905 a
560 1856 791 1920 religioso
831 1862 996 1905 autem
1034 1862 1226 1904 tantum
1264 1857 1427 1904 vereri
1467 1861 1521 1904 ut
1558 1861 1805 1921 parenteS,

119 1944 220 1978 non
267 1937 322 1979 ut
367 1929 535 1978 hostes
582 1931 769 1995 timeri,
823 1935 969 1994 atque
1017 1944 1187 1978 omnes
1227 1930 1295 1978 ita
1340 1928 1498 1977 bonos
1538 1928 1690 1994 dicat,
1745 1935 1800 1977 ut

121 2003 311 2052 facilius
359 2004 422 2051 sit
468 2017 552 2051 eos
597 2001 892 2052 nocentibus
938 2018 1140 2067 parcere
1189 2017 1337 2066 quam
1381 2001 1577 2051 laedere
1630 2017 1798 2066 quem·
1833 2012 1888 2050 25

121 2092 268 2141 quam
311 2078 649 2142 innocentem,
695 2083 859 2125 tamen
905 2076 1102 2125 mulieri
1148 2077 1274 2125 fetae
1314 2082 1427 2140 post
1463 2082 1661 2140 partum
1700 2082 1802 2124 tres

122 2149 240 2199 deos
295 2149 525 2199 custodes
581 2156 933 2199 commemorat
986 2149 1234 2210 adhiberi,
1289 2165 1351 2198 ne
1401 2148 1626 2198 Silvanus
1681 2148 1803 2197 deus

120 2238 209 2288 per
241 2230 437 2273 noctem
469 2223 775 2288 ingrediatur
800 2230 850 2272 et
873 2230 1031 2289 vexet,
1064 2238 1335 2288 eorumque
1369 2223 1630 2272 custodum
1655 2223 1802 2286 signi-

119 2296 424 2347 ficandorum
448 2312 595 2346 causa
616 2303 720 2346 tres
751 2297 976 2346 homines
1007 2303 1159 2346 noctu
1185 2298 1396 2346 circuire
1428 2296 1596 2345 limina
1628 2296 1802 2344 domus

121 2376 171 2419 et
207 2372 367 2435 primo
398 2370 548 2419 limen
580 2372 745 2420 securi
782 2370 948 2437 ferire,
987 2377 1158 2436 postea
1195 2370 1311 2436 pilo,
1350 2372 1498 2419 tertio
1539 2369 1800 2418 deverrere
1833 2378 1889 2415 30

123 2446 308 2510 scopis,
353 2452 411 2493 ut
454 2444 532 2492 his
578 2444 705 2493 datis
753 2443 976 2493 culturae
1017 2446 1170 2509 signis
1211 2444 1333 2493 deus
1375 2443 1599 2492 Silvanus
1637 2441 1802 2506 prohi-

122 2516 296 2566 beatur
342 2519 550 2585 intrare,
605 2517 737 2581 quod
776 2533 938 2582 neque
978 2517 1181 2567 arbores
1221 2517 1495 2566 caeduntur
1535 2531 1590 2564 ac
1627 2521 1802 2579 putan-

120 2596 203 2639 tur
234 2592 340 2640 sine
372 2591 522 2657 ferm,
559 2606 720 2655 neque
755 2591 828 2639 sar
860 2592 1120 2641 conficitur
1152 2593 1257 2640 sine
1289 2590 1403 2655 pilo,
1443 2603 1602 2653 neque
1635 2587 1803 2651 fruges

147 2844 157 2852 ²
239 2794 266 2833 8
298 2789 387 2834 hoc
420 2804 445 2834 v
470 2792 485 2846 ΙΙ
511 2795 564 2834 15
596 2790 793 2835 forsitan
824 2804 906 2836 om.
942 2791 980 2835 Ο
999 2793 1014 2846 ΙΙ
1040 2795 1094 2834 18
1125 2790 1303 2833 furiunt
1336 2788 1474 2831 Parr.
1507 2786 1699 2840 ΑἏΚΕ,ι
1737 2785 1802 2830 fe-

119 2848 248 2890 nunt
277 2847 369 2902 A¹,·
398 2848 561 2893 furunt
590 2863 616 2894 v
640 2851 656 2906 ΙΙ
679 2854 734 2893 29
767 2850 960 2894 circuire
995 2848 1198 2902 CAKF,·
1230 2845 1470 2891 circumire
1499 2859 1526 2890 v
