2020 3122
595 158 660 189 DE
685 158 924 190 CIVITATE
949 159 1038 194 DEI
1062 160 1103 191 L.
1128 161 1173 191 x.
1199 159 1235 192 c.
1261 162 1312 194 ιο,
1673 149 1780 200 417
1811 143 1815 146 Δ

794 310 987 364 CAPUT
1028 311 1091 363 X.

100 419 176 468 Be
207 420 466 479 theurqia,
508 433 640 479 quae
666 418 851 480 falsam
879 421 1236 480 purycttz'onem
1270 420 1452 467 animis
1485 422 1781 469 daemonum

638 495 954 542 invocatione
986 494 1248 554 promittit.

243 594 371 644 Ecce
411 611 544 644 nunc
585 595 708 644 alius
747 592 1051 660 Platonicus,
1100 610 1247 658 quem
1286 595 1558 644 doctiorem
1597 597 1781 662 ferunt,

97 669 414 735 PorpliyriUS,
454 684 542 733 per
575 671 741 718 nescio
777 684 921 732 quam
954 669 1260 732 theurgicam
1293 668 1600 733 disciplinam
1633 672 1779 718 etiam
1813 678 1838 718 5

97 748 229 810 ipsos
269 743 387 791 deos
420 743 686 792 obstrictos
726 742 1038 807 passionibus
1071 750 1119 791 et
1158 741 1614 806 perturbationibus
1647 743 1779 803 dicit,

97 819 326 884 quoniam
365 819 518 866 sacris
557 816 790 881 precibus
831 816 1046 864 adiurari
1085 817 1342 879 tenerique
1382 823 1677 882 potuerunt,
1716 832 1777 865 ne

93 898 402 958 praestarent
435 892 621 939 animae
661 892 1026 954 purgationem,
1067 897 1116 939 et
1154 891 1219 938 ita
1260 892 1440 938 terreri
1479 889 1538 938 ab
1572 905 1652 955 e0,
1694 892 1779 954 qui

98 964 368 1031 imperabat
414 964 618 1029 malum,
665 970 719 1012 ut
759 963 817 1012 ab
859 963 973 1028 alio,
1021 965 1106 1027 qui
1151 962 1385 1028 poscebat
1433 963 1641 1029 bonum,
1687 979 1777 1028 per

95 1038 297 1089 eandem
347 1045 502 1086 artem
550 1037 854 1101 theurgicam
903 1037 1023 1085 solvi
1069 1036 1151 1085 illo
1202 1038 1378 1085 timore
1428 1052 1526 1086 non
1573 1043 1775 1102 possent
1811 1046 1865 1085 10

94 1120 141 1163 et
181 1112 239 1161 ad
280 1111 494 1160 dandum
533 1111 825 1160 beneficium
868 1110 1079 1160 liberari.
1159 1110 1279 1167 Quis
1320 1126 1418 1158 non
1458 1111 1617 1159 videat
1656 1111 1776 1159 haec

94 1189 253 1236 omnia
308 1185 552 1234 fallacium
607 1185 900 1233 daemonum
949 1199 1056 1232 esse
1105 1193 1402 1250 commenta,
1458 1186 1551 1233 nisi
1604 1200 1775 1233 eorum

66 1261 400 1314 vmiserrimus
455 1274 627 1307 servus
676 1267 725 1307 et
772 1273 796 1306 a
852 1260 1007 1322 gratia
1061 1260 1164 1306 veri
1217 1257 1496 1307 liberatoris
1552 1255 1775 1307 alienus?

92 1333 212 1383 Nam
253 1335 294 1382 si
332 1333 453 1381 haec
494 1332 622 1396 apud
663 1332 781 1380 deos
822 1338 1087 1395 agerentur
1127 1331 1305 1396 bonOS,
1345 1331 1455 1395 plus
1494 1331 1562 1380 ibi
1603 1334 1772 1395 utique

91 1407 272 1456 valeret
318 1406 570 1455 beneficus
617 1412 853 1470 purgator
900 1406 1086 1453 animae
1144 1420 1289 1468 quam
1328 1404 1593 1454 malevolus
1634 1407 1769 1470 inpe—
1810 1414 1860 1453 15

90 1481 233 1530 ditor.
295 1480 392 1529 Aut
432 1481 474 1528 si
513 1479 606 1528 diis
645 1481 789 1528 iustis
830 1479 997 1543 homo,
1037 1494 1126 1542 pro
1168 1493 1264 1542 quo
1301 1477 1558 1544 agebatur,
1597 1494 1772 1543 purga-

91 1557 222 1603 tione
255 1553 512 1603 videbatur
541 1552 794 1618 indignuS,
836 1568 933 1600 non
966 1554 1137 1616 utique
1171 1551 1229 1600 ab
1261 1551 1426 1600 invido
1467 1554 1630 1601 territi
1667 1568 1773 1617 nee,

91 1629 218 1676 sicut
265 1629 372 1692 ipse
413 1627 553 1692 dicit,
598 1642 689 1691 per
735 1634 922 1675 metum
962 1625 1245 1674 valentioris
1285 1627 1500 1674 numinis
1551 1626 1772 1691 inpediti,

90 1701 175 1750 sed
207 1701 388 1750 iudicio
427 1700 584 1749 libero
624 1700 673 1749 id
706 1715 885 1764 negare
919 1699 1211 1767 debuerunt.
1274 1699 1454 1748 Mirum
1487 1706 1561 1748 est
1592 1706 1771 1764 autem,

90 1775 219 1840 quod
251 1774 494 1839 benignus
526 1774 606 1823 ille
640 1773 925 1839 ChaldaeuS,
959 1775 1043 1837 qui
1074 1773 1345 1837 theurgicis
1379 1774 1530 1821 sacris
1561 1775 1769 1822 animam
1804 1783 1859 1821 20

88 1864 298 1914 purgare
340 1847 589 1914 cupiebat,
638 1863 735 1897 non
782 1848 968 1895 invenit
1008 1846 1219 1910 aliquem
1259 1848 1569 1910 superiorem
1608 1846 1769 1913 deum,

90 1923 173 1986 qui
221 1921 295 1970 vel
340 1922 451 1986 plus
498 1927 712 1970 terreret
759 1928 903 1984 atque
953 1920 1010 1968 ad
1068 1919 1194 1968 bene
1242 1920 1521 1968 faciendum
1570 1928 1769 1984 cogeret

89 1997 287 2044 territos
320 1995 461 2060 deos,
501 1994 576 2043 vel
608 1994 667 2042 ab
700 1996 771 2042 eis
812 2001 1082 2042 terrentem
1123 2002 1481 2059 compesceret,
1522 2000 1576 2042 ut
1613 1993 1767 2042 libere

87 2067 210 2118 bene
247 2069 506 2134 „facerent3
562 2070 603 2116 si
658 2075 821 2117 tamen
861 2067 1070 2132 theurgo
1125 2066 1254 2115 bono
1295 2082 1432 2115 sacra
1487 2067 1767 2132 defuerunt,

87 2141 265 2206 quibus
319 2145 453 2207 ipsos
516 2141 656 2206 deos,
720 2156 843 2205 quos
905 2140 1162 2189 invocabat
1215 2143 1403 2189 animae
1459 2147 1765 2205 purgatores,
1802 2150 1855 2188 25

87 2218 224 2280 prius
271 2215 331 2264 ab
378 2216 458 2264 illa
506 2217 696 2264 timoris
744 2222 883 2279 peste
922 2222 1170 2279 purgaret.
1249 2214 1377 2272 Quid
1419 2216 1549 2263 enim
1591 2230 1765 2263 causae

88 2295 182 2354 est,
229 2305 318 2338 cur
357 2289 479 2338 deus
517 2290 767 2354 potentior
806 2287 1025 2336 adhiberi
1070 2290 1226 2352 possit
1264 2303 1291 2336 a
1331 2303 1426 2352 quo
1469 2294 1766 2352 terreantur,

87 2377 178 2411 nec
215 2365 371 2427 possit
401 2378 427 2411 a
460 2378 556 2427 quo
590 2359 901 2426 purgentur?
963 2362 1036 2410 An
1069 2363 1316 2411 invenitur
1349 2361 1470 2410 deus
1505 2363 1588 2426 qui
1621 2377 1764 2410 exau-

87 2434 185 2485 diat
216 2436 435 2485 invidum
467 2444 515 2485 et
546 2438 775 2485 timorem
808 2435 900 2484 diis
932 2437 1138 2484 incutiat
1171 2450 1232 2484 ne
1264 2435 1390 2484 bene
1433 2435 1631 2499 faciant,
1673 2450 1763 2482 nec

86 2509 332 2559 invenitur
379 2510 501 2559 deus
548 2511 632 2574 qui
679 2508 906 2558 exaudiat
958 2508 1250 2557 benevolum
1297 2516 1347 2558 et
1395 2510 1622 2557 timorem
1670 2507 1762 2555 diis
1795 2517 1852 2555 30

75 2582 273 2632 'auferat
311 2590 367 2632 ut
405 2583 530 2632 bene
571 2579 785 2632 faciant?
848 2581 887 2631 Ο
929 2582 1155 2646 theurgia
1193 2582 1464 2647 praeclara,
1505 2597 1532 2629 o
1574 2582 1760 2629 animae

85 2655 405 2720 praedicanda
445 2659 693 2723 purgatio,
742 2655 826 2705 ubi
873 2655 984 2720 plus
1023 2657 1232 2720 imperat
1269 2655 1503 2704 inmunda
1543 2653 1760 2702 inviden-

203 2832 225 2870 7
250 2828 489 2884 tenerique
513 2828 681 2883 scripsi
712 2829 837 2880 (416,
868 2831 957 2880 25,·
990 2841 1026 2871 c,
1050 2831 1115 2884 26
1141 2840 1252 2882 quos
1277 2826 1415 2870 sacris
1448 2825 1660 2882 precibus
1693 2825 1759 2868 al-

82 2883 258 2941 ligavit,
290 2901 347 2930 ne
377 2888 513 2943 sqq.);
542 2885 708 2930 terreri
737 2899 763 2929 v

170 2975 263 2999 Aoo.
288 2976 340 2999 Dl
365 2976 444 3002 cxv.
472 2977 553 3000 1³21.
576 2969 606 3001 Ι.
1348 2963 1403 3001 27
