2020 3122
562 157 629 189 DE
654 157 891 190 01vrrA'rE
914 160 1002 191 mx
1026 161 1067 192 L.
1093 161 1179 193 ΧΠ.
1205 162 1242 194 o.
1266 163 1297 194 3.
1670 153 1778 204 515

778 306 973 361 CAPUT
1003 310 1101 363 HI.

98 416 175 465 De
221 414 437 465 inimicis
483 415 582 464 Dei
623 429 722 464 non
757 429 855 476 per
900 420 1159 478 naturam,
1207 420 1300 468 sed
1326 424 1778 482 per-,contrariam

58 528 59 532 ,
97 491 421 547 voluntatem,
460 503 592 550 quae
632 503 745 538 cum
785 489 906 550 ipsis
944 496 1109 550 nocet,
1152 493 1311 541 bonae
1349 496 1522 554 utique
1559 502 1779 545 naturae

320 568 478 623 nocet,
518 564 640 623 quia
678 564 873 621 vitium,
913 564 959 611 si
994 577 1094 612 non
1134 571 1294 626 nocet,
1333 580 1432 615 non
1472 573 1557 617 est.

246 665 490 715 Dicuntur
536 671 701 714 autem
746 666 798 713 in
846 665 1106 729 scripturis
1154 667 1339 716 inimici
1387 667 1498 732 Dei,
1546 672 1630 733 qui
1680 686 1777 719 non
1812 681 1835 719 5

98 745 288 805 natura,
326 740 412 788 sed
444 740 575 787 vitiis
608 738 929 787 adversantur
969 740 1074 788 eius
1113 741 1337 806 imperi0,
1376 740 1497 789 nihil
1537 744 1582 790 ei
1620 743 1778 792 valen-

98 819 173 862 tes
212 828 409 879 nocere,
449 812 535 861 sed
568 811 674 861 sibi.
752 811 943 860 Inimici
984 815 1113 861 enim
1155 819 1270 862 sunt
1309 815 1573 863 resistendi
1612 816 1778 864 volun-

97 893 222 954 tate,
273 902 372 935 non
426 892 670 951 potestate
718 885 956 934 laedendi.
1035 885 1166 935 Deus
1213 901 1424 951 namque
1478 888 1779 937 inmutabilis

99 967 174 1009 est
220 967 270 1009 et
324 962 457 1009 omni
504 959 649 1008 modo
700 958 1105 1024 incorruptibilis,
1189 959 1378 1009 Idcirco
1429 963 1626 1022 vitium,
1683 977 1778 1026 quo

97 1035 338 1083 resistunt
376 1034 477 1082 Deo
526 1035 612 1098 qui
662 1035 768 1082 eius
809 1033 1116 1098 appellantur
1155 1035 1363 1100 inimici,
1411 1050 1509 1083 non
1550 1041 1625 1084 est
1664 1035 1778 1101 De0‚
1815 1046 1868 1086 10

96 1107 183 1156 sed
215 1110 336 1172 ipsis
369 1107 565 1173 malum,
603 1122 765 1171 neque
805 1107 899 1155 hoo
939 1106 1001 1156 ob
1041 1107 1185 1173 aliud,
1225 1109 1320 1156 nisi
1359 1109 1471 1172 quia
1511 1111 1783 1174 corrumpit

96 1183 148 1229 in
195 1184 266 1230 eis
313 1189 516 1231 naturae
572 1180 772 1230 bonum.
847 1180 1034 1230 Natura
1079 1182 1230 1245 igitur
1278 1184 1520 1230 contraria
1568 1198 1665 1230 non
1707 1189 1782 1231 est

97 1254 220 1321 Deo,
279 1255 365 1304 sed
419 1257 590 1305 vitium
647 1257 762 1318 quia
815 1254 997 1303 malum
1051 1260 1127 1303 est
1174 1256 1476 1304 contrarium
1524 1262 1599 1304 est
1637 1255 1780 1304 bono,

98 1327 220 1386 Quis
268 1335 432 1378 autem
478 1335 625 1393 neget
678 1327 835 1377 Deum
891 1343 1080 1377 summe
1132 1325 1352 1377 bonum?
1429 1327 1611 1377 Vitium
1663 1345 1778 1393 ergo

97 1404 401 1452 contrarium
434 1408 509 1451 est
539 1402 656 1468 Deo,
695 1408 942 1466 tamquam
984 1402 1165 1451 malum
1203 1401 1347 1450 bono,
1423 1402 1578 1451 Porro
1618 1409 1780 1451 autem
1816 1414 1867 1452 15

99 1475 282 1525 bonum
337 1482 413 1525 est
468 1483 516 1525 et
570 1482 745 1525 natura
796 1491 942 1539 quam
996 1478 1155 1541 vitiat3
1207 1475 1337 1524 unde
1387 1482 1436 1524 et
1486 1476 1601 1525 huic
1651 1475 1779 1524 bono

98 1551 268 1614 utique
317 1552 621 1599 contrarium
679 1556 775 1615 est3
832 1550 918 1598 sed
977 1549 1078 1598 Deo
1137 1549 1475 1598 tantummodo
1534 1557 1780 1613 tamquam

95 1621 225 1672 bono
249 1624 446 1690 malum,
485 1630 690 1672 naturae
716 1638 847 1688 vero,
888 1639 1033 1687 quam
1058 1624 1208 1689 vitiat,
1248 1638 1346 1671 non
1371 1629 1561 1672 tantum
1586 1623 1779 1688 malum,

97 1697 183 1746 sed
239 1700 385 1747 etiam
438 1699 654 1746 noxium.
729 1696 871 1746 Nulla
926 1699 1107 1761 quippe
1163 1696 1287 1745 mala
1326 1696 1426 1745 Deo
1474 1698 1638 1763 noxia,
1693 1696 1778 1744 sed

95 1770 414 1820 mutabilibus
462 1770 968 1836 corruptibilibusque
1008 1772 1224 1836 naturis,
1265 1769 1406 1818 honis
1446 1777 1608 1818 tamen
1648 1772 1775 1834 ipso·
1811 1780 1866 1818 20

96 1859 208 1893 rum
262 1860 458 1909 quoque
513 1846 797 1894 testimonio
852 1846 1098 1894 vitiorum.
1179 1843 1230 1892 Si
1285 1845 1416 1892 enim
1469 1843 1624 1892 bonae
1679 1858 1779 1891 non

97 1925 286 1985 essent,
334 1921 406 1967 eis
456 1920 572 1967 vitia
610 1932 790 1967 nocere
832 1933 931 1966 non
970 1924 1186 1982 possent.
1263 1916 1385 1965 Nam
1426 1917 1542 1980 quid
1583 1918 1653 1965 eis
1694 1932 1777 1964 no-

97 1991 251 2040 cendo
300 1992 507 2058 faciunt,
554 1994 651 2041 nisi
699 1991 921 2041 adimunt
966 1993 1300 2056 integritatem
1346 1990 1777 2054 pulchritudinem,

97 2064 303 2114 salutem
358 2068 592 2115 virtutem
640 2072 688 2114 et
743 2065 979 2129 quidquid
1034 2065 1151 2113 boni
1205 2070 1408 2113 naturae
1463 2079 1552 2128 per
1606 2065 1778 2112 vitium

96 2137 286 2188 detrahi
318 2141 419 2188 sive
453 2141 609 2188 minui
640 2136 930 2188 consuevit?
993 2138 1134 2196 Quod
1168 2140 1210 2186 si
1241 2139 1438 2186 omnino
1479 2137 1619 2203 desit,
1659 2136 1778 2184 nihil
1811 2145 1864 2183 25

95 2210 213 2261 boni
267 2213 524 2261 adimendo
579 2228 680 2261 non
730 2219 877 2261 nocet
931 2228 985 2261 ac
1039 2227 1129 2277 per
1185 2211 1278 2260 hoc
1326 2226 1417 2259 nec
1470 2212 1643 2259 vitium
1691 2217 1776 2259 est.

95 2284 217 2334 Nam
257 2302 364 2335 esse
403 2288 577 2335 vitium
625 2293 675 2335 et
714 2301 813 2335 non
854 2301 1034 2335 nocere
1075 2300 1174 2333 non
1214 2291 1391 2349 potest.
1437 2283 1605 2332 -Unde
1646 2283 1776 2332 colli-

96 2360 253 2423 gitur,
309 2362 528 2424 quamvis
582 2375 682 2408 non
729 2361 887 2424 possit
940 2361 1113 2408 vitium
1160 2373 1340 2407 nocere
1391 2355 1777 2406 incommutabili

95 2431 240 2499 bono,
278 2449 378 2481 non
410 2440 577 2482 tamen
617 2448 762 2497 posse
803 2448 982 2481 nocere
1023 2433 1119 2481 nisi
1158 2431 1303 2498 bon0‚
1344 2432 1457 2495 quia
1496 2445 1594 2478 non
1633 2431 1775 2493 inest,

95 2507 190 2554 nisi
229 2505 314 2555 uhi
353 2513 513 2556 nocet.
588 2506 693 2555 Hoc
733 2508 881 2555 etiam
919 2508 1013 2555 isto
1053 2504 1197 2554 modo
1239 2504 1335 2552 dici
1374 2509 1556 2568 potest,
1603 2503 1773 2550 vitium
1807 2510 1862 2549 30

96 2593 204 2627 esse
245 2595 336 2628 nec
386 2582 438 2628 in
485 2595 676 2629 summo
715 2595 861 2644 posse
902 2579 1030 2628 bono
1077 2594 1168 2626 nec
1208 2579 1304 2626 nisi
1341 2579 1391 2624 in
1430 2575 1591 2638 aliquo
1631 2574 1772 2623 bono.

98 2651 209 2701 Sola
249 2668 365 2717 ergo
405 2653 534 2702 bona
573 2653 752 2702 alicubi
792 2668 900 2701 esse
939 2658 1168 2718 possunt,
1210 2649 1310 2698 sola
1349 2648 1469 2696 mala
1511 2662 1772 2711 nusquam3

215 2829 268 2867 13
301 2827 354 2866 ut
384 2825 534 2867 editur
582 2823 823 2878 VAFabf‚·
863 2823 944 2867 sed
979 2822 1147 2866 uitium
1188 2823 1235 2864 et
1273 2820 1380 2875 quia
1410 2818 1584 2861 malum
1616 2830 1659 2870 e;
1692 2815 1773 2859 sed

95 2879 274 2925 vitium.
339 2882 456 2934 Quia
487 2882 612 2938 quod
641 2884 818 2926 malum
849 2896 873 2925 v

1327 2950 1417 2993 33*
