2020 3122
237 135 339 187 128
903 147 939 181 s.
965 147 1243 183 AUGUSTIM

230 259 477 324 patefecit.
553 258 684 308 Haec
731 261 839 309 istis
886 275 1195 325 nequaquam
1244 258 1561 308 obicerentur
1601 274 1628 308 a
1666 258 1830 326 nobis,
1877 261 1919 309 si

231 333 310 382 illa
351 348 488 382 sacra
527 333 751 382 dicerent
789 348 889 382 non
919 334 1117 383 tuendis
1155 334 1233 382 his
1272 332 1415 382 bonis
1454 332 1806 398 temporalibus
1844 335 1917 382 in·

232 409 427 472 stituta‚
469 406 556 455 sed
595 406 927 471 significandis
967 408 1204 474 aeternis,
1252 413 1302 455 et
1340 406 1473 471 ide0‚
1514 421 1627 455 cum
1669 421 1747 470 ea,
1785 406 1918 471 quod

233 479 506 544 corporalia
543 479 851 545 ,visibiliaque
893 488 1074 547 essent,
1113 483 1277 546 perire
1318 481 1644 545 contingeret,
1684 479 1803 528 nihil
1841 480 1919 530 his

174 563 200 603 5
233 553 383 603 rebus
423 556 600 620 minui,
643 561 851 619 propter
890 570 1011 619 quas
1051 556 1247 604 fuerant
1285 555 1533 619 instituta,
1584 559 1635 602 et
1672 568 1818 618 posse
1859 554 1918 603 ad

231 627 431 676 eosdem
469 643 591 677 usus
632 628 793 677 denuo
840 630 1075 693 reparari.
1152 628 1294 677 Nunc
1342 642 1458 676 vero
1499 628 1733 676 caecitate
1774 628 1917 676 mira-

229 700 316 749 bili
355 703 425 750 eis
473 703 648 765 sacriS‚
697 717 820 766 quae
868 703 1032 766 perire
1079 703 1296 766 possint,
1344 701 1451 749 fieri
1490 702 1710 764 potuisse
1752 702 1916 750 existi-

230 781 379 840 mant,
418 781 474 824 ut
505 774 636 824 salus
660 782 859 824 terrena
893 782 941 824 et
965 775 1249 840 temporalis
1281 774 1490 823 felicitas
1515 775 1726 823 civitatis
1750 776 1915 839 perire

230 863 329 896 non
380 855 561 913 posset.
637 849 849 898 Proinde
904 864 1017 898 cum
1067 849 1164 897 illis
1215 850 1363 896 etiam
1408 847 1723 896 manentibus
1763 849 1917 897 sacris

144 931 200 971 10
231 922 307 970 vel
362 922 532 971 salutis
588 924 820 970 contritio
875 922 951 970 vel
1009 922 1271 970 infelicitas
1325 923 1539 970 inruisse
1597 927 1918 986 monstratur,

228 1002 419 1044 mutare
452 997 760 1055 sententiam,
802 1010 947 1059 quam
982 995 1247 1044 defendere
1288 1001 1559 1060 nequeunt,
1600 993 1916 1044 erubescunt.

879 1153 1075 1207 CAPUT
1110 1153 1254 1206 XIX.

226 1261 302 1309 De
341 1259 621 1321 afflictione
671 1262 788 1310 belli
826 1262 1013 1310 Punici
1048 1263 1280 1320 secundi,
1332 1275 1434 1321 qua
1482 1262 1615 1309 vires
1653 1262 1918 1322 utriusque

715 1337 885 1397 partis
926 1326 1250 1397 consumptae
1287 1340 1417 1383 sunt.

140 1446 194 1486 15
376 1436 604 1486 Secundo
645 1443 811 1486 autem
849 1438 1036 1487 Punico
1077 1436 1205 1486 bello
1245 1439 1391 1486 nimis
1431 1437 1634 1502 longum
1673 1444 1748 1486 est
1787 1453 1915 1487 com-

226 1526 500 1559 memorare
556 1510 718 1560 clades
773 1511 983 1560 duorum
1038 1511 1334 1576 populorum
1397 1517 1496 1560 tam
1549 1510 1692 1575 longe
1749 1526 1918 1561 secum

225 1583 419 1648 lateque
444 1586 785 1650 pugnantium,
825 1587 892 1634 ita
930 1584 1086 1634 uthis
1127 1600 1324 1649 quoque
1366 1583 1655 1651 fatentib11S‚
1694 1586 1779 1648 qui
1818 1600 1917 1634 non

223 1664 325 1707 tam
378 1673 579 1707 narrare
641 1658 768 1707 bella
823 1658 1041 1707 Romana
1106 1674 1252 1722 quam
1312 1659 1589 1708 Romanum
1650 1659 1914 1723 imperium

223 1730 422 1780 laudare
477 1734 825 1797 instituerunt,
883 1732 1089 1781 similior
1142 1735 1271 1782 victo
1320 1733 1472 1781 fuerit
1517 1731 1597 1780 ille
1646 1733 1732 1796 qui
1783 1734 1913 1782 vicit.

142 1813 198 1853 20
229 1804 498 1854 Hannibale
540 1807 720 1870 quippe
761 1805 820 1854 ab
852 1804 1084 1870 Hispania
1117 1812 1350 1870 surgente
1391 1812 1439 1854 et
1470 1805 1735 1870 Pyrenaeis
1781 1821 1917 1855 mon-

227 1878 360 1927 tibus
385 1882 646 1945 superatiS‚
687 1879 837 1928 Gallia
873 1886 1158 1929 transcursa
1181 1879 1484 1945 Alpibusque
1525 1879 1778 1944 disruptiS‚
1818 1886 1918 1929 tam

224 1951 368 2016 longo
395 1954 606 2002 circuitu
633 1955 790 2002 auctis
814 1953 1002 2002 viribus
1028 1961 1206 2003 cuncta
1244 1953 1478 2002 vastando
1520 1959 1604 2002 aut
1643 1952 1915 2017 subigendo

224 2028 461 2074 torrentis
516 2026 660 2074 modo
717 2027 882 2075 Italiae
938 2027 1163 2076 faucibus
1221 2029 1452 2076 inruente
1509 2042 1656 2091 quam
1710 2035 1916 2077 cruenta

224 2098 410 2162 proelia
449 2105 585 2163 gesta
620 2106 750 2165 sunt,
791 2102 1019 2164 quotiens
1044 2101 1253 2149 Romani
1291 2100 1535 2165 superati!
1577 2115 1723 2164 quam
1763 2100 1916 2150 multa

136 2180 192 2220 25
225 2172 284 2220 ad
331 2172 524 2221 hostem
570 2173 747 2237 oppida
794 2173 1104 2239 defecerunt,
1155 2189 1299 2238 quam
1348 2174 1501 2223 multa
1549 2180 1688 2238 capta
1742 2181 1791 2223 et
1830 2189 1913 2239 op·

223 2244 416 2310 pressa!
466 2261 610 2309 quam
659 2246 792 2294 dirae
840 2262 1032 2311 pugnae
1082 2254 1131 2296 et
1178 2249 1359 2296 totiens
1398 2247 1658 2296 Hannibali
1697 2247 1915 2296 Romana

225 2318 360 2368 clade
401 2317 663 2383 gloriosae!
726 2319 794 2368 De
837 2319 1081 2369 Cannensi
1130 2327 1295 2370 autem
1334 2320 1624 2369 mirabiliter
1663 2320 1911 2370 horrendo

223 2392 349 2440 malo
390 2393 507 2457 quid
547 2392 728 2457 dicam,
766 2392 852 2441 ubi
891 2393 1160 2460 Hannibal,
1201 2409 1314 2443 cum
1353 2400 1485 2443 esset
1523 2393 1909 2461 crudelissimus,

223 2473 386 2515 tamen
448 2472 582 2515 tanta
642 2467 955 2516 inimicorum
1020 2469 1440 2516 atrocissimorum
1497 2467 1643 2516 caede
1708 2469 1910 2518 satiatus

343 2610 414 2663 19)
446 2608 567 2652 Flor.
603 2613 641 2664 1,
675 2613 744 2652 22.

340 2760 395 2800 20
419 2756 671 2800 hannibale
699 2755 878 2809 OA2K;
905 2756 1119 2800 annibale
1145 2755 1287 2800 A¹Fv
1311 2757 1327 2812 ΙΙ
1351 2761 1405 2799 23
1438 2760 1491 2800 ut
1523 2757 1673 2802 editur
1699 2756 1905 2810 OAKF,·

219 2828 364 2918 {133th
408 2816 598 2860 cruenta
641 2815 767 2859 bella
810 2816 941 2871 gesta
989 2817 1119 2872 sunt,
1168 2829 1306 2871 quam
1346 2815 1494 2859 multa
1534 2815 1734 2872 proelia!
1786 2815 1908 2901 Quo-
