2020 3122
510 159 576 191 m:
601 158 843 191 civrrA'rE
866 160 956 192 Dm
980 160 1022 192 L.
1046 160 1097 192 11.
1122 159 1161 192 ο.
1187 161 1238 193 19.
1264 161 1317 193 20.
1692 149 1720 201 ’ἶ
1729 150 1759 201 7

78 271 227 322 multa
266 278 437 320 contra
477 272 726 319 avaritiam
774 277 920 335 atque
960 271 1206 320 luxuriam
1243 271 1427 336 ubique
1467 272 1662 337 populis
1701 274 1759 322 ad

77 346 169 395 hoc
209 346 517 410 congregatis
558 359 706 408 quam
744 344 1065 410 excellenter,
1115 360 1259 409 quam
1300 345 1462 394 divine
1502 361 1601 394 non
1640 353 1758 395 tam-

79 434 224 484 quam
277 434 338 467 ex
389 418 797 483 philosophorum
858 418 1307 468 concertationibus
1362 426 1611 485 strepere,
1674 421 1758 469 sed

79 501 324 557 tamquam
363 507 423 541 ex
464 491 677 541 oraculis
717 499 767 541 et
798 491 886 540 Dei
926 491 1142 541 nubibus
1180 494 1419 542 intonare.
1495 492 1558 542 Et
1596 500 1760 542 tamen

76 567 195 616 luxu
249 571 397 630 atque
449 567 650 615 avaritia
696 567 952 630 saevisque
1001 581 1058 614 ac
1104 565 1333 630 turpibus
1381 566 1602 615 moribus
1649 574 1759 617 ante
1794 578 1818 616 5

77 640 341 689 adventum
381 638 564 689 Christi
605 655 711 688 rem
749 639 997 704 publicam
1044 641 1307 704 pessimam
1347 655 1403 688 ac
1442 639 1759 704 flagitiosissi-

74 729 204 763 mam
258 714 434 763 factam
484 729 583 762 non
639 715 867 779 inputant
929 713 1023 762 diis
1078 715 1202 779 suis;
1266 713 1595 762 adflictionem
1644 729 1760 763 vero

77 790 198 854 eiuS,
229 802 589 852 quamcumque
614 789 710 837 isto
735 793 958 852 tempore
993 786 1224 852 superbia
1255 787 1556 851 deliciaeque
1591 802 1763 836 eorum

74 876 337 927 perpessae
378 862 578 927 fuerint,
617 861 843 926 religioni
881 863 1180 926 increpitant
1212 860 1534 911 Christianae.
1610 859 1762 910 Cuius

74 942 336 1001 praecepta
382 934 444 984 de
490 937 635 984 iustis
686 934 955 1000 probisque
1004 935 1225 984 moribus
1266 937 1308 984 si
1348 934 1494 984 simul
1534 934 1761 984 audirent
1796 945 1850 985 10

79 1016 226 1074 atque
258 1015 492 1058 curarent
523 1024 666 1074 reges
698 1016 862 1058 terrae
902 1016 952 1058 et
991 1024 1162 1058 omnes
1200 1009 1385 1074 populi,
1424 1010 1674 1074 principes
1714 1015 1763 1057 et

81 1098 254 1132 omnes
298 1083 490 1132 iudices
536 1090 722 1149 terrae,
768 1085 971 1132 iuvenes
1012 1089 1062 1132 et
1099 1084 1337 1149 virgineS,
1385 1084 1608 1131 seniores
1649 1097 1760 1131 cum

80 1155 374 1223 iunioribuS,
421 1162 555 1205 aetas
596 1159 754 1205 omnis
795 1172 945 1221 capax
993 1163 1043 1206 et
1080 1163 1292 1221 uterque
1333 1171 1502 1222 seXuS,
1550 1163 1600 1205 et
1638 1171 1762 1220 quos

76 1230 290 1295 baptista
328 1229 571 1278 Iohannes
611 1226 907 1295 adloquitur,
947 1236 1201 1280 exactores
1242 1232 1336 1294 ipsi
1375 1237 1521 1294 atque
1561 1230 1762 1278 milites:

78 1311 127 1353 et
157 1310 318 1353 terras
341 1305 467 1353 vitae
491 1306 770 1369 praesentis
802 1310 1003 1353 ornaret
1043 1319 1131 1353 sua
1162 1303 1394 1352 felicitate
1434 1318 1515 1352 res
1554 1302 1763 1368 publica,
1797 1314 1849 1352 15

77 1384 126 1427 et
149 1379 275 1427 vitae
300 1384 528 1427 aeternae
555 1376 751 1427 culmen
776 1376 1058 1427 beatissime
1090 1381 1355 1442 regnatura
1394 1376 1763 1425 conscenderet.

77 1451 175 1501 Sed
216 1453 329 1516 quia
367 1453 460 1501 iste
501 1452 659 1516 audit,
705 1451 786 1501 ille
826 1453 1122 1517 contemnit,
1160 1451 1429 1516 pluresque
1468 1452 1599 1499 vitiis
1638 1450 1761 1499 male

76 1525 440 1575 blandientibus
465 1541 611 1590 quam
635 1525 746 1575 utili
769 1527 1008 1575 virtutum
1032 1527 1286 1590 asperitati
1326 1531 1443 1574 sunt
1481 1526 1762 1573 amiciores:

74 1598 286 1649 tolerare
322 1599 506 1648 Christi
537 1599 706 1649 famuli
737 1599 988 1666 iubentur,
1028 1601 1129 1648 sive
1170 1601 1268 1648 sint
1306 1614 1450 1663 reges
1489 1600 1589 1647 sive
1629 1599 1761 1662 prin-

77 1675 212 1738 cipes
251 1675 351 1722 sive
391 1673 596 1739 iudiceS,
647 1675 747 1722 sive
788 1673 968 1723 milites
1018 1675 1119 1722 sive
1158 1672 1499 1738 provincialeS,
1551 1673 1651 1720 sive
1692 1671 1761 1720 di·
1796 1682 1850 1722 20

78 1748 202 1796 vites
226 1749 327 1796 sive
351 1762 612 1814 pauperes,
652 1749 752 1796 sive
777 1747 921 1796 liberi
953 1749 1054 1796 sive
1095 1749 1238 1812 servi,
1277 1745 1562 1796 utriuslibet
1601 1760 1763 1811 sexuS,

81 1822 228 1870 etiam
280 1823 565 1887 pessimam,
621 1823 663 1870 si
718 1823 785 1870 ita
839 1836 1043 1870 necesse
1085 1827 1182 1887 est,
1235 1820 1761 1884 flagitiosissimamque

82 1909 188 1944 rem
233 1894 480 1960 publicam
535 1902 584 1945 et
637 1897 689 1944 in
741 1894 822 1943 illa
869 1895 1154 1960 angelorum
1201 1894 1408 1959 quadam
1456 1894 1763 1942 sanctissima

82 1975 227 2033 atque
267 1970 613 2033 augustissima
664 1970 801 2018 curia
848 1968 1147 2033 caelestique
1186 1983 1240 2017 re
1280 1966 1496 2033 publica,
1550 1966 1637 2016 ubi
1675 1965 1763 2015 Dei

78 2041 304 2092 voluntas
358 2042 437 2091 lex
491 2050 588 2108 est,
640 2042 967 2092 clarissimum
1013 2042 1107 2091 sibi
1152 2042 1318 2091 locum
1363 2043 1509 2090 etiam
1555 2043 1649 2090 ista
1688 2046 1763 2088 to·
1795 2050 1850 2090 25

78 2114 285 2166 lerantia
323 2131 623 2181 comparare.
648 2151 652 2155 -

745 2288 941 2343 CAPUT
974 2290 1091 2343 XX.

87 2411 237 2470 Quali
272 2414 426 2461 velint
458 2410 707 2472 felicitate
742 2414 976 2474 qaudere
1014 2418 1064 2462 et
1101 2413 1282 2473 quibus
1321 2412 1543 2461 moribus
1582 2411 1760 2468 vivere,

261 2487 351 2546 qui
388 2491 614 2548 tempora
660 2486 983 2536 Christianae
1021 2488 1282 2548 reliyz‘onis
1322 2487 1569 2534 incusant.

226 2601 411 2652 Verum
456 2603 578 2653 tales
627 2603 843 2653 cultores
893 2610 942 2654 et
993 2603 1255 2654 dilectores
1295 2602 1499 2651 deorum
1539 2602 1760 2663 istorum,
1793 2608 1850 2647 30

81 2689 292 2739 quorum
331 2678 477 2726 etiam
515 2679 790 2726 imitatores
836 2679 888 2726 in
928 2676 1199 2727 sceleribus
1240 2682 1288 2725 et
1326 2675 1520 2739 flagitiis
1559 2687 1611 2721 se
1651 2686 1758 2720 esse

83 2746 340 2816 laetantur,
378 2750 511 2799 nullo
553 2751 696 2800 modo
722 2758 898 2800 curant
935 2753 1201 2816 pessimam
1239 2764 1294 2798 ac
1333 2747 1758 2813 flagitiosissimam

202 2893 274 2948 13)
306 2892 379 2935 Ps.
417 2897 514 2945 148,
551 2898 602 2936 11
639 2908 704 2948 sq.
770 2896 843 2948 14)
874 2893 952 2937 Lc.
986 2898 1026 2949 3,
1061 2898 1114 2935 12
1148 2905 1246 2946 sqq.
