2020 3122
269 113 378 166 514
941 122 977 155 S.
1000 87 1274 157 Ancusrm

269 244 426 287 morte
486 238 589 285 sine
649 250 818 284 errore
874 236 979 284 sine
1028 234 1247 284 molestia
1299 235 1607 302 perfruatur,
1662 237 1772 300 quis
1811 235 1956 300 digne

270 312 484 375 cogitare
523 311 682 374 possit
719 315 804 358 aut
843 305 1043 373 eloqui?
1114 308 1426 374 Quapropter
1464 311 1612 358 etiam
1650 310 1767 358 vitio
1806 308 1955 358 malo-

269 399 382 434 rum
429 383 739 449 angelorum,
786 398 882 447 quo
922 398 1021 431 non
1060 382 1327 432 adhaerent
1367 381 1490 443 Deo,
1540 384 1771 447 quoniam
1810 397 1954 431 omne

168 523 178 531 ⁶
270 459 442 506 vitium
474 463 678 506 naturae
711 462 872 524 nocet,
913 458 1031 505 satis
1062 457 1405 505 manifestatur
1445 455 1599 504 Deum
1639 463 1740 506 tam
1778 455 1956 505 bonam

212 540 237 580 5
274 546 447 581 eorum
479 545 674 580 creasse
708 537 948 598 naturam,
988 532 1069 580 cui
1092 532 1294 579 noxium
1319 531 1506 578 sitnon
1547 545 1655 578 esse
1696 545 1809 579 cum
1842 529 1956 578 Deo.

968 672 1163 727 CAPUT
1195 673 1262 725 II.

272 769 471 817 Nullam
512 769 781 815 essentiam
820 766 926 814 Deo
967 780 1074 814 esse
1113 768 1449 826 contrariam,
1490 769 1612 827 quia
1652 767 1715 815 ab
1756 780 1835 826 ee,
1875 768 1964 826 qm·

365 854 552 890 summe
591 845 641 889 et
679 854 874 901 semper
914 844 999 900 est,
1038 841 1133 888 hoe
1173 845 1326 888 totum
1365 841 1565 888 videtur
1606 842 1858 888 diversum

848 928 954 963 esse
993 915 1130 974 quod
1166 928 1267 962 non
1305 918 1390 962 est.

189 1012 242 1051 10
422 1001 553 1050 Haec
605 1002 734 1050 dicta
775 1002 895 1067 sint,
934 1016 996 1049 ne
1037 1003 1319 1066 quisquam,
1373 1016 1486 1050 cum
1526 1001 1585 1050 de
1626 1001 1810 1065 angelis
1850 1016 1962 1066 apo-

276 1077 463 1125 staticis
504 1075 776 1141 loquimur,
830 1076 1078 1123 existimet
1118 1091 1203 1124 eos
1243 1075 1388 1124 aliam
1427 1074 1559 1124 velut
1599 1090 1656 1123 ex
1697 1074 1790 1124 alio
1830 1076 1964 1139 prin-

277 1151 403 1214 cipio
443 1148 626 1197 habere
667 1150 890 1213 potuisse
929 1155 1168 1215 naturam,
1209 1164 1300 1198 nec
1343 1163 1517 1198 eorum
1556 1155 1759 1197 naturae
1800 1154 1966 1197 aucto·

276 1237 382 1271 rem
414 1221 585 1271 Deum.
648 1221 800 1271 Cuius
835 1224 1019 1271 erroris
1058 1225 1310 1287 impietate
1351 1229 1486 1271 tanto
1528 1224 1738 1286 quisque
1781 1221 1968 1271 carebit

279 1296 557 1360 expeditius
597 1302 648 1345 et
687 1296 901 1362 faciliUS,
949 1303 1131 1360 quanto
1179 1297 1516 1361 perspicacius
1555 1295 1841 1360 intellegere
1879 1311 1966 1360 po-

191 1379 245 1419 15
278 1372 446 1435 tuerit,
486 1370 618 1433 quod
649 1385 738 1434 per
779 1370 1006 1434 angelum
1038 1369 1169 1419 Deus
1209 1370 1347 1436 dixit,
1386 1369 1580 1434 quando
1620 1369 1820 1434 Moysen
1860 1370 1968 1418 mit-

280 1443 415 1493 tebat
466 1444 527 1492 ad
583 1443 709 1491 filios
764 1443 937 1492 Israel:
992 1445 1100 1505 qu
1154 1459 1286 1510 sum,
1342 1446 1432 1504 qui
1474 1458 1595 1492 sum.
1674 1442 1797 1492 Cum
1837 1444 1968 1491 enim

282 1516 413 1566 Deus
454 1531 643 1565 summa
683 1519 898 1566 essentia
939 1518 1023 1583 sit,
1062 1517 1155 1566 hoc
1196 1524 1271 1566 est
1311 1532 1501 1566 summe
1543 1519 1619 1583 sit,
1661 1523 1710 1565 et
1748 1516 1858 1565 ideo
1898 1517 1969 1564 in-

282 1589 531 1640 mutabilis
564 1592 648 1640 sit:
686 1589 853 1656 rebus,
887 1606 1007 1655 quas
1041 1606 1100 1639 ex
1132 1591 1284 1639 nihilo
1318 1593 1516 1656 creavit,
1556 1605 1664 1639 esse
1697 1590 1846 1655 dedit,
1885 1589 1972 1638 sed
2003 1589 2006 1590 ⁷

283 1679 382 1713 non
429 1679 619 1713 summe
669 1679 801 1726 esse,
851 1666 980 1713 sicut
1020 1671 1094 1713 est
1133 1666 1260 1730 ipse3
1309 1671 1358 1713 et
1407 1663 1512 1713 aliis
1552 1663 1687 1712 dedit
1725 1679 1834 1713 esse
1874 1677 2002 1719 amr

195 1748 251 1788 20
283 1737 428 1804 plius,
468 1737 574 1786 aliis
614 1740 799 1804 minus,
840 1744 986 1802 atque
1027 1740 1093 1787 ita
1133 1745 1333 1787 naturas
1374 1739 1700 1787 essentiarum
1742 1735 1974 1802 gradibus

287 1811 530 1860 ordinavit
581 1806 733 1878 (sicut
788 1814 919 1860 enim
975 1811 1033 1860 ab
1086 1827 1143 1860 eo
1155 1852 1169 1878 ,
1222 1812 1352 1875 quod
1401 1819 1476 1861 est
1525 1826 1719 1878 sapere,
1772 1817 1975 1860 vocatur

289 1886 540 1950 sapientia,
584 1887 654 1933 sic
687 1885 746 1934 ab
780 1901 854 1951 eo,
894 1885 1024 1950 quod
1059 1893 1135 1935 est
1175 1901 1299 1951 esse,
1339 1892 1542 1934 vocatur
1581 1886 1809 1951 essentia,
1849 1898 1974 1932 novo

290 1958 489 2022 quidem
523 1960 735 2025 nomine,
775 1974 873 2023 quo
906 1961 984 2008 usi
1015 1965 1208 2016 veteres
1247 1974 1346 2007 non
1380 1965 1496 2008 sunt
1534 1957 1694 2008 Latini
1733 1959 2000 2007 sermonis>

294 2038 522 2080 auctores
534 2071 547 2098 ,
599 2033 685 2081 sed
724 2035 820 2082 iam
860 2034 1045 2082 nostris
1083 2032 1390 2097 temporibus
1428 2034 1630 2098 usitato,
1680 2047 1742 2080 ne
1783 2031 1979 2080 deesset

204 2115 260 2155 25
296 2107 443 2154 etiam
483 2105 676 2168 linguae
716 2113 941 2172 nostrae,
983 2107 1112 2170 quod
1153 2105 1327 2155 Graeci
1366 2105 1610 2171 appellant
1649 2101 1844 2171 οὖσίαν;
1882 2105 1976 2154 hoc

295 2180 427 2227 enim
464 2178 672 2227 verbum
714 2195 740 2228 e
779 2179 929 2228 verbo
970 2195 1259 2245 expressum
1301 2186 1390 2247 est,
1429 2186 1484 2229 ut
1523 2179 1773 2228 diceretur
1813 2193 1976 2227 essen-

295 2246 410 2319 tia);
451 2267 506 2300 ac
538 2267 627 2316 per
659 2252 753 2301 hoc
795 2255 840 2302 ei
871 2260 1090 2318 naturae,
1131 2268 1254 2318 quae
1290 2269 1477 2302 summe
1511 2259 1600 2313 est,
1642 2268 1736 2317 qua
1769 2252 1977 2301 faciente

298 2331 415 2374 sunt
467 2340 807 2390 quaecumque
866 2333 1002 2392 sunt,
1058 2329 1305 2376 contraria
1359 2333 1533 2376 natura
1583 2342 1683 2375 non
1733 2333 1829 2392 est,
1883 2325 1980 2374 nisi

297 2413 421 2463 quae
455 2414 554 2447 non
587 2405 676 2447 est.
752 2398 811 2448 Ei
853 2402 1048 2467 quippe,
1088 2400 1219 2464 quod
1260 2407 1351 2468 est,
1389 2416 1489 2449 non
1528 2401 1979 2449 esse‘contrarium

207 2483 263 2523 30
298 2478 385 2521 est.
462 2471 525 2521 Et
585 2479 847 2537 propterea
910 2473 1037 2539 Deo,
1098 2474 1146 2522 id
1210 2481 1286 2524 est
1347 2489 1564 2523 summae
1627 2475 1868 2522 essentiae
1929 2475 1980 2521 et

293 2548 485 2595 auctori
510 2547 731 2595 omnium
764 2546 1195 2612 qualiumcumque
1230 2550 1572 2613 essentiarum,
1606 2548 1818 2596 essentia
1849 2539 1981 2596 nulla

290 2621 537 2669 contraria
577 2625 666 2668 est.

412 2719 484 2773 16)
518 2716 661 2761 Exod.
695 2723 735 2773 3,
771 2722 838 2761 14.

415 2854 440 2892 8
474 2864 650 2894 summe
682 2852 753 2894 est
784 2852 832 2894 et
862 2865 886 2894 v
911 2852 926 2906 ΙΙ
954 2856 1005 2894 10
1039 2858 1144 2894 sunt:
1176 2850 1225 2893 F
