2020 3122
589 141 655 173 DE
680 140 918 174 owrrA'rn
941 141 1030 173 Dm
1050 141 1094 174 L.
1119 140 1195 174 111.
1221 141 1258 173 c.
1282 143 1314 175 a.
1338 144 1370 175 7.
1709 134 1812 185 103

135 256 228 303 iste
267 255 347 302 sui
386 253 553 302 fratris
592 249 874 301 extinctor?
953 251 1006 301 Si
1051 258 1214 302 autem
1261 252 1380 303 illud
1422 254 1582 303 scelus
1622 270 1648 303 a
1686 256 1813 306 sacto

135 329 442 392 imperioque
490 325 684 375 Romuli
733 325 944 374 alienum
993 333 1090 375 est:
1144 328 1376 389 quoniam
1427 327 1597 377 debuit
1643 331 1812 393 utique

133 401 386 467 vindicari,
426 407 528 449 tota
567 399 661 448 hoc
692 399 773 448 illa
814 401 983 448 civitas
1023 400 1154 465 fecit,
1194 400 1325 463 quod
1363 408 1464 450 tota
1503 405 1815 469 contempsit,

134 482 184 524 et
222 489 321 523 non
360 476 457 523 iam
496 474 721 539 fratrem,
762 472 849 522 sed
888 479 1101 538 patrem,
1141 473 1269 536 quod
1312 480 1388 523 est
1426 477 1583 539 peius,
1621 476 1814 526 occidit.

132 547 352 612 Uterque
394 549 523 596 enim
564 547 657 597 fuit
695 546 937 612 conditor,
976 546 1061 596 ubi
1101 546 1223 595 alter
1263 547 1448 596 scelere
1489 548 1677 598 ablatus
1715 565 1815 598 non
1847 561 1872 600 5

132 624 406 687 permissus
446 627 523 670 est
562 636 670 670 esse
703 626 950 685 regnator.
1026 619 1136 668 Non
1176 627 1267 686 est,
1305 627 1360 670 ut
1398 621 1632 687 arbitror,
1683 624 1815 686 quod

135 695 328 744 dicatur
377 694 494 759 quid
534 694 648 744 mali
687 694 833 743 Troia
872 696 1128 759 meruerit,
1166 700 1223 742 ut
1262 709 1369 743 eam
1408 694 1476 744 dii
1514 695 1816 762 desererent,

135 784 234 833 quo
273 775 443 834 posset
482 770 725 834 extingui,
772 775 821 817 et
861 767 980 832 quid
1018 767 1136 816 boni
1175 767 1351 835 Roma,
1397 775 1453 818 ut
1492 783 1599 818 eam
1638 770 1702 818 dii
1742 772 1813 818 in-

133 842 434 909 habitarent,
483 858 580 906 quo
619 849 789 907 posset
827 843 1018 907 augeri3
1068 843 1162 890 nisi
1202 841 1332 906 quod
1372 843 1489 892 victi
1527 842 1640 891 inde
1681 843 1814 907 fuge-

132 923 252 965 runt
291 923 341 965 et
381 932 434 965 se
474 916 532 965 ad
565 918 702 982 istOS,
742 931 867 980 quos
906 917 1091 980 pariter
1131 915 1434 983 deciperent,
1473 915 1815 982 contulerunt3
1850 930 1904 968 10

131 991 281 1039 immo
322 1006 439 1039 vero
481 996 531 1038 et
570 990 668 1039 illio
715 996 1006 1039 manserunt
1045 989 1103 1038 ad
1143 1005 1230 1038 eos
1262 1005 1398 1039 more
1439 1005 1528 1039 suo
1569 989 1815 1054 decipien-

130 1064 250 1128 dos,
296 1065 382 1127 qui
420 1079 597 1113 rursus
639 1063 834 1112 easdem
874 1071 1032 1112 terras
1071 1062 1372 1130 habitarent,
1412 1070 1461 1113 et
1499 1064 1579 1112 hic
1619 1064 1816 1112 easdem

129 1143 263 1186 artes
327 1137 543 1186 fallaciae
606 1153 722 1186 suae
785 1138 939 1201 magis
1001 1138 1148 1185 etiam
1209 1138 1486 1186 exercendo
1548 1136 1815 1186 maioribus

127 1210 401 1260 honoribus
440 1211 634 1275 gloriati
673 1218 802 1260 sunt.

799 1367 995 1421 CAPUT
1026 1368 1147 1421 VII.
1850 1384 1903 1423 15

196 1476 272 1526 De
311 1479 570 1526 eversione
610 1476 707 1537 Ilii,
747 1478 884 1538 quod
921 1478 1029 1525 dux
1068 1476 1233 1524 Marii
1269 1476 1497 1524 Fimbria
1536 1478 1740 1525 excidit.

279 1579 426 1629 Certe
452 1582 584 1629 enim
609 1579 834 1629 civilibus
871 1581 968 1628 iam
992 1578 1133 1627 bellis
1173 1578 1475 1628 scatentibus
1516 1579 1633 1643 quid
1672 1581 1815 1628 mise-

131 1669 244 1703 rum
285 1655 600 1703 commiserat
622 1653 781 1720 Ilium,
821 1659 876 1702 ut
914 1668 940 1701 a
964 1652 1195 1718 Fimbria,
1234 1652 1564 1702 Marianarum
1602 1655 1817 1717 partium

131 1727 329 1776 homine
375 1730 613 1792 pessime,
668 1733 999 1793 everteretur,
1047 1726 1200 1775 multo
1248 1727 1464 1776 ferocius
1510 1733 1656 1790 atque
1705 1742 1814 1775 cru—

130 1800 289 1850 delius
345 1817 492 1866 quam
546 1801 662 1850 olim
711 1817 737 1850 a
785 1797 1021 1850 Graecis?
1096 1799 1219 1849 Nam
1265 1806 1384 1849 tunc
1426 1807 1475 1849 et
1512 1799 1656 1848 multi
1701 1800 1814 1848 inde
1848 1811 1903 1850 20

132 1875 370 1939 fugerunt
415 1882 466 1925 et
511 1875 656 1925 multi
702 1877 931 1940 captivati
978 1874 1150 1924 saltem
1196 1876 1248 1922 in
1288 1876 1524 1923 servitute
1564 1875 1814 1939 vixerunt3

128 1964 280 2013 porro
336 1955 500 1998 autem
554 1948 769 1998 Fimbria
823 1950 963 2013 prius
1019 1947 1234 1996 edictum
1281 1949 1562 2013 proposuit,
1615 1962 1678 1996 ne
1736 1948 1817 1996 cui

128 2029 437 2088 parceretur,
476 2030 623 2087 atque
655 2021 831 2071 urbem
871 2029 1024 2071 totam
1062 2027 1367 2086 cunctosque
1406 2023 1457 2070 in
1497 2035 1555 2070 ea
1591 2020 1815 2069 homines

128 2096 359 2145 incendio
410 2098 755 2146 concremavit.
831 2095 936 2144 Hoc
983 2096 1166 2144 meruit
1212 2094 1355 2144 Ilium
1402 2111 1501 2144 non
1550 2110 1576 2143 a
1616 2094 1816 2143 Graecis

133 2184 257 2233 quos
307 2185 396 2219 sua
442 2172 727 2219 inritaverat
766 2171 1048 2236 iniquitate,
1101 2169 1187 2218 sed
1227 2184 1253 2217 a
1292 2168 1525 2218 Romanis
1565 2184 1689 2233 quos
1728 2182 1817 2216 sua
1849 2177 1903 2216 25

133 2242 405 2293 calamitate
462 2251 839 2309 propagaverat,
872 2243 987 2292 ‘diis
1040 2243 1138 2292 illis
1192 2242 1535 2292 communibus
1582 2242 1641 2290 ad
1694 2241 1812 2290 haec

132 2316 418 2381 repellenda
471 2317 593 2366 nihil
646 2316 929 2367 iuvantibus
985 2333 1094 2383 seu,
1151 2317 1282 2380 quod
1331 2332 1503 2365 verum
1542 2323 1639 2381 est,
1693 2313 1814 2363 nihil

131 2389 421 2440 valentibus
498 2391 747 2456 Numquid
788 2398 837 2441 et
874 2397 993 2440 tunc

274 2496 578 2543 Abscessere
618 2511 787 2544 omnes
826 2495 994 2557 adytis
1033 2493 1232 2556 arisque
1272 2494 1458 2542 relictis

275 2568 361 2627 Di,
1843 2571 1899 2610 30

131 2652 311 2716 quibus
361 2654 482 2703 illud
530 2655 765 2720 oppidum
822 2661 1029 2704 steterat
1080 2660 1193 2718 post
1240 2654 1467 2715 antiquos
1515 2650 1814 2698 Graecorum

130 2726 268 2789 ignes
309 2729 577 2792 ruinasque
617 2720 935 2793 reparatum?
1013 2726 1066 2775 Si
1105 2732 1269 2775 autem
1308 2724 1663 2786 abscesserant,
1702 2736 1812 2769 cau-

251 2872 275 2910 7
308 2868 479 2912 meruit
508 2870 554 2913 A
