2020 3122
548 143 614 175 DE
639 141 878 176 cmTATE
902 143 991 176 DEI
1014 143 1056 177 n.
1080 145 1189 177 xm.
1213 144 1251 177 c.
1277 146 1329 178 ιι.
1355 147 1406 178 12.
1705 134 1810 186 571

136 261 191 304 ut
230 254 401 304 saltem
441 253 706 303 secundam
745 261 952 303 mortem
994 255 1237 305 declinare
1277 259 1537 322 possimus.
1614 256 1698 305 Illa
1738 265 1812 307 est

135 331 266 377 enim
305 329 497 392 gravior
545 333 593 375 et
640 329 860 376 omnium
899 328 1139 377 malorum
1177 332 1409 395 pessima,
1459 345 1581 394 quae
1622 345 1719 378 non
1759 332 1812 379 fit

135 403 443 467 separatione
490 402 678 449 animae
719 407 768 448 et
808 403 1052 466 corporiS,
1100 403 1184 450 sed
1224 405 1275 451 in
1314 410 1564 452 aeternam
1602 418 1808 468 poenam

132 477 296 540 potius
351 476 611 538 utriusque
667 473 938 537 complexu,
1015 474 1087 523 Ibi
1135 491 1160 523 e
1210 478 1455 524 contrario
1511 492 1608 525 non
1664 485 1811 526 erunt

133 549 358 597 homines
398 554 508 596 ante
549 553 759 596 mortem
798 553 944 611 atque
983 555 1095 612 post
1135 555 1358 615 mortem,
1399 550 1483 598 sed
1525 565 1719 615 semper
1758 552 1808 598 in
1843 560 1867 598 5

134 629 312 687 morte3
367 637 422 670 ae
462 636 551 686 per
589 621 682 670 hoc
723 635 991 684 numquam
1032 622 1268 682 viventes,
1310 638 1576 686 numquam
1614 625 1810 682 mortui,

135 695 218 744 sed
275 698 380 744 sine
436 695 530 743 fine
586 696 868 743 morientes
960 694 1238 758 Numquam
1294 697 1423 743 enim
1478 698 1571 744 erit
1625 696 1811 745 homini

130 771 271 834 peius
310 771 359 817 in
402 775 574 835 morte,
613 783 759 832 quam
798 767 883 816 ubi
923 769 1015 816 erit
1056 783 1189 816 mors
1228 770 1334 833 ipsa
1372 770 1477 817 sine
1517 777 1689 818 morte.

799 924 990 978 CAPUT
1029 925 1148 979 XII.

140 1037 298 1094 Quam
337 1039 543 1084 mortem
576 1035 757 1096 primis
788 1034 1069 1082 hominibus
1101 1033 1252 1092 Dea-3,
1290 1035 1337 1081 sz'
1374 1035 1665 1082 mandatum
1705 1036 1811 1082 eius
1846 1043 1899 1081 10

434 1109 932 1168 transgrederentur,
967 1106 1132 1167 fuerit
1168 1108 1507 1155 comminatus

278 1210 402 1260 Cum
435 1226 551 1274 ergo
584 1211 871 1275 requiritur,
911 1224 1057 1273 quam
1094 1215 1305 1257 mortem
1345 1208 1476 1257 Deus
1514 1210 1686 1273 primis
1726 1209 1810 1257 ho-

130 1284 345 1339 minibus
384 1285 535 1333 fuerit
574 1284 923 1348 comminatus,
963 1284 1005 1330 si
1044 1281 1103 1331 ab
1145 1297 1201 1330 eo
1243 1282 1525 1331 mandatum
1562 1288 1807 1347 transgre-
1858 1315 1862 1317 >

130 1359 368 1408 derentur
414 1363 670 1422 acceptum
717 1372 808 1405 nec
856 1355 1216 1404 oboedientiam
1267 1355 1595 1420 custodirent,
1641 1362 1810 1405 utrum

130 1434 317 1481 animae
359 1447 419 1480 an
467 1432 689 1495 corporis
736 1445 796 1478 an
850 1431 1002 1478 totius
1042 1429 1253 1477 hominis
1293 1444 1352 1477 an
1393 1428 1524 1477 illam
1564 1444 1688 1492 quae
1729 1445 1809 1494 ap·
1846 1438 1898 1477 15

130 1505 340 1570 pellatur
371 1505 607 1554 secunda:
647 1502 1046 1568 respondendum
1081 1509 1176 1552 est:
1217 1501 1413 1551 Omnes
1474 1502 1639 1551 Prima
1681 1505 1810 1551 enim

131 1586 324 1628 constat
377 1594 436 1627 ex
491 1577 705 1644 duahUS,
761 1575 1023 1639 [secunda]
1083 1591 1141 1624 ex
1196 1575 1424 1624 omnihus
1479 1582 1594 1624 tota.
1674 1575 1811 1624 Sicut

130 1654 261 1701 enim
300 1654 528 1701 universa
575 1659 708 1700 terra
755 1666 814 1699 ex
853 1649 1020 1698 multis
1060 1650 1207 1698 terris
1248 1656 1297 1697 et
1335 1650 1564 1697 universa
1605 1649 1811 1698 ecclesia

131 1742 190 1774 ex
223 1725 390 1775 multis
424 1731 616 1774 constat
648 1724 891 1772 ecelesiis:
932 1725 1002 1770 sio
1035 1724 1263 1771 universa
1297 1737 1429 1770 mors
1469 1737 1527 1770 ex
1568 1721 1809 1771 omnibus

132 1799 374 1857 Quoniam
404 1801 563 1863 prima
595 1803 788 1846 constat
812 1811 871 1844 ex
904 1795 1110 1861 duabus,
1149 1810 1247 1843 una
1279 1797 1483 1859 animae,
1522 1794 1673 1843 altera
1704 1811 1810 1844 eor·
1845 1805 1899 1843 20

130 1875 287 1938 poris3
326 1880 382 1921 ut
422 1874 485 1920 sit
523 1873 681 1937 prima
719 1871 872 1919 totius
911 1868 1122 1917 hominis
1162 1883 1310 1934 morS,
1351 1883 1464 1917 eum
1505 1870 1664 1916 anima
1705 1870 1809 1917 sine

131 1946 231 1994 Deo
265 1952 314 1994 et
346 1948 451 1994 sine
477 1959 684 2009 corpore
718 1943 777 1992 ad
817 1949 1012 2006 tempus
1050 1956 1233 2006 poenas
1272 1941 1384 2006 luit3
1426 1941 1641 1990 secunda
1679 1957 1810 2007 vero,

131 2019 213 2068 ubi
263 2021 421 2067 anima
469 2020 576 2066 sine
623 2017 723 2066 Deo
773 2031 886 2065 oum
933 2030 1140 2079 corpore
1195 2030 1377 2079 poenas
1438 2021 1662 2063 aeternas
1706 2014 1810 2064 luit.

131 2092 336 2151 Quando
378 2107 494 2155 ergo
528 2091 650 2139 dixit
681 2090 811 2139 Deus
850 2090 1009 2153 primo
1049 2088 1119 2137 illi
1157 2087 1358 2154 homini,
1398 2103 1544 2152 quem
1583 2089 1634 2136 in
1672 2103 1810 2152 para-

129 2166 236 2214 diso
277 2167 614 2230 oonstituerat,
654 2163 714 2212 de
755 2163 864 2212 cibo
903 2164 1076 2211 vetito:
1123 2163 1448 2222 Quacumque
1486 2163 1568 2210 die
1606 2164 1811 2210 ederitis
1844 2169 1899 2208 25

130 2255 196 2289 ex
227 2243 324 2300 ill0,
364 2244 522 2288 morte
553 2239 856 2286 moriemini:
895 2251 994 2284 non
1033 2241 1231 2284 tantum
1262 2237 1448 2299 primae
1488 2236 1661 2283 mortis
1700 2250 1808 2298 par-

130 2321 230 2361 tem
267 2314 509 2377 priorem,
547 2310 652 2359 uhi·
673 2312 831 2358 anima
869 2310 1090 2374 privatur
1129 2308 1246 2374 Deo,
1286 2323 1377 2357 nec
1417 2314 1607 2357 tantum
1643 2314 1806 2371 poste-

131 2388 328 2450 riorem,
358 2385 444 2434 uhi
477 2399 657 2448 corpus
689 2385 910 2448 privatur
941 2384 1114 2447 anima,
1154 2397 1245 2430 nec
1278 2381 1437 2430 soliun
1467 2382 1622 2445 ipsam
1655 2386 1807 2428 totam

130 2461 352 2524 primam,
390 2457 477 2507 uhi
516 2459 675 2506 anima
713 2463 763 2505 et
801 2472 828 2505 a
866 2455 967 2504 Deo
1008 2463 1057 2504 et
1095 2470 1122 2503 a
1162 2470 1368 2518 corpore
1409 2459 1630 2517 separata
1667 2454 1807 2516 puni·

131 2539 234 2597 tur3
275 2531 361 2580 sed
402 2530 639 2596 quidquid
679 2532 852 2579 mortis
892 2536 967 2578 est
1005 2543 1163 2592 usque
1203 2527 1262 2575 ad
1302 2528 1635 2590 novissimam,
1684 2540 1806 2589 quae
1841 2534 1897 2573 30

132 2605 347 2654 secunda
385 2604 587 2670 dicitur,
635 2618 730 2667 qua
778 2610 854 2652 est
893 2601 1023 2650 nulla
1065 2602 1333 2666 posterior,
1380 2599 1690 2648 comminatio
1730 2597 1810 2646 illa

132 2678 383 2743 complexa
422 2685 510 2727 est.

253 2867 303 2905 17
339 2862 538 2906 secunda
569 2874 651 2907 om.
693 2861 778 2905 VA
801 2863 816 2917 ΙΙ
841 2866 896 2905 26
929 2874 984 2904 ex
1014 2873 1067 2904 eo
1098 2872 1124 2902 υ
