2020 3122
526 149 590 180 DE
616 148 854 180 mvrrA'rE
877 149 967 181 Dm
989 150 1030 181 L.
1056 150 1146 183 vn.
1171 151 1208 183 c.
1232 153 1286 184 11.
1312 153 1363 183 12.
1678 141 1785 192 289

105 258 349 312 Rumina?
426 260 478 308 Si
526 261 656 309 enim
709 261 961 308 maiestate
1002 260 1207 310 deorum
1246 270 1381 311 recte
1420 262 1676 312 videbatur
1714 265 1785 312 in·

106 336 328 401 dignum,
374 341 431 383 ut
468 335 520 382 in
560 348 656 383 una
705 335 842 397 spica
881 333 1004 382 alter
1045 334 1103 382 ad
1144 350 1311 383 curam
1351 336 1587 402 geniculi,
1635 337 1787 386 altera

105 409 162 459 ad
197 407 399 457 folliculi
430 409 726 472 pertineret:
766 412 948 470 quanto
982 414 1057 455 est
1095 407 1345 471 indignius
1384 425 1531 458 unam
1571 426 1675 458 rem
1715 412 1786 460 in-

112 483 295 548 fimam,
342 481 390 530 id
431 487 507 530 est
546 487 601 529 ut
639 482 864 528 mammis
905 479 1096 528 alantur
1136 481 1384 547 animalia,
1423 481 1633 532 duorum
1674 483 1785 533 deo-

109 571 218 606 rum
255 560 499 620 potestate
539 555 718 619 curari,
758 568 970 618 quorum
1011 554 1074 602 sit
1112 568 1242 602 unus
1282 553 1516 620 Iuppiter,
1556 572 1642 605 rex
1682 559 1786 621 ipse
1820 566 1845 606 5

109 635 419 694 cunctorum,
459 635 508 677 et
539 627 631 676 hoc
668 634 776 691 agat
808 642 907 675 non
948 626 1117 675 saltem
1160 642 1272 675 cum
1314 630 1519 692 coniuge
1562 645 1662 695 sna,
1702 631 1789 679 sed

109 717 221 752 cum
252 701 456 767 ignobili
488 702 656 750 nescio
697 716 791 765 qua
832 700 1056 766 Rumina,
1096 701 1191 748 nisi
1230 703 1343 764 quia
1383 703 1488 765 ipse
1530 709 1605 750 est
1643 705 1788 751 etiam

109 779 212 842 ipsa
252 775 483 841 Rumina3
531 774 775 824 Ruminus
823 775 1031 823 fortasse
1078 789 1170 838 pro
1219 774 1510 838 sugentibus
1558 775 1790 840 marihUS,

108 849 315 900 Rumina
356 864 446 914 pro
487 849 697 897 feminis
775 847 1000 896 Dicerem
1048 849 1228 912 quippe
1276 848 1492 897 noluisse
1543 848 1651 897 illos
1689 848 1790 898 Iovi

107 925 396 973 femininum
429 937 609 971 nomen
640 923 894 987 inponere,
934 923 1030 969 nisi
1070 928 1118 970 et
1156 923 1206 970 in
1247 921 1343 970 illis
1382 921 1608 971 versibus
1646 939 1787 988 „pro-
1825 934 1878 973 10

106 998 298 1062 genitor
329 991 685 1061 genetrixque“
715 995 980 1060 diceretur,
1005 1002 1055 1043 et
1086 997 1217 1043 inter
1248 996 1353 1044 eius
1386 994 1475 1044 alia
1501 999 1789 1060 cognomina

32 1118 39 1124 .
105 1070 335 1136 legerem,
376 1069 506 1134 quod
548 1071 692 1119 etiam
725 1069 940 1118 Pecunia
979 1075 1255 1134 vocaretur,
1295 1084 1440 1133 quam
1481 1069 1620 1117 deam
1659 1072 1790 1118 inter

106 1144 214 1193 illos
268 1143 647 1193 minuscularios
701 1144 976 1191 invenimus
1032 1149 1081 1190 et
1142 1145 1191 1190 in
1249 1150 1423 1206 quarto
1480 1142 1606 1191 libro
1659 1158 1788 1192 com·

47 1213 53 1219 ’
109 1219 501 1267 memoravimus.
580 1216 675 1265 Sed
732 1232 847 1265 cnm
901 1223 950 1264 et
1004 1230 1164 1264 mares
1218 1223 1266 1264 et
1320 1217 1528 1265 feminae
1580 1216 1789 1266 habeant

107 1293 384 1358 pecuniam,
425 1307 515 1340 cur
553 1305 651 1340 non
693 1298 742 1339 et
779 1289 995 1338 Pecunia
1035 1295 1083 1338 et
1115 1289 1363 1338 Pecunius
1403 1289 1671 1355 appellatus
1712 1293 1789 1356 sit,
1825 1301 1876 1340 15

109 1367 238 1415 sicut
276 1365 487 1414 Rumina
528 1372 575 1413 et
616 1363 873 1429 RuminUS,
911 1365 1006 1428 ipsi
1046 1363 1272 1412 viderint.

768 1549 963 1604 CAPUT
997 1550 1119 1604 XII.

329 1660 475 1718 Quod
513 1659 742 1721 Iuppiter
781 1661 931 1707 etiam
972 1658 1200 1707 Pecunia
1240 1664 1575 1720 nuncupetur.

261 1761 418 1820 Quam
457 1777 573 1810 vero
613 1761 864 1825 eleganter
912 1762 1154 1809 rationem
1192 1760 1339 1809 huius
1379 1763 1590 1809 nominis
1630 1761 1789 1810 reddi-

111 1834 312 1885 derunt!
368 1834 467 1902 „Et
520 1835 759 1901 Pecunia,
815 1836 997 1899 inquit,
1046 1841 1268 1899 vocatur,
1324 1833 1454 1897 quod
1517 1836 1623 1883 eius
1677 1842 1792 1883 sunt
1824 1844 1881 1882 20

112 1904 320 1958 omnia.“
395 1908 435 1958 Ο
476 1923 699 1973 magnam
739 1909 980 1956 rationem
1019 1906 1170 1955 divini
1210 1906 1441 1956 nominis!
1481 1906 1634 1956 Immo
1674 1923 1790 1957 vero

111 1983 208 2049 ille,
248 1984 390 2032 cuius
430 1988 546 2031 sunt
585 1983 770 2047 omnia,
809 1980 1040 2029 vilissime
1082 1988 1131 2029 et
1169 1980 1662 2030 contumeliosissime
1701 1981 1790 2030 Pe·

113 2058 258 2106 cunia
306 2061 635 2120 nuncupatur.
711 2054 783 2102 Ad
832 2055 992 2102 omnia
1034 2056 1186 2114 enim,
1234 2069 1357 2118 quae
1399 2054 1531 2102 caelo
1573 2064 1622 2104 et
1659 2061 1791 2104 terra

113 2131 456 2195 continentur,
503 2128 620 2193 quid
668 2134 745 2177 est
782 2130 991 2192 pecunia
1028 2129 1080 2176 in
1121 2127 1349 2177 omnibus
1388 2130 1587 2176 omnino
1626 2128 1791 2192 rebuS,

115 2219 238 2268 quae
290 2202 348 2252 ab
397 2201 680 2251 hominibus
727 2203 925 2250 nomine
975 2202 1212 2265 pecuniae
1264 2198 1616 2265 possidentur?
1695 2201 1789 2250 Sed
1825 2210 1879 2249 25

115 2278 347 2326 nimirum
384 2275 478 2325 hoc
534 2277 733 2324 avaritia
771 2274 872 2323 Iovi
911 2289 1091 2323 nomen
1130 2277 1378 2339 inposuit,
1432 2283 1513 2340 ut,
1568 2277 1791 2339 quisquis

114 2357 240 2399 amat
277 2351 564 2415 pecuniam,
620 2364 718 2397 non
766 2347 1034 2412 quemlibet
1081 2348 1247 2413 deum,
1300 2348 1385 2396 sed
1424 2350 1586 2413 ipsum
1624 2364 1791 2413 regem

115 2425 333 2472 omnium
388 2422 482 2472 sibi
536 2437 697 2482 amare
747 2421 985 2470 videatur.
1061 2420 1226 2486 Longe
1276 2429 1438 2471 autem
1479 2422 1607 2470 aliud
1647 2429 1791 2486 esset,

115 2499 157 2546 si
195 2497 389 2546 divitiae
438 2503 711 2544 vocaretur.
788 2495 931 2544 Aliud
977 2510 1187 2559 namque
1230 2502 1345 2544 sunt
1384 2495 1607 2559 divitiae,
1660 2493 1788 2542 aliud

113 2571 334 2634 pecunia.
413 2569 535 2618 Nam
582 2569 790 2618 dicimus
837 2568 1012 2617 divites
1063 2570 1336 2634 sapienteS,
1392 2571 1568 2631 iustOS,
1619 2566 1788 2630 bonos,
1821 2575 1876 2612 30

229 2714 306 2768 13)
341 2711 386 2755 O.
420 2716 492 2756 21.

226 2877 283 2916 20
314 2872 466 2928 inquit:
496 2871 634 2915 A¹K¹
664 2873 794 2926 (290,
825 2876 890 2917 28
921 2875 1059 2927 sqq.);
1091 2869 1305 2925 inquiunt
1336 2882 1359 2911 v

201 2961 297 2987 Auo.
323 2962 375 2985 nr.
401 2962 478 2988 cnr.
502 2962 582 2985 Dm.
607 2955 637 2985 1.
1384 2948 1434 2985 19
