2020 3122
543 172 611 203 DE
636 170 875 204 CIVITATE
899 171 989 203 DEI
1012 172 1056 204 L.
1082 172 1158 206 111.
1184 173 1222 205 c.
1246 175 1299 206 10.
1668 143 1771 216 103}

83 300 141 334 ac
179 299 280 334 non
309 285 475 349 potius
514 282 782 347 plurimum
822 283 954 350 boni,
995 285 1036 332 si
1075 299 1131 332 ea
1170 291 1391 349 tempora
1430 286 1773 354 perdurarent,

84 374 208 423 quae
259 358 552 422 perstrinxit
600 356 886 422 Sallustius,
935 356 1021 406 ubi
1071 359 1158 407 ait:
1208 358 1394 424 „Igitur
1439 362 1579 409 initio
1630 376 1773 425 reges

23 455 27 459 -
83 428 225 499 (nam
269 433 320 480 in
368 433 516 480 terris
563 445 744 480 nomen
790 432 986 496 imperii
1040 431 1090 479 id
1145 434 1361 495 primum
1416 429 1532 501 fuit)
1593 433 1774 483 diversi

82 521 198 572 pars
252 507 528 571 ingenium,
590 504 672 554 alii
735 519 916 569 corpus
972 504 1289 571 exercebant3
1361 508 1615 556 etiamtum
1677 510 1774 557 vita

83 580 338 635 hominum
399 581 506 628 sine
568 578 835 644 cupiditate
899 578 1199 644 agitabatur,
1263 594 1350 628 sua
1413 582 1590 645 cuique
1654 584 1771 630 satis
1805 590 1830 630 5

83 648 387 718 placebant.“
462 652 536 701 An
575 660 631 702 ut
670 658 770 701 tam
810 652 1018 702 multum
1067 659 1334 717 augeretur
1372 655 1650 721 imperium,
1690 655 1771 704 de-

81 727 191 776 buit
229 727 338 776 fieri
377 727 509 791 quod
547 726 791 790 Vergilius
831 726 1120 793 detestatur,
1160 726 1352 776 dicens:

228 832 461 881 Deterior
500 831 653 879 donec
690 831 936 893 paulatim
974 847 1032 879 ac
1071 831 1269 879 decolor
1308 833 1447 880 aetas

229 907 297 954 Et
333 906 457 954 belli
494 905 658 953 rabies
699 908 750 953 et
789 920 928 954 amor
968 905 1207 954 successit
1246 905 1496 953 habendi?

82 1007 181 1057 Sed
219 1007 362 1073 plane
400 1022 491 1072 pro
517 1009 666 1056 tantis
691 1006 832 1056 bellis
872 1009 1117 1071 susceptis
1157 1013 1207 1056 et
1245 1009 1397 1071 gestis
1436 1009 1566 1056 iusta
1605 1008 1773 1056 defen·
1807 1018 1863 1057 10

82 1083 155 1130 sio
195 1081 531 1130 Romanorum
572 1089 672 1147 est,
712 1081 842 1144 quod
883 1080 1198 1130 inruentibus
1239 1080 1333 1129 sibi
1372 1083 1636 1146 inportune
1677 1083 1768 1130 ini-

80 1156 221 1204 micis
271 1157 506 1204 resistere
558 1154 763 1218 cogebat
814 1170 913 1203 non
968 1154 1170 1203 aviditas
1218 1154 1560 1219 adipiscendae
1612 1155 1769 1204 laudis

78 1228 334 1295 humanae,
375 1228 462 1277 sed
500 1230 771 1277 necessitas
810 1228 1021 1277 tuendae
1064 1228 1234 1277 salutis
1275 1235 1323 1277 et
1362 1229 1619 1278 libertatis
1696 1229 1768 1277 Ita

81 1304 145 1352 sit
182 1302 339 1367 plane.
416 1301 538 1350 Nam
584 1309 877 1368 „postquam
917 1317 998 1350 res
1039 1317 1233 1368 eorum,
1282 1303 1411 1351 sicut
1451 1302 1625 1351 scribit
1662 1304 1768 1366 ipse

82 1375 356 1442 SallustiUS,
395 1375 587 1440 legibus
612 1375 835 1425 moribus
860 1377 990 1440 agris
1015 1382 1157 1424 aucta
1198 1377 1315 1424 satis
1354 1391 1592 1440 prospera
1633 1377 1770 1424 satis·
1807 1384 1861 1424 15

80 1465 176 1514 que
215 1449 406 1514 pollens
430 1449 703 1516 videbatur,
744 1451 891 1498 sicuti
914 1448 1150 1514 pleraque
1191 1449 1472 1498 mortalium
1511 1448 1771 1516 habentur,

80 1523 258 1572 invidia
299 1539 359 1572 ex
398 1523 650 1588 opulentia
674 1530 782 1572 orta
814 1530 903 1573 est.
980 1523 1135 1588 Igitur
1174 1538 1318 1587 reges
1357 1523 1624 1588 populique
1665 1524 1771 1571 fini-

80 1599 187 1646 timi
241 1597 368 1646 bello
421 1603 688 1663 temptare3
743 1599 889 1662 pauci
936 1612 996 1646 ex
1045 1598 1213 1646 amicis
1260 1597 1440 1646 auxilio
1490 1612 1619 1662 esse,
1660 1612 1771 1646 nam

81 1673 235 1720 ceteri
260 1678 396 1720 metu
420 1671 639 1736 perculsi
679 1686 705 1719 a
743 1670 980 1736 periculis
1006 1670 1222 1720 aberant.
1299 1670 1361 1720 At
1392 1671 1599 1719 Romani
1640 1671 1772 1719 domi

80 1745 380 1809 militiaeque
427 1747 607 1794 intenti
653 1745 888 1794 festinare
937 1760 1136 1811 parare,
1189 1744 1314 1794 alius
1372 1744 1521 1794 alium
1567 1744 1771 1810 hortari,
1805 1753 1861 1793 20

79 1817 306 1868 hostibus
345 1818 538 1868 obviam
560 1821 649 1884 ire,
687 1818 967 1868 libertatem
1005 1821 1214 1883 patriam
1252 1826 1581 1883 parentesque
1621 1819 1770 1866 armis

79 1898 262 1956 tegere.
338 1892 457 1942 Post
481 1892 567 1942 ubi
591 1892 812 1957 pericula
836 1894 1018 1941 virtute
1059 1892 1396 1958 propulerant,
1434 1893 1582 1940 sociis
1621 1899 1768 1955 atque

79 1967 251 2018 ,amicis
275 1966 454 2015 auxilia
477 1966 740 2031 portabant
778 1967 1030 2030 magisque
1071 1966 1244 2015 dandis
1284 1981 1428 2030 quam
1470 1965 1769 2030 accipiendis

82 2037 334 2089 beneficiis
374 2042 612 2089 amicitias
641 2034 926 2104 parabant.“
1001 2039 1245 2089 Decenter
1283 2039 1360 2088 his
1401 2039 1591 2089 artibus
1615 2038 1770 2088 Roma

83 2115 250 2164 crevit.
329 2113 425 2162 Sed
482 2120 718 2178 regnante
772 2113 962 2179 Numa,
1014 2122 1072 2163 ut
1126 2120 1226 2162 tam
1279 2114 1422 2178 longa
1476 2128 1570 2178 pax
1623 2120 1770 2178 esset,
1803 2120 1858 2159 25

52 2191 250 2236 ‘utrum
303 2187 570 2238 inruebant
619 2186 818 2252 inprobi
866 2187 1094 2252 belloque
1152 2187 1482 2253 temptabant,
1533 2202 1595 2235 an
1648 2186 1770 2234 nihil

83 2274 255 2309 eorum
279 2261 442 2327 fiebat,
479 2269 536 2310 ut
558 2267 727 2326 posset
763 2276 858 2326 pax
897 2261 977 2310 illa
1007 2259 1317 2326 persistere?
1366 2261 1418 2310 Si
1458 2262 1590 2309 enim
1627 2259 1769 2308 bellis

85 2335 232 2383 etiam
269 2341 376 2384 tum
399 2335 554 2384 Roma
592 2335 928 2385 lacessebatur
966 2350 1059 2384 nec
1099 2338 1248 2384 armis
1289 2350 1423 2384 arma
1461 2333 1603 2383 obvia
1642 2334 1767 2382 fere-

82 2404 282 2458 bantur:
330 2408 510 2472 quibus
559 2409 717 2458 modis
757 2409 1015 2475 agebatur,
1062 2416 1119 2458 ut
1157 2409 1290 2458 nulla
1327 2423 1491 2473 pugna
1533 2407 1766 2471 superati,

82 2479 215 2530 nullo
253 2481 427 2531 Martio
473 2483 662 2547 impetu
708 2485 871 2532 territi
918 2483 1210 2532 sedarentur
1248 2483 1457 2547 inimici,
1495 2481 1571 2528 his
1610 2479 1767 2528 modis
1799 2487 1856 2526 30

88 2567 283 2618 semper
314 2563 545 2620 ageretur
569 2564 619 2606 et
643 2571 840 2621 semper
864 2556 1018 2605 Roma
1058 2556 1237 2605 clausis
1261 2555 1364 2604 Iani
1402 2555 1559 2619 portis
1597 2559 1767 2616 pacata

83 2635 325 2691 regnaret.
402 2629 544 2687 Quod
584 2632 625 2678 si
664 2631 716 2679 in
754 2636 997 2695 potestate
1039 2645 1138 2678 non
1178 2630 1285 2694 fuit,
1324 2643 1423 2677 non
1463 2641 1579 2689 ergo
1613 2624 1766 2673 Roma

201 2769 245 2824 6)
277 2768 375 2815 Cat.
409 2776 448 2815 2.
511 2773 556 2826 9)
587 2771 702 2815 Aen,
735 2776 776 2826 8,
810 2776 895 2816 326
929 2786 994 2827 sq.
1057 2772 1131 2827 24)
1165 2769 1263 2814 Cat.
1297 2773 1337 2812 6.

202 2902 258 2944 15
289 2900 493 2960 legibus]
529 2901 706 2947 civibus
740 2902 854 2947 Sall.
