2020 3122
154 954 208 994 10

154 1321 208 1361 15

151 1807 206 1847 20

156 2232 210 2271 25

154 2601 209 2641 30

241 159 348 212 248
921 168 956 203 s.
979 167 1252 204 AUGUSTIM
1320 178 1323 181 v

241 282 461 347 potuisse
502 280 783 331 credamus:
828 282 946 349 iste,
991 282 1215 348 inquam,
1262 282 1336 330 vir
1375 286 1541 329 tantus
1580 281 1776 345 ingenio
1815 285 1920 330 tan-

241 362 421 420 tusque
477 355 725 422 doctrina,
780 357 821 404 si
875 370 1046 405 rerum
1098 355 1231 404 velut
1278 354 1578 414 divinarum,
1633 353 1692 402 de
1742 353 1920 418 quihus

242 429 435 494 scribit,
476 436 785 494 oppugnator
825 435 956 478 esset
996 435 1142 493 atque
1181 427 1464 478 destructor
1503 442 1684 492 easque
1723 442 1822 476 non
1861 428 1920 477 ad

242 502 544 569 religionem,
584 503 670 552 sed
702 502 762 551 ad
787 504 1190 568 superstitionem
1221 501 1410 551 diceret
1447 503 1714 566 pertinere,
1752 503 1920 550 nescio

242 583 411 626 utrum
450 582 550 626 tam
588 576 739 626 multa
786 577 837 625 in
885 578 956 625 eis
995 576 1198 625 ridenda
1239 575 1597 624 contemnenda
1636 574 1922 624 detestanda

241 642 592 699 conscriberet.
669 649 791 700 Cum
838 665 954 699 vero
1002 649 1120 698 deos
1169 649 1366 699 eosdem
1405 651 1473 698 ita
1512 648 1721 698 coluerit
1760 647 1921 698 colen-

242 723 429 788 dosque
470 725 743 790 censuerit,
782 730 839 773 ut
877 725 929 772 in
969 738 1027 772 eo
1066 724 1172 788 ipso
1214 738 1363 787 opere
1402 723 1679 772 litterarum
1720 736 1921 771 suarum

241 796 370 846 dicat
402 812 454 846 se
479 798 654 847 timere
680 813 740 846 ne
773 803 993 863 pereant,
1033 811 1132 845 non
1156 797 1363 845 incursu
1394 796 1576 862 hostili,
1615 796 1702 845 sed
1742 797 1923 845 civium

239 870 561 937 neglegentia,
601 871 661 920 de
693 886 788 935 qua
819 870 928 919 illos
966 869 1100 919 velut
1138 871 1282 919 ruina
1319 869 1520 918 liberari
1558 885 1585 918 a
1623 885 1675 918 se
1715 869 1835 919 dicit
1873 875 1924 918 et

239 945 290 992 in
330 946 565 993 memoria
603 943 848 993 bonorum
894 959 984 1008 per
1025 945 1130 992 eius
1172 943 1303 991 modi
1340 942 1494 992 libros
1534 942 1737 992 recondi
1775 948 1921 1007 atque

240 1019 427 1066 servari
482 1017 679 1066 utiliore
736 1031 877 1083 cura,
932 1031 1079 1080 quam
1125 1016 1351 1065 Metellus
1399 1017 1459 1066 de
1505 1017 1734 1066 incendio
1783 1031 1921 1066 sacra

239 1089 447 1139 Vestali‘a
499 1097 547 1139 et
593 1090 781 1140 Aeneas
828 1090 887 1139 de
935 1089 1148 1139 Troiano
1201 1089 1389 1139 excidio
1434 1096 1638 1155 penates
1683 1089 1921 1139 liberasse

237 1164 571 1230 praedicatur3
622 1170 672 1213 et
710 1171 876 1213 tamen
915 1179 972 1212 ea
1011 1163 1217 1229 legenda
1256 1164 1464 1213 saeculis
1502 1164 1690 1230 prodit,
1731 1178 1855 1228 quae
1896 1179 1923 1213 a

238 1236 542 1302 sapientibus
590 1244 639 1287 et
688 1236 1037 1302 insipientibus
1088 1239 1265 1287 merito
1324 1237 1579 1288 abicienda
1629 1243 1679 1287 et
1727 1239 1923 1287 veritati

239 1310 491 1375 religionis
542 1313 880 1360 inimicissima
930 1311 1235 1361 iudicentur:
1291 1311 1408 1376 quid
1455 1313 1734 1361 existimare
1775 1310 1922 1360 debe-

239 1399 348 1434 mus
372 1387 468 1434 nisi
493 1384 741 1434 hominem
773 1387 1070 1434 acerrimum
1112 1400 1169 1435 ac
1208 1387 1580 1451 peritissimum,
1619 1401 1719 1434 non
1758 1390 1922 1434 tamen
1987 1396 1990 1399 ·

240 1465 409 1507 sancto
467 1458 655 1524 Spiritu
709 1459 943 1526 liberum,
999 1474 1295 1525 oppressum
1341 1459 1494 1508 fuisse
1542 1474 1658 1508 suae
1712 1460 1922 1508 civitatis

239 1533 595 1582 consuetudine
644 1548 698 1582 ac
747 1532 960 1599 legibuS,
1007 1539 1058 1582 et
1103 1540 1268 1583 tamen
1315 1548 1371 1582 ea
1418 1532 1597 1598 quibus
1636 1531 1924 1582 movebatur

240 1604 331 1654 sub
372 1608 534 1671 specie
575 1606 990 1657 commendandae
1030 1606 1281 1672 religionis
1321 1614 1486 1656 tacere
1526 1606 1760 1656 noluisse.

918 1794 1111 1850 CAPUT
1144 1794 1240 1848 III.

283 1901 424 1959 Quae
461 1903 527 1951 sit
558 1906 771 1965 partitio
822 1903 1067 1952 Varronis
1105 1904 1352 1952 librorum
1388 1914 1616 1962 suorum,
1657 1915 1780 1962 quos
1821 1902 1884 1950 de

379 1978 764 2036 antiquitatibus
804 1991 978 2026 rerum
1015 1978 1355 2025 humanarum
1394 1977 1783 2037 divinarumque

931 2052 1219 2113 composuit.
1597 2061 1611 2073 ·

389 2150 719 2215 Quadraginta
764 2167 918 2200 unum
967 2151 1120 2201 libros
1169 2153 1367 2218 scripsit
1414 2154 1782 2217 antiquitatum3
1831 2149 1923 2200 hos

244 2224 294 2270 in
332 2238 413 2271 res
453 2223 689 2272 humanas
735 2223 1020 2289 divinasque
1061 2225 1247 2292 divisit,
1294 2224 1445 2274 rebus
1483 2225 1709 2274 humanis
1750 2225 1924 2289 viginti

241 2298 473 2362 quinque,
513 2297 688 2345 divinis
721 2297 935 2347 sedecim
975 2298 1163 2365 tribuit,
1201 2301 1346 2347 istam
1386 2305 1586 2348 secutus
1624 2300 1676 2347 in
1716 2313 1771 2347 ea
1810 2313 1921 2362 par-

240 2371 414 2418 titione
447 2371 702 2436 rationem,
741 2377 797 2419 ut
828 2386 998 2420 rerum
1036 2371 1362 2421 humanarum
1400 2371 1556 2420 libros
1597 2386 1742 2420 senos
1783 2377 1922 2435 quat-

241 2450 355 2492 tuor
393 2442 615 2508 partibus
655 2444 808 2493 daret.
884 2444 1101 2494 Intendit
1139 2447 1269 2494 enim
1310 2447 1395 2509 qui
1434 2451 1601 2510 agant,
1639 2444 1725 2494 ubi
1764 2450 1922 2511 agant,

243 2517 437 2580 quando
470 2524 630 2583 agant,
671 2517 788 2582 quid
819 2524 977 2582 agant.
1054 2517 1110 2566 In
1143 2534 1228 2567 sex
1259 2520 1423 2582 itaque
1455 2519 1628 2582 primis
1669 2519 1727 2567 de
1767 2517 1922 2566 homi-

242 2589 387 2639 nibus
435 2593 654 2657 scripsit,
707 2593 758 2639 in
807 2591 1037 2640 secundis
1085 2607 1170 2640 sex
1217 2591 1276 2640 de
1323 2591 1466 2656 lociS,
1521 2607 1607 2640 sex
1646 2593 1821 2640 tertios
1861 2590 1923 2639 de

242 2663 568 2730 temporibus,
619 2679 705 2713 sex
755 2670 957 2729 quartos
1006 2664 1302 2728 eosdemque
1351 2671 1630 2729 postremos
1670 2665 1730 2714 de
1770 2663 1921 2714 rebus

188 2809 197 2816 ·
242 2736 461 2789 absolvit,
518 2737 703 2795 Quater
735 2744 899 2787 autem
932 2739 1039 2787 seni
1069 2739 1242 2801 viginti
1274 2745 1322 2787 et
1355 2744 1589 2802 quattuor
1628 2739 1766 2787 fiunt.
1823 2736 1922 2786 Sed

362 2898 416 2937 10
448 2893 585 2938 huius
615 2907 640 2938 v
665 2896 680 2951 ΙΙ
707 2899 758 2938 13
792 2893 1120 2951 praedicantur
1150 2907 1175 2938 v
