2020 3122
556 133 623 164 DE
644 131 884 165 CIVITATE
909 132 998 164 DEI
1021 133 1061 164 L.
1086 132 1133 164 x.
1159 132 1195 165 c.
1221 132 1274 165 24.
1299 131 1350 165 25.
1693 119 1804 172 439

115 243 352 292 (laremur
397 249 543 307 atque
593 258 880 292 sanaremur
926 258 1016 307 per
1060 243 1154 292 hoc
1202 244 1332 308 quod
1382 258 1577 293 eramus
1617 250 1666 293 et
1706 259 1805 293 non

121 331 331 366 eramus,
406 315 615 365 Eramus
664 318 795 365 enim
847 316 1094 382 homineS,
1142 317 1229 366 sed
1275 318 1394 366 iusti
1445 332 1545 366 non
1585 318 1804 383 eramus3

123 392 175 438 in
199 389 329 439 illius
355 396 519 439 autem
542 391 880 439 incarnatione
913 396 1089 439 natura
1126 390 1338 439 humana
1378 397 1497 456 erat,
1537 390 1623 440 sed
1662 393 1806 458 iusta,

124 478 223 512 non
262 466 511 529 peccatrix
552 469 671 512 erat.
748 462 879 512 Haec
906 470 981 512 est
1020 463 1265 529 mediatio,
1306 480 1401 528 qua
1440 479 1614 514 manus
1653 465 1804 530 lapsis

120 537 493 602 iacentibusque
525 542 754 602 porrecta
793 543 888 602 est3
928 536 1022 586 hoc
1062 544 1137 586 est
1178 552 1346 586 semen
1387 538 1680 602 dispositum
1717 553 1808 603 per
1840 548 1866 587 5

119 611 341 676 angeloS‚
391 613 441 660 in
491 626 703 675 quorum
750 610 923 660 edictis
972 617 1021 660 et
1059 610 1139 659 lex
1179 610 1406 677 dabatur,
1455 626 1551 674 qua
1590 618 1639 660 et
1677 627 1806 661 unus

119 683 251 733 Deus
299 684 393 734 coli
438 683 701 734 iubebatur
748 691 797 733 et
847 684 927 733 hic
977 683 1216 734 Mediator
1263 691 1502 733 venturus
1552 687 1806 749 promitte-

118 756 279 807 batur.

763 887 960 941 CAPUT
992 887 1160 940 XXV.

126 994 305 1044 Omnes
354 1000 557 1043 sanctos
607 1000 656 1043 et
701 996 793 1044 sub
845 997 969 1055 ἱερεῖς
1020 1001 1241 1056 tempore
1296 999 1344 1043 et
1396 976 1510 1043 sub*
1537 995 1804 1056 prioribus
1839 1004 1893 1043 10

113 1070 335 1117 saeculis
376 1070 427 1117 in
472 1074 792 1118 sacramento
842 1073 892 1118 et
922 1071 1028 1128 fide
1073 1069 1263 1117 Christi
1302 1069 1598 1128 iustificatos
1632 1067 1807 1129 fuisse.

266 1170 424 1220 Huius
473 1173 767 1220 sacramenti
819 1170 912 1220 fide
965 1173 1110 1220 etiam
1165 1172 1284 1220 iusti
1339 1172 1527 1235 antiqui
1579 1171 1808 1220 mundari

116 1246 196 1309 pie
252 1244 458 1293 vivendo
513 1251 805 1311 potuerunt,
861 1260 959 1293 non
1008 1244 1166 1293 solum
1207 1251 1470 1308 antequam
1507 1243 1586 1293 lex
1625 1244 1806 1309 populo

79 1380 81 1382 ,
117 1317 342 1368 Hebraeo
394 1318 596 1367 daretur
646 1313 831 1385 (neque
891 1320 1023 1367 enim
1079 1320 1149 1367 eis
1196 1318 1506 1382 praedicator
1551 1318 1684 1367 Deus
1732 1318 1808 1367 vel

116 1391 279 1456 angeli
332 1387 644 1458 defuerunt),
700 1392 787 1441 sed
841 1393 997 1457 ipsius
1053 1407 1250 1456 quoque
1305 1391 1427 1456 legis
1482 1391 1805 1457 temporibuS,
1842 1402 1895 1441 15

117 1467 339 1530 quamvis
393 1467 444 1514 in
499 1466 670 1530 figuris
725 1481 896 1515 rerum
959 1465 1255 1530 spiritalium
1315 1465 1498 1514 habere
1554 1465 1807 1514 videretur

117 1540 360 1604 promissa
415 1539 649 1606 carnalia,
703 1546 907 1605 propter
953 1538 1086 1603 quod
1132 1545 1274 1588 vetus
1322 1539 1504 1588 dicitur
1543 1546 1806 1588 testamen-

122 1620 241 1662 tum.
319 1612 441 1661 Nam
481 1619 532 1661 et
569 1613 838 1678 prophetae
880 1619 998 1662 tunc
1040 1620 1201 1678 erant,
1240 1628 1331 1677 per
1371 1628 1510 1678 (11105,
1551 1615 1679 1661 sicut
1718 1628 1807 1677 per

117 1686 318 1751 angelos
332 1726 346 1752 ‚
393 1686 564 1735 eadem
609 1689 872 1751 promissio
919 1686 1199 1751 praedicata
1248 1693 1344 1751 est,
1400 1693 1449 1735 et
1504 1701 1563 1735 ex
1610 1686 1808 1735 illorum

119 1775 326 1810 numero
375 1767 501 1826 erat,
550 1762 692 1809 cuius
740 1767 839 1809 tam
889 1775 1113 1825 magnam
1162 1760 1471 1823 divinamque
1513 1762 1808 1809 sententiam
1842 1769 1897 1809 20

118 1833 179 1883 de
240 1833 359 1882 boni
420 1833 622 1883 humani
682 1835 778 1883 fine
841 1834 986 1898 paulo
1042 1840 1153 1882 ante
1211 1835 1612 1882 commemoravi:
1675 1834 1809 1882 Mihi

118 1912 287 1957 autem
327 1909 614 1957 adhaerere
661 1909 768 1957 Deo
820 1910 1000 1957 bonum
1040 1914 1125 1957 est.
1203 1906 1259 1955 In
1299 1922 1395 1971 quo
1436 1907 1576 1972 plane
1619 1907 1806 1971 psalmo

117 1981 332 2030 duorum
378 1987 810 2047 testamentorum,
859 1996 981 2045 quae
1038 1980 1272 2029 dicuntur
1319 1987 1460 2030 vetus
1516 1987 1565 2029 et
1613 1996 1807 2045 novum,

118 2056 239 2103 satis
285 2061 360 2104 est
398 2054 643 2104 declarata
682 2055 947 2104 distinctio.
1025 2054 1236 2119 Propter
1276 2053 1495 2103 carnales
1537 2056 1667 2103 enim
1706 2061 1806 2103 ter-

118 2143 364 2193 renasque
411 2130 788 2194 promissioneS‚
836 2143 950 2177 cum
997 2142 1078 2177 eas
1124 2129 1288 2193 impiis
1329 2127 1578 2177 abundare
1617 2129 1806 2193 perspi·
1841 2136 1896 2175 25

120 2208 286 2267 ceret‚
328 2202 446 2251 dicit
484 2202 636 2267 pedes
677 2217 793 2251 suos
832 2217 988 2266 paene
1029 2202 1182 2251 fuisse
1223 2208 1495 2251 commotos
1536 2208 1585 2250 et
1625 2201 1807 2250 effusos

58 2296 65 2300 ’
121 2276 173 2323 in
227 2275 415 2340 lapsum
463 2275 822 2340 propemodum
868 2291 1070 2340 gressus
1123 2290 1259 2341 suOS‚
1321 2282 1570 2339 tamquam
1624 2275 1808 2323 frustra

121 2347 222 2396 Deo
263 2351 368 2413 ipse
409 2351 666 2415 servisset,
707 2364 819 2398 cum
859 2364 916 2397 ea
955 2349 1211 2415 felicitate,
1252 2363 1399 2413 quam
1438 2348 1498 2397 dc
1539 2348 1620 2397 illo
1662 2363 1807 2412 expe·

120 2421 306 2488 ctabat,
361 2428 728 2487 contemptores
786 2424 892 2472 eius
946 2422 1125 2472 florere
1172 2425 1501 2487 perspiceret3
1558 2436 1708 2485 seque
1755 2423 1806 2468 in

120 2497 194 2543 rei
239 2495 387 2544 huius
440 2498 759 2561 inquisitione
807 2496 1075 2562 laborasse,
1135 2496 1377 2545 volentem
1426 2511 1515 2544 cur
1562 2496 1628 2542 ita
1675 2500 1806 2542 esset
1839 2503 1897 2542 30

121 2568 516 2636 adprehendere,
563 2570 720 2618 donec
769 2571 975 2619 intraret
1023 2572 1073 2618 in
1114 2571 1449 2619 sanctuarium
1490 2568 1597 2633 Dei,
1645 2574 1694 2616 et
1734 2569 1805 2615 in-

242 2698 283 2750 6)
317 2695 414 2740 Gal.
447 2702 487 2751 3,
524 2702 590 2741 19.
654 2699 725 2752 22>
760 2697 831 2740 Ps.
871 2702 940 2742 72.

244 2863 296 2902 18
328 2871 412 2914 per
444 2859 565 2915 angn]
599 2871 683 2914 per
714 2871 795 2902 om
830 2857 884 2901 K
