2020 3122
584 164 651 196 DE
677 150 911 196 01vrrA'rn
934 163 1023 194 Dm
1044 163 1087 195 L.
1113 163 1160 196 x.
1185 163 1222 196 c.
1248 165 1301 196 27.
1680 151 1790 204 445

248 277 319 326 Te
359 277 503 335 duee,
543 276 587 324 si
624 290 722 337 qua
760 278 963 323 manent
1003 276 1203 324 sceleris
1243 276 1458 338 vestigia
1496 276 1674 338 nostri,

249 350 412 398 Inrita
449 350 693 412 perpetua
733 349 928 397 solvent
966 349 1228 397 formidine
1268 354 1444 398 terras.

103 453 174 502 Ea
213 453 393 518 quippe
435 451 577 518 dixit,
617 466 742 516 quae
776 451 924 499 etiam
955 451 1165 500 multum
1203 452 1570 516 proficientium
1608 453 1659 501 in
1691 454 1786 501 vir-

107 533 211 577 tute
243 527 458 575 iustitiae
492 530 701 590 possunt
732 530 938 589 propter
968 523 1116 573 huius
1149 527 1275 573 vitae
1307 526 1657 591 infirmitatem,
1698 527 1791 575 etsi

104 615 204 649 non
243 599 450 666 scelera,
501 598 744 647 scelerum
792 603 956 646 tamen
1003 612 1202 646 manere
1243 600 1467 664 vestigia,
1516 614 1638 663 quae
1690 615 1789 648 non
1822 609 1848 649 5

104 675 200 723 nisi
233 672 292 722 ab
330 672 413 721 illo
449 672 686 721 salvatore
720 676 980 738 sanantur,
1019 671 1078 720 de
1120 687 1217 736 quo
1251 673 1343 720 iste
1377 687 1550 721 versus
1591 688 1788 737 expres-

106 762 192 797 sus
224 753 314 796 est.
375 745 500 795 Nam
531 748 703 810 utique
744 760 843 793 non
882 744 976 793 hoc
1008 760 1035 793 a
1075 760 1127 794 se
1167 747 1274 810 ipso
1315 761 1367 795 se
1410 746 1590 794 dixisse
1623 745 1789 811 Vergi-

107 820 201 870 lius
239 822 291 870 in
324 820 521 885 eclogae
560 821 717 885 ipsius
751 826 926 883 quarto
967 819 1122 868 ferme
1155 834 1304 868 versu
1335 819 1540 885 indicat,
1579 818 1666 868 ubi
1705 821 1791 869 ait:

251 924 445 973 Ultima
484 923 690 973 Cumaei
729 924 867 973 venit
904 924 1005 971 iam
1045 924 1277 972 carminis
1318 926 1480 986 aetas3

104 1026 234 1076 unde
273 1026 367 1076 hoc
408 1042 435 1075 a
474 1025 685 1076 Cumaea
725 1025 905 1090 Sibylla
945 1025 1132 1074 dictum
1171 1041 1281 1075 esse
1321 1028 1668 1076 incunctanter
1707 1043 1789 1092 ap·
1825 1037 1880 1077 10

105 1107 259 1167 paret.
344 1100 563 1165 Theurgi
615 1115 731 1149 vero
790 1099 860 1148 illi
913 1099 990 1148 vel
1046 1101 1212 1164 potius
1267 1099 1530 1149 daemones
1586 1100 1793 1150 deorum

107 1175 324 1240 speciem
370 1175 650 1239 figurasque
698 1174 940 1239 fingentes
978 1175 1240 1238 inquinant
1285 1176 1451 1238 potius
1491 1189 1639 1238 quam
1677 1190 1792 1240 pur-

108 1255 223 1313 gant
267 1248 538 1297 humanum
587 1249 816 1312 spiritum
863 1247 1072 1297 falsitate
1118 1247 1514 1312 phantasmatum
1555 1255 1603 1298 et
1651 1248 1792 1298 dece-

105 1323 266 1387 ptoria
304 1337 537 1371 vanarum
584 1321 915 1371 ludificatione
963 1321 1247 1370 formarum.
1326 1322 1432 1379 Quo
1476 1321 1621 1371 modo
1662 1324 1793 1371 enim

107 1402 322 1460 purgent
375 1395 587 1444 hominis
643 1397 894 1461 spiritum,
958 1397 1043 1460 qui
1096 1396 1390 1445 inmundum
1444 1395 1627 1445 habent
1680 1411 1793 1461 pro-
1830 1405 1882 1445 15

107 1466 308 1534 prium?
384 1470 613 1534 Alioquin
659 1468 793 1518 nullo
842 1469 987 1518 modo
1036 1469 1338 1519 carminibus
1384 1469 1536 1519 invidi
1582 1470 1795 1519 hominis

109 1541 381 1607 ligarentur
426 1545 688 1609 ipsumque
736 1544 880 1591 inane
938 1542 1256 1610 beneficium,
1312 1543 1444 1608 quod
1497 1546 1796 1609 praestaturi

109 1615 425 1683 videbantur,
487 1625 571 1667 aut
632 1623 767 1666 metu
829 1623 1116 1681 premerent
1178 1625 1262 1666 aut
1322 1618 1470 1666 simili
1529 1618 1796 1667 invidentia

111 1689 425 1756 denegarent.
522 1690 719 1740 Sufficit
774 1690 906 1754 quod
967 1693 1259 1755 purgatione
1323 1691 1581 1756 theurgica
1634 1707 1795 1756 neque

112 1763 494 1815 intellectualem
541 1767 772 1830 animam,
826 1764 918 1813 hoc
972 1771 1047 1812 est
1103 1772 1321 1814 mentem
1371 1771 1618 1831 nostram,
1673 1765 1795 1814 dicis
1830 1775 1885 1814 20

52 1866 62 1872 ›
110 1853 254 1902 posse
294 1841 520 1905 purgari,
561 1845 610 1888 et
648 1840 806 1903 ipsam
838 1837 1132 1903 spiritalem,
1171 1838 1219 1886 id
1260 1845 1336 1888 est
1375 1845 1571 1887 nostrae
1606 1840 1795 1887 animae

110 1917 301 1976 partem
347 1919 511 1962 mente
558 1913 868 1978 inferiorem,
920 1926 1067 1976 quam
1114 1911 1199 1960 tali
1246 1919 1350 1962 arte
1401 1914 1603 1977 purgari
1650 1927 1795 1977 posse

115 1987 315 2052 asserIS,
369 1986 681 2035 inmortalem
735 1992 900 2035 tamen
955 1991 1303 2050 aeternamque
1352 2001 1452 2035 non
1505 2001 1650 2050 posse
1705 1986 1796 2034 hae

117 2065 219 2107 arte
259 2059 368 2108 fieri
401 2060 665 2109 confiteris,
729 2058 956 2107 Christus
989 2065 1154 2108 autem
1186 2062 1333 2109 vitam
1363 2061 1607 2125 promittit
1639 2067 1795 2109 aeter-

114 2146 246 2198 nam;
286 2133 416 2182 unde
450 2134 508 2182 ad
549 2148 662 2182 eum
702 2131 916 2182 mundus
947 2131 1085 2181 vobis
1125 2134 1325 2197 quidem
1364 2133 1798 2199 stomachantibUS,
1832 2142 1886 2182 25

115 2206 406 2256 mirantibus
446 2215 610 2256 tamen
650 2205 1063 2272 stupentibusque
1097 2209 1364 2257 concurrit.
1428 2207 1557 2265 Quid
1595 2207 1799 2272 prodest

117 2280 230 2343 quia
268 2296 447 2346 negare
488 2297 588 2329 non
626 2282 833 2346 potuisti
873 2295 1039 2329 errare
1086 2279 1311 2330 homines
1358 2281 1615 2346 theurgica
1654 2280 1797 2330 disci-

115 2351 246 2416 plina
296 2362 346 2403 et
393 2370 539 2419 quam
583 2354 824 2419 plurimos
874 2353 1041 2403 fallere
1087 2370 1178 2419 per
1218 2370 1413 2405 caecam
1461 2356 1796 2419 insipientem-

118 2439 212 2490 que
261 2430 556 2478 sententiam
602 2435 748 2493 atque
797 2443 906 2476 esse
954 2430 1285 2478 certissimum
1342 2444 1563 2478 errorem
1610 2427 1796 2492 agendo

118 2506 167 2548 et
206 2501 524 2566 supplicando
559 2502 617 2550 ad
657 2504 907 2566 principes
939 2502 1234 2567 angelosque
1269 2502 1558 2568 decurrere,
1599 2508 1648 2550 et
1687 2515 1795 2549 rur·
1830 2511 1886 2550 30

235 2645 280 2698 2)
313 2643 452 2699 Verg.
487 2643 648 2702 Eclog.
682 2648 722 2699 4,
760 2649 811 2687 13
845 2658 908 2699 sq.

240 2839 292 2877 12
326 2835 528 2890 speciem
570 2835 831 2892 figurasque
863 2836 984 2889 KF,·
1024 2835 1224 2892 speciem
1264 2835 1549 2891 figuramque
1581 2833 1655 2886 A,·
1698 2846 1798 2889 spe-

121 2891 212 2936 cies
243 2893 503 2951 figurasque
535 2907 560 2937 v
