2020 3122
599 167 666 198 DE
691 166 928 200 crvrrA'rE
952 169 1040 200 Dm
1063 169 1106 201 L.
1132 171 1176 202 x.
1202 170 1238 202 c.
1264 171 1294 202 8.
1675 161 1781 212 413

760 318 952 373 CAPUT
986 321 1132 374 VIII.

105 428 179 476 De
216 428 500 487 miraeum,
550 441 682 486 quae
721 427 856 476 Deus
903 429 975 475 ad
1011 430 1450 478 conroborandam
1486 432 1639 488 fidem
1672 433 1780 492 pio-

161 514 274 549 rum
313 502 463 548 etiam
498 515 595 562 per
634 503 930 561 anqelorum
969 504 1301 550 ministerium
1333 506 1594 564 promissis
1632 507 1736 553 suis

621 575 867 623 adhibere
905 575 1144 635 diynatus
1183 580 1267 624 est.

246 675 368 725 Nam
404 677 547 725 nimis
581 683 745 725 vetera
779 679 820 725 si
854 692 1250 743 commemorem,
1290 677 1482 742 longius
1523 694 1668 742 quam
1707 687 1781 729 sat
1815 688 1839 728 5

103 757 178 801 est
206 749 459 799 revolvere
491 749 708 816 videbor,
749 765 873 814 quae
914 751 1149 800 miracula
1188 752 1314 800 facta
1355 753 1453 800 sint
1492 751 1783 802 adtestantia

101 825 358 891 promissis
390 823 493 888 Dei,
534 823 713 888 quibus
754 831 864 873 ante
905 840 1147 874 annorum
1185 825 1316 874 milia
1355 825 1595 889 praedicit
1634 825 1781 874 Abra-

99 898 217 964 hae,
271 896 402 961 quod
456 899 506 945 in
558 899 744 946 semine
796 900 903 947 eius
950 913 1121 947 omnes
1167 905 1340 963 gentes
1388 898 1784 948 benedictionem

101 973 296 1021 fuerant
341 969 613 1021 habiturae.
691 971 812 1029 Quis
860 973 990 1020 enim
1038 987 1137 1022 non
1187 974 1395 1021 miretur
1435 972 1594 1021 eidem
1632 972 1782 1022 Abra-

59 1043 197 1105 2hae-
229 1043 386 1110 filium
420 1046 674 1109 peperisse
724 1047 985 1110 coniugem
1025 1045 1243 1094 steri1em
1283 1061 1341 1094 eo
1380 1052 1602 1111 tempore
1642 1061 1781 1096 sene·
1818 1055 1871 1094 10

103 1119 267 1184 etutiS,
306 1132 404 1183 quo
435 1133 610 1183 parere
643 1134 734 1167 nec
775 1118 984 1168 fecunda
1022 1121 1118 1168 iam
1156 1126 1340 1185 posset,
1380 1126 1524 1183 atque
1564 1121 1614 1168 in
1655 1121 1783 1168 eius-

104 1191 219 1248 dm
251 1190 473 1241 Abrahae
515 1193 754 1242 sacrificio
802 1193 1045 1241 flammam
1086 1193 1289 1242 caelitus
1329 1194 1506 1242 factam
1544 1195 1674 1242 inter
1713 1193 1782 1242 di·

100 1266 233 1315 visas
274 1266 496 1314 victimas
544 1268 849 1332 cucurrisse,
896 1266 1153 1331 eidemque
1201 1265 1422 1315 Abrahae
1477 1266 1783 1331 praedictum

100 1337 159 1388 ab
205 1338 393 1404 angelis
439 1338 649 1388 caeleste
697 1339 981 1389 incendium
1022 1339 1371 1406 Sodomorum,
1420 1355 1544 1404 quos
1585 1340 1782 1404 angelos

100 1410 382 1461 hominihus
414 1412 598 1462 similes
629 1413 843 1478 hospitio
876 1421 1164 1478 susceperat
1204 1419 1252 1463 et
1290 1429 1380 1478 per
1420 1429 1504 1462 eos
1545 1413 1604 1462 de
1643 1413 1780 1478 prole
1818 1421 1870 1461 15

99 1491 303 1534 ventura
334 1485 423 1535 Dei
453 1488 697 1551 promissa
735 1493 978 1554 tenuerat,
1017 1489 1224 1552 ipsoque
1265 1489 1535 1536 inminente
1575 1488 1672 1536 iam
1710 1489 1782 1536 in-

98 1559 271 1608 cendio
318 1561 491 1608 miram
539 1560 598 1610 de
648 1559 875 1610 Sodomis
920 1577 1011 1626 per
1061 1561 1259 1610 eosdem
1301 1560 1499 1625 angelos
1538 1560 1781 1610 liberatio-

98 1647 210 1681 nem
262 1631 388 1682 Loth
435 1633 522 1682 filii
567 1635 734 1683 fratris
781 1636 909 1700 eiuS,
965 1636 1106 1684 cuius
1154 1650 1279 1683 uxor
1327 1636 1379 1682 in
1417 1636 1492 1682 via
1531 1640 1666 1683 retro
1706 1649 1780 1683 re-

98 1707 310 1770 spiciens
342 1713 487 1771 atque
520 1709 572 1756 in
604 1707 755 1757 salem
794 1714 999 1772 repente
1039 1723 1274 1757 conversa
1314 1723 1488 1772 magno
1529 1707 1782 1756 admonuit

98 1787 401 1829 sacramento
454 1783 702 1830 neminem
752 1784 803 1830 in
858 1783 934 1830 via
987 1781 1292 1830 liberationis
1345 1796 1461 1830 suae
1512 1783 1780 1845 praeterita
1814 1789 1869 1828 20

95 1850 374 1903 desiderare
425 1852 642 1904 debere?
709 1854 794 1903 Illa
832 1870 947 1904 vero
989 1870 1112 1919 quae
1154 1861 1202 1903 et
1242 1861 1422 1919 quanta
1461 1861 1597 1920 sunt,
1654 1869 1777 1918 quae

96 1926 192 1975 iam
219 1943 311 1992 per
334 1927 535 1993 Moysen
565 1944 656 1993 pro
688 1928 870 1993 populo
895 1928 983 1977 Dei
1015 1929 1075 1978 de
1114 1930 1228 1992 iugo
1268 1929 1518 1977 servitutis
1559 1927 1776 1976 eruendo

96 2003 148 2052 in
201 2002 418 2066 Aegypto
474 2001 764 2051 mirabiliter
818 2008 952 2066 gesta
1002 2008 1142 2067 sunt,
1196 2000 1282 2051 uhi
1329 2003 1457 2066 magi
1495 2001 1778 2067 PharaoniS,

97 2075 190 2124 hoc
222 2082 299 2124 est
330 2077 462 2140 regis
493 2075 714 2141 Aegypti,
754 2077 839 2139 qui
868 2075 1107 2140 populum
1147 2075 1285 2124 illum
1324 2074 1655 2124 dominatione
1696 2075 1777 2123 de-

97 2147 363 2215 primebat,
404 2148 462 2197 ad
502 2148 595 2197 hoc
635 2149 798 2198 facere
839 2149 1076 2213 quaedam
1117 2150 1240 2197 mira
1278 2150 1508 2213 permissi
1547 2155 1685 2214 sunt,
1724 2155 1777 2197 ut
1813 2156 1866 2195 25

98 2221 367 2272 mirabilius
400 2221 738 2272 vincerentur!
778 2222 853 2270 Illi
884 2224 1016 2271 enim
1049 2221 1291 2271 faciebant
1330 2222 1580 2271 veneficiis
1620 2228 1668 2270 et
1707 2223 1778 2270 in-

97 2295 455 2345 cantationibus
509 2297 732 2362 magicis,
786 2295 966 2360 quibus
1013 2302 1129 2345 sunt
1175 2295 1288 2345 mali
1336 2295 1517 2361 angeli,
1571 2295 1663 2343 hoc
1705 2301 1779 2343 est

99 2367 381 2435 daemones,
427 2370 601 2434 dediti3
655 2369 846 2434 Moyses
886 2376 1051 2419 autem
1089 2375 1224 2418 tanto
1264 2371 1539 2434 potentiuS,
1594 2374 1776 2432 quanto

97 2443 290 2508 iustiuS,
329 2444 526 2492 nomine
565 2442 676 2509 Dei,
715 2444 801 2507 qui
839 2443 956 2492 fecit
996 2442 1186 2492 caelum
1226 2451 1275 2491 et
1313 2450 1518 2507 terram,
1558 2442 1772 2489 servien-

99 2514 231 2564 tibus
270 2515 453 2579 angelis
478 2531 563 2564 eos
588 2516 728 2565 facile
762 2518 1025 2581 superavit.
1102 2515 1324 2580 Denique
1364 2517 1415 2563 in
1454 2515 1598 2563 tertia
1636 2513 1775 2578 plaga
1807 2521 1862 2560 30

98 2587 438 2638 deficientibus
500 2591 654 2654 magis
725 2589 896 2639 decem
963 2589 1131 2654 plagae
1192 2604 1282 2653 per
1343 2587 1542 2651 Moysen
1603 2600 1776 2649 magna

100 2663 444 2725 mysteriorum
491 2662 811 2727 dispositione
861 2662 1130 2727 completae
1178 2668 1316 2727 sunt,
1364 2659 1542 2724 quibus
1590 2659 1648 2708 ad
1688 2658 1776 2707 Dei

148 2888 158 2896 ο
197 2835 240 2898 ,5
276 2832 388 2876 satis
420 2833 582 2889 Α1129
614 2833 800 2879 nomine
831 2833 957 2887 KR·
995 2832 1172 2877 nomini
1202 2831 1270 2884 A3
1302 2830 1351 2873 in
1382 2829 1565 2874 nomine
1597 2842 1622 2873 v
1646 2830 1661 2884 u
1684 2828 1774 2871 Do·

97 2903 211 2932 mim
239 2904 266 2934 v
