2020 3122
274 153 380 205 306
944 165 978 198 s.
1003 165 1279 199 Aususcrm

273 292 373 326 non
413 283 566 342 esset,
606 278 672 326 ita
711 277 921 326 fecunda
960 278 1102 326 fieret
1139 276 1367 326 manibus
1407 277 1577 326 alienis
1590 317 1604 343 ,
1643 283 1700 326 ut
1737 292 1837 327 non
1877 293 1958 328 co·

273 357 413 415 geret
450 350 700 399 hominem
731 350 951 399 sterilem
989 351 1098 399 fieri
1137 350 1362 399 manibus
1402 352 1519 399 suis,
1595 350 1697 399 Iam
1735 351 1866 415 quod
1905 353 1958 401 in

272 424 437 472 Liberi
489 425 641 473 sacris
688 424 896 474 honesta
941 431 1165 474 matrona
1210 424 1440 488 pudenda
1485 423 1644 473 virilia
1690 424 1959 474 coronabat

188 536 196 543 .
273 504 527 562 spectante
575 497 913 564 multitudine,
959 497 1045 547 ubi
1092 497 1278 547 rubens
1319 503 1368 546 et
1407 496 1613 562 sudanS,
1660 498 1702 546 si
1745 506 1823 547 est
1860 497 1960 547 ulla

214 581 239 620 5
272 571 410 620 frons
448 573 500 619 in
538 570 835 637 hominibUS,
876 571 1096 620 adstabat
1135 572 1339 619 forsitan
1381 578 1430 620 et
1469 572 1696 636 maritus3
1737 577 1787 620 et
1826 571 1958 636 quod

272 646 324 693 in
357 644 686 694 celebratione
719 647 1004 710 nuptiarum
1036 660 1186 709 super
1217 644 1383 708 Priapi
1415 659 1618 709 scapum
1648 659 1773 693 nova
1802 650 1960 710 nupta

274 717 448 767 sedere
511 718 788 768 iubebatur:
849 718 993 782 longe
1063 717 1511 782 contemptibiliora
1575 724 1721 782 atque
1774 717 1958 767 leviora

274 798 391 841 sunt
413 806 531 856 prae
564 794 657 840 ista
688 791 998 856 turpitudine
1032 791 1371 840 crudelissima
1409 791 1485 839 vel
1526 791 1815 840 crudelitate
1855 797 1958 840 tur-

273 866 495 931 pissima,
543 864 627 914 ubi
667 865 966 913 daemonicis
1013 864 1192 913 ritibus
1231 866 1302 912 sic
1342 870 1552 928 uterque
1593 879 1741 913 sexus
1779 864 1958 914 inludi-

186 950 241 990 10
274 944 377 1004 tur,
425 945 481 987 ut
526 945 703 987 neuter
751 954 840 987 suo
882 938 1082 987 vulnere
1123 939 1408 1002 perimatur.
1485 937 1559 986 Ibi
1606 938 1860 987 fascinatio
1899 939 1959 987 ti-

272 1018 436 1060 metur
485 1026 742 1078 agrorum,
788 1011 868 1060 hic
916 1011 1254 1060 membrorum
1293 1012 1562 1076 amputatio
1603 1026 1703 1059 non
1742 1013 1958 1061 timetur.

272 1084 345 1133 Ibi
399 1086 470 1134 sic
526 1085 879 1134 dehonestatur
933 1100 1086 1133 novae
1140 1091 1323 1149 nuptae
1375 1083 1696 1151 verecundia,
1751 1091 1807 1134 ut
1855 1099 1956 1134 non

273 1157 432 1207 solum
464 1158 756 1225 secunditaS,
796 1158 882 1207 sed
914 1174 1006 1207 nec
1037 1159 1291 1223 virginitas
1332 1158 1595 1224 adimatur3
1634 1157 1714 1206 hic
1753 1159 1821 1207 ita
1859 1173 1958 1206 am-

272 1238 477 1296 putatur
515 1232 742 1298 virilitaS,
797 1238 852 1281 ut
898 1247 990 1281 nec
1039 1237 1356 1281 convertatur
1394 1234 1445 1280 in
1485 1232 1717 1280 feminam
1755 1247 1847 1281 nec
1886 1233 1961 1280 vir

186 1315 239 1356 15
272 1305 595 1369 relinquatur.

920 1418 1116 1473 CAPUT
1149 1418 1319 1472 XXV.

281 1526 441 1584 Quam
481 1501 947 1588 interpretationem
994 1528 1056 1575 de
1095 1527 1378 1575 abscisione
1415 1525 1600 1575 Attidis
1644 1525 1959 1575 Graecorum

663 1602 965 1661 sapientium
998 1601 1234 1649 doctrina
1273 1602 1574 1661 reppererit.

419 1700 482 1750 Et
512 1701 639 1750 Attis
671 1702 751 1750 ille
785 1717 883 1750 non
917 1707 993 1750 est
1032 1707 1445 1751 commemoratus
1484 1717 1576 1750 nec
1617 1703 1724 1751 eius
1751 1701 1823 1763 ¹ab
1862 1703 1958 1751 isto

185 1786 240 1826 20
273 1776 616 1839 interpretatio
657 1777 896 1840 requisita
935 1782 1033 1836 est,
1083 1777 1135 1824 in
1175 1778 1317 1825 cuius
1357 1775 1634 1824 dilectionis
1672 1777 1960 1825 memoriam

275 1848 440 1897 Gallus
488 1847 772 1898 absciditur.
852 1848 950 1898 Sed
997 1849 1129 1899 docti
1169 1849 1344 1898 Graeci
1390 1855 1536 1913 atque
1589 1850 1835 1914 sapientes
1874 1864 1958 1898 ne·

275 1937 520 1986 quaquam
559 1924 800 1972 rationem
847 1929 947 1972 tam
987 1929 1204 1973 sanctam
1241 1922 1642 1988 praeclaramque
1681 1928 1959 1972 tacuerunt.
2019 1927 2020 1956 ³

271 1995 483 2060 Propter
537 1996 784 2045 vernalem
832 1998 1012 2061 quippe
1053 1997 1228 2046 faciem
1266 2003 1454 2062 terrae,
1500 2011 1624 2060 quae
1665 1997 1844 2045 ceteris
1885 2001 1961 2045 est

273 2068 582 2133 temporibus
644 2069 929 2136 pulchrior,
991 2070 1327 2136 Porphyrius,
1381 2069 1703 2135 philosophus
1766 2068 1958 2136 nobiliS,

185 2152 240 2192 25
273 2141 410 2190 Attin
449 2142 597 2191 flores
647 2144 922 2207 significare
961 2143 1239 2211 perhibuit,
1285 2149 1335 2192 et
1373 2143 1484 2192 ideo
1525 2142 1797 2209 abscisum,
1845 2144 1958 2207 quia

272 2214 364 2263 flos
404 2215 586 2265 decidit
625 2223 736 2266 ante
777 2218 1009 2266 fructum.
1086 2217 1194 2266 Non
1235 2232 1352 2282 ergo
1392 2218 1556 2281 ipsum
1594 2216 1844 2265 hominem
1882 2215 1959 2264 vel

274 2290 413 2352 quasi
437 2288 700 2355 hominem,
741 2292 826 2354 qui
851 2297 927 2340 est
957 2297 1158 2340 vocatus
1197 2290 1339 2357 Attis,
1379 2289 1465 2339 sed
1505 2289 1663 2338 virilia
1703 2291 1808 2339 eius
1847 2288 1958 2338 flori

274 2370 696 2427 comparaverunt.
773 2363 884 2428 Ipsa
932 2366 1113 2430 quippe
1154 2364 1237 2413 illo
1276 2366 1470 2412 vivente
1512 2363 1828 2429 deciderunt3
1866 2363 1955 2411 im—

273 2450 353 2483 mo
401 2451 517 2485 vero
564 2451 663 2484 non
715 2437 1007 2487 deciderunt
1045 2453 1206 2502 neque
1248 2438 1501 2503 decerpta,
1551 2436 1638 2485 sed
1676 2436 1819 2501 plane
1860 2435 1955 2485 dis-

181 2521 240 2560 30
273 2516 442 2574 cerpta
474 2516 610 2575 sunt3
650 2525 741 2559 nec
766 2510 849 2559 illo
874 2511 994 2560 ssore
1028 2513 1206 2560 amisso
1240 2512 1501 2575 quisquam
1538 2516 1711 2574 postea
1749 2509 1956 2576 fructuS,

271 2582 364 2636 sed
396 2585 561 2648 potius
611 2584 843 2633 sterilitas
892 2591 1155 2634 consecuta
1203 2592 1291 2634 est.
1371 2583 1498 2641 Quid
1539 2598 1655 2648 ergo
1695 2584 1802 2647 ipse
1840 2581 1952 2631 reli·

272 2672 427 2723 quils,
481 2662 531 2706 et
586 2657 823 2722 quidquid
869 2661 1105 2708 remansit
1152 2654 1378 2708 absciso?
1434 2656 1551 2722 quid
1593 2672 1650 2706 eo
1691 2654 1978 2721 significari*

391 2834 415 2873 9
456 2828 739 2878 daemonicis
778 2828 944 2873 ritibus
983 2843 1070 2874 mss
1109 2832 1246 2885 (183,
1277 2832 1380 2886 13),·
1426 2826 1740 2873 daemoniacis
1779 2825 1954 2872 artibus

269 2900 296 2931 v
319 2889 334 2943 Ι]
361 2892 413 2931 19
447 2891 487 2932 et
518 2892 573 2932 25
605 2888 719 2944 Atys
750 2913 805 2920 —
838 2889 962 2945 Atyn
992 2903 1018 2933 v
