2020 3122
156 1050 211 1089 10

155 1447 210 1487 15

245 140 353 191 432
920 148 956 181 s,
981 147 1256 182 Aueos'rm

246 271 410 314 autem
461 265 501 311 si
541 261 808 310 multorum
850 261 1055 309 deorum
1097 260 1312 309 cultores
1353 254 1760 326 (qualescumque
1809 259 1928 310 deos

247 354 363 387 suos
398 352 505 385 esse
547 330 877 403 arbitrentur)
919 333 977 382 ab
1019 335 1089 382 eis
1130 335 1255 383 sacta
1290 348 1398 381 esse
1431 332 1666 380 miracula
1707 332 1781 381 vel
1813 335 1925 382 civi-

246 412 365 460 lium
405 425 574 458 rerum
621 409 855 458 historiae
895 407 970 457 vel
1015 407 1154 456 libris
1193 408 1394 470 magicis
1435 407 1557 472 sive,
1607 406 1736 470 quod
1775 406 1926 456 hone-

247 487 369 534 stius
402 489 598 548 putant,
637 482 907 547 theurgicis
940 481 1173 530 credunt:
1214 479 1330 543 quid
1365 494 1538 527 causae
1572 486 1668 545 est,
1710 495 1799 528 cur
1831 480 1926 529 illis

245 558 424 607 litteris
464 556 621 605 nolint
662 557 864 606 credere
904 558 997 604 ista
1036 556 1161 603 facta
1202 568 1332 618 esse,
1379 552 1558 616 quibus
1597 559 1731 602 tanto
1773 556 1928 603 maior

247 631 455 680 debetur
494 630 638 696 fides,
686 637 866 694 quanto
907 644 1056 693 super
1103 642 1273 675 omnes
1323 632 1398 675 est
1437 642 1663 693 magnuS,
1713 629 1793 676 cui
1843 629 1927 676 uni

246 705 335 754 soli
377 703 751 754 sacrificandum
791 719 897 752 esse
936 697 1282 766 praecipiunt?

900 859 1095 912 CAPUT
1126 858 1271 911 XIX.

254 971 392 1028 Quae
438 971 572 1017 ratio
619 970 685 1015 sit
729 969 938 1016 visibilis
983 968 1253 1027 sacrificii,
1303 968 1440 1026 quod
1475 968 1568 1014 uni
1604 981 1723 1015 vero
1763 971 1812 1015 et
1850 968 1923 1014 in-

519 1043 704 1089 visibili
742 1042 845 1089 Deo
887 1041 1071 1100 offerri
1108 1042 1254 1089 docet
1291 1054 1413 1089 vera
1453 1042 1648 1101 reliqio.

393 1144 487 1201 Qui
534 1150 697 1192 autem
747 1150 922 1208 putant
970 1143 1089 1193 haec
1140 1142 1347 1192 visibilia
1394 1143 1631 1191 sacrificia
1679 1142 1771 1191 diis
1818 1142 1924 1192 aliis

246 1233 534 1283 congruere,
572 1215 641 1265 illi
674 1232 788 1265 vero
828 1223 1077 1281 tamquam
1107 1216 1340 1265 invisibili
1371 1215 1629 1265 invisibilia
1663 1223 1711 1265 et
1742 1218 1926 1265 maiora

244 1293 416 1339 maiori
463 1290 753 1354 meliorique
800 1290 1025 1357 meliora,
1083 1290 1240 1355 qualia
1288 1296 1403 1339 sunt
1448 1305 1601 1355 purae
1650 1293 1828 1339 mentis
1876 1297 1924 1340 et

242 1364 397 1413 bonae
439 1364 701 1413 voluntatis
742 1365 922 1413 officia:
969 1365 1192 1429 profecto
1235 1365 1464 1413 nesciunt
1509 1363 1630 1413 haec
1681 1365 1747 1412 ita
1787 1366 1924 1429 signa

244 1453 350 1486 esse
392 1437 601 1503 illorum,
642 1440 770 1486 sicut
802 1437 949 1486 verba
982 1439 1204 1487 sonantia
1236 1440 1373 1502 signa
1406 1444 1522 1486 sunt
1552 1453 1735 1486 rerum.
1793 1437 1922 1496 Quo-

243 1514 373 1560 circa
405 1513 532 1560 sicut
564 1518 761 1560 orantes
795 1511 1226 1575 atque-laudantes
1252 1511 1311 1560 ad
1344 1526 1455 1560 eum
1489 1510 1750 1576 dirigimus
1777 1513 1923 1576 signi·

242 1585 442 1633 ficantes
492 1601 665 1652 voceS‚
714 1587 794 1634 cui
833 1600 914 1634 res
961 1587 1092 1650 ipsas
1132 1587 1183 1634 in
1224 1585 1371 1634 corde
1422 1600 1542 1649 quas
1591 1585 1922 1650 significamus

242 1659 514 1707 offerimus:
562 1660 628 1708 ita
677 1659 1008 1708 sacrificantes
1056 1674 1155 1708 non
1203 1659 1344 1708 alteri
1389 1657 1579 1707 visibile
1628 1659 1923 1708 sacrificium

243 1732 546 1781 offerendum
596 1748 703 1781 esse
744 1734 1026 1781 noverimus
1075 1748 1222 1797 quam
1267 1732 1359 1799 illi,
1408 1734 1548 1782 cuius
1595 1734 1646 1780 in
1691 1732 1922 1781 cordibus

159 1815 213 1855 20
246 1807 429 1854 nostris
468 1805 709 1855 invisibile
744 1807 1037 1855 sacrificium
1070 1822 1160 1855 nos
1200 1808 1295 1871 ipsi
1327 1821 1435 1855 esse
1469 1805 1718 1854 dehemus
1782 1805 1922 1855 Tunc

155 2181 209 2221 25

151 2549 207 2588 30

241 1878 383 1927 nobis
416 1879 579 1928 favent
605 1879 845 1943 nobisque
871 1879 1181 1944 congaudent
1214 1887 1358 1944 atque
1399 1879 1458 1928 ad
1498 1879 1590 1927 hoc
1630 1881 1793 1944 ipsum
1832 1894 1921 1928 nos

240 1968 329 2016 pro
371 1954 473 2000 suis
513 1952 699 2002 viribus
740 1953 969 2002 adiuvant
1008 1953 1167 2018 angeli
1208 1955 1390 2018 quique
1432 1954 1736 2017 virtutesque
1778 1968 1920 2018 supe-

241 2027 399 2073 riores
449 2032 496 2074 et
543 2028 647 2090 ipsa
694 2026 911 2076 bonitate
953 2043 1007 2075 ac
1046 2029 1227 2092 pietate
1267 2029 1587 2092 potentiores
1666 2026 1719 2075 Si
1758 2033 1921 2076 autem

242 2097 337 2146 illis
376 2098 497 2147 haec
538 2099 770 2148 exhibere
810 2100 1129 2167 voluerimus,
1173 2116 1271 2150 non
1312 2100 1523 2149 libenter
1563 2101 1832 2166 accipiunt,
1873 2106 1922 2150 et

246 2186 358 2220 cum
398 2171 455 2219 ad
496 2172 718 2221 homines
758 2175 824 2222 ita
864 2176 1149 2241 mittuntur,
1189 2181 1245 2223 ut
1284 2189 1456 2223 eorum
1494 2175 1771 2238 praesentia
1812 2188 1920 2222 sen-

241 2246 415 2310 tiatur,
464 2247 772 2309 apertissime
821 2255 1000 2296 vetant.
1080 2247 1207 2297 Sunt
1246 2247 1466 2312 exempla
1504 2249 1555 2295 in
1595 2247 1772 2296 litteris
1813 2262 1919 2296 san-

242 2319 349 2366 ctis,
427 2318 731 2367 Putaverunt
756 2319 950 2383 quidam
984 2321 1306 2370 deserendum
1345 2320 1529 2385 angelis
1568 2320 1807 2369 honorem
1849 2319 1922 2369 vel

242 2389 488 2439 adorando
515 2391 589 2440 vel
615 2393 948 2459 sacrificando,
991 2395 1075 2458 qui
1108 2393 1317 2443 debetur
1349 2394 1466 2460 Deo,
1506 2401 1555 2443 et
1594 2409 1766 2443 eorum
1807 2401 1922 2443 sunt

242 2463 571 2514 admonitione
611 2465 845 2529 prohibiti
877 2468 1095 2530 iussique
1135 2467 1228 2516 hoc
1270 2469 1315 2516 ei
1354 2467 1563 2534 deferre,
1604 2469 1685 2516 cui
1722 2469 1809 2516 uni
1849 2467 1919 2516 fas

241 2553 348 2586 esse
391 2545 645 2587 noverunt.
723 2538 899 2588 imitati
952 2547 1067 2588 sunt
1106 2540 1303 2604 angelos
1344 2547 1539 2590 sanctos
1580 2542 1725 2589 etiam
1765 2542 1922 2590 sancti

240 2611 462 2660 homines
503 2611 604 2660 Dei.
682 2611 802 2660 Nam
834 2611 1015 2662 Paulus
1055 2619 1104 2662 et
1135 2613 1381 2662 Barnabas
1421 2615 1471 2662 in
1511 2613 1751 2679 Lycaonia
1790 2615 1918 2662 facto

241 2684 450 2748 quodam
485 2685 720 2734 miraculo
756 2687 978 2735 sanitatis
1017 2689 1176 2751 putati
1217 2694 1333 2736 sunt
1373 2686 1454 2753 dii,
1494 2689 1664 2752 eisque
1689 2686 1919 2753 Lycaonii
1959 2692 1973 2695 ‘

240 2760 459 2806 victimas
514 2758 764 2807 immolare
820 2759 1105 2826 voluerunt3
1164 2760 1293 2824 quod
1342 2775 1368 2809 a
1419 2776 1471 2809 se
1518 2760 1690 2810 humili
1738 2763 1917 2825 pietate

356 2872 430 2926 30)
463 2870 605 2915 ludio.
643 2877 708 2927 13,
747 2877 820 2927 163
853 2873 997 2929 ApOC.
1031 2877 1101 2928 22,
1135 2876 1182 2928 83
1217 2878 1258 2916 9.
