<?xml version="1.0" encoding="UTF-8"?>
<!DOCTYPE html PUBLIC "-//W3C//DTD XHTML 1.0 Transitional//EN"
    "http://www.w3.org/TR/xhtml1/DTD/xhtml1-transitional.dtd">
<html xmlns="http://www.w3.org/1999/xhtml" xml:lang="en" lang="en">
 <head>
  <title>
</title>
<meta http-equiv="Content-Type" content="text/html;charset=utf-8" />
  <meta name='ocr-system' content='tesseract 3.04.00' />
  <meta name='ocr-capabilities' content='ocr_page ocr_carea ocr_par ocr_line ocrx_word'/>
</head>
<body>
  <div class='ocr_page' id='page_1' title='image "./decivitatedeilib01auguuoft_0199.png"; bbox 0 0 2020 3122; ppageno 0'>
   <div class='ocr_carea' id='block_1_1' title="bbox 522 131 1785 184">
    <p class='ocr_par' dir='ltr' id='par_1_1' title="bbox 522 131 1785 184">
     <span class='ocr_line' id='line_1_1' title="bbox 522 131 1785 184; baseline 0.001 -8"><span class='ocrx_word' id='word_1_1' title='bbox 522 143 588 176; x_wconf 83' lang='lat' dir='ltr'>DE</span> <span class='ocrx_word' id='word_1_2' title='bbox 615 141 853 176; x_wconf 73' lang='lat' dir='ltr'>crvrrATE</span> <span class='ocrx_word' id='word_1_3' title='bbox 875 142 965 175; x_wconf 76' lang='lat' dir='ltr'>Dm</span> <span class='ocrx_word' id='word_1_4' title='bbox 989 142 1030 174; x_wconf 82' lang='lat' dir='ltr'>L.</span> <span class='ocrx_word' id='word_1_5' title='bbox 1055 143 1119 175; x_wconf 85' lang='lat' dir='ltr'>1v.</span> <span class='ocrx_word' id='word_1_6' title='bbox 1145 142 1182 177; x_wconf 88' lang='lat' dir='ltr'>c.</span> <span class='ocrx_word' id='word_1_7' title='bbox 1207 143 1261 177; x_wconf 85' lang='lat'>31.</span> <span class='ocrx_word' id='word_1_8' title='bbox 1285 145 1339 177; x_wconf 77' lang='lat'>32.</span> <span class='ocrx_word' id='word_1_9' title='bbox 1684 131 1785 184; x_wconf 82' lang='grc'>187</span> 
     </span>
    </p>
   </div>
   <div class='ocr_carea' id='block_1_2' title="bbox 82 250 1871 1351">
    <p class='ocr_par' dir='ltr' id='par_1_2' title="bbox 82 250 1871 1351">
     <span class='ocr_line' id='line_1_2' title="bbox 106 250 1784 322; baseline 0.001 -17"><span class='ocrx_word' id='word_1_10' title='bbox 106 261 343 322; x_wconf 86' lang='lat' dir='ltr'>quantum</span> <span class='ocrx_word' id='word_1_11' title='bbox 381 255 789 320; x_wconf 84' lang='lat' dir='ltr'>propinquaverit</span> <span class='ocrx_word' id='word_1_12' title='bbox 826 250 1057 303; x_wconf 77' lang='lat' dir='ltr'>veritati?</span> <span class='ocrx_word' id='word_1_13' title='bbox 1127 254 1179 303; x_wconf 89' lang='lat' dir='ltr'>Si</span> <span class='ocrx_word' id='word_1_14' title='bbox 1219 258 1350 305; x_wconf 89' lang='lat' dir='ltr'>enim</span> <span class='ocrx_word' id='word_1_15' title='bbox 1389 255 1571 322; x_wconf 89' lang='lat' dir='ltr'>aliquid</span> <span class='ocrx_word' id='word_1_16' title='bbox 1612 262 1784 306; x_wconf 86' lang='lat' dir='ltr'>contra</span> 
     </span>
     <span class='ocr_line' id='line_1_3' title="bbox 102 328 1784 396; baseline 0.001 -18"><span class='ocrx_word' id='word_1_17' title='bbox 102 335 395 380; x_wconf 84' lang='lat' dir='ltr'>vetustatem</span> <span class='ocrx_word' id='word_1_18' title='bbox 442 329 565 377; x_wconf 89' lang='lat' dir='ltr'>tanti</span> <span class='ocrx_word' id='word_1_19' title='bbox 610 333 779 393; x_wconf 87' lang='lat' dir='ltr'>posset</span> <span class='ocrx_word' id='word_1_20' title='bbox 819 329 1026 393; x_wconf 85' lang='lat' dir='ltr'>erroriS,</span> <span class='ocrx_word' id='word_1_21' title='bbox 1064 329 1288 392; x_wconf 89' lang='lat' dir='ltr'>profecto</span> <span class='ocrx_word' id='word_1_22' title='bbox 1332 336 1380 379; x_wconf 87' lang='lat' dir='ltr'>et</span> <span class='ocrx_word' id='word_1_23' title='bbox 1418 345 1572 380; x_wconf 92' lang='lat' dir='ltr'>unum</span> <span class='ocrx_word' id='word_1_24' title='bbox 1614 328 1784 396; x_wconf 90' lang='lat' dir='ltr'>Deum,</span> 
     </span>
     <span class='ocr_line' id='line_1_4' title="bbox 102 397 1783 468; baseline 0.001 -16"><span class='ocrx_word' id='word_1_25' title='bbox 102 417 130 452; x_wconf 89' lang='lat' dir='ltr'>a</span> <span class='ocrx_word' id='word_1_26' title='bbox 169 418 266 468; x_wconf 87' lang='lat' dir='ltr'>quo</span> <span class='ocrx_word' id='word_1_27' title='bbox 306 402 546 451; x_wconf 90' lang='lat' dir='ltr'>mundum</span> <span class='ocrx_word' id='word_1_28' title='bbox 578 401 805 451; x_wconf 92' lang='lat' dir='ltr'>crederet</span> <span class='ocrx_word' id='word_1_29' title='bbox 843 401 1124 467; x_wconf 87' lang='lat' dir='ltr'>gubernari,</span> <span class='ocrx_word' id='word_1_30' title='bbox 1165 409 1214 451; x_wconf 93' lang='lat' dir='ltr'>et</span> <span class='ocrx_word' id='word_1_31' title='bbox 1253 404 1357 452; x_wconf 91' lang='lat' dir='ltr'>sine</span> <span class='ocrx_word' id='word_1_32' title='bbox 1400 397 1661 453; x_wconf 84' lang='lat' dir='ltr'>simulacro</span> <span class='ocrx_word' id='word_1_33' title='bbox 1703 419 1783 453; x_wconf 91' lang='lat' dir='ltr'>co-</span> 
     </span>
     <span class='ocr_line' id='line_1_5' title="bbox 100 476 1781 541; baseline 0.001 -15"><span class='ocrx_word' id='word_1_34' title='bbox 100 476 299 526; x_wconf 90' lang='lat' dir='ltr'>lendum</span> <span class='ocrx_word' id='word_1_35' title='bbox 334 490 442 524; x_wconf 91' lang='lat' dir='ltr'>esse</span> <span class='ocrx_word' id='word_1_36' title='bbox 476 482 725 541; x_wconf 82' lang='lat' dir='ltr'>censeret3</span> <span class='ocrx_word' id='word_1_37' title='bbox 765 482 911 540; x_wconf 88' lang='lat' dir='ltr'>atque</span> <span class='ocrx_word' id='word_1_38' title='bbox 951 477 1002 524; x_wconf 90' lang='lat' dir='ltr'>in</span> <span class='ocrx_word' id='word_1_39' title='bbox 1042 481 1142 523; x_wconf 90' lang='lat' dir='ltr'>tam</span> <span class='ocrx_word' id='word_1_40' title='bbox 1179 478 1404 540; x_wconf 88' lang='lat' dir='ltr'>proximo</span> <span class='ocrx_word' id='word_1_41' title='bbox 1445 479 1674 527; x_wconf 87' lang='lat' dir='ltr'>inventus</span> <span class='ocrx_word' id='word_1_42' title='bbox 1715 478 1781 527; x_wconf 85' lang='lat' dir='ltr'>fa·</span> 
     </span>
     <span class='ocr_line' id='line_1_6' title="bbox 100 548 1840 617; baseline 0.001 -18"><span class='ocrx_word' id='word_1_43' title='bbox 100 549 192 600; x_wconf 90' lang='lat' dir='ltr'>cile</span> <span class='ocrx_word' id='word_1_44' title='bbox 247 550 455 599; x_wconf 87' lang='lat' dir='ltr'>fortasse</span> <span class='ocrx_word' id='word_1_45' title='bbox 512 549 572 598; x_wconf 93' lang='lat' dir='ltr'>de</span> <span class='ocrx_word' id='word_1_46' title='bbox 628 551 814 598; x_wconf 86' lang='lat' dir='ltr'>animae</span> <span class='ocrx_word' id='word_1_47' title='bbox 871 548 1196 598; x_wconf 78' lang='lat' dir='ltr'>mutabilitate</span> <span class='ocrx_word' id='word_1_48' title='bbox 1252 558 1675 617; x_wconf 81' lang='lat' dir='ltr'>commoneretur,</span> <span class='ocrx_word' id='word_1_49' title='bbox 1727 558 1781 600; x_wconf 90' lang='lat' dir='ltr'>ut</span> <span class='ocrx_word' id='word_1_50' title='bbox 1815 559 1840 600; x_wconf 89' lang='lat'>5</span> 
     </span>
     <span class='ocr_line' id='line_1_7' title="bbox 99 621 1816 689; baseline 0.002 -16"><span class='ocrx_word' id='word_1_51' title='bbox 99 629 324 673; x_wconf 86' lang='lat' dir='ltr'>naturam</span> <span class='ocrx_word' id='word_1_52' title='bbox 362 625 528 688; x_wconf 91' lang='lat' dir='ltr'>potius</span> <span class='ocrx_word' id='word_1_53' title='bbox 567 621 1041 689; x_wconf 79' lang='lat' dir='ltr'>incommutabilem,</span> <span class='ocrx_word' id='word_1_54' title='bbox 1082 638 1205 689; x_wconf 88' lang='lat' dir='ltr'>quae</span> <span class='ocrx_word' id='word_1_55' title='bbox 1246 624 1402 688; x_wconf 83' lang='lat' dir='ltr'>ipsam</span> <span class='ocrx_word' id='word_1_56' title='bbox 1442 639 1638 688; x_wconf 88' lang='lat' dir='ltr'>quoque</span> <span class='ocrx_word' id='word_1_57' title='bbox 1679 627 1778 674; x_wconf 89' lang='lat' dir='ltr'>ani·</span> <span class='ocrx_word' id='word_1_58' title='bbox 1812 675 1816 678; x_wconf 80' lang='grc'>,</span> 
     </span>
     <span class='ocr_line' id='line_1_8' title="bbox 99 696 1779 763; baseline 0.001 -17"><span class='ocrx_word' id='word_1_59' title='bbox 99 712 227 746; x_wconf 89' lang='lat' dir='ltr'>mam</span> <span class='ocrx_word' id='word_1_60' title='bbox 267 696 589 763; x_wconf 80' lang='lat' dir='ltr'>condidisset,</span> <span class='ocrx_word' id='word_1_61' title='bbox 636 696 794 745; x_wconf 93' lang='lat' dir='ltr'>Deum</span> <span class='ocrx_word' id='word_1_62' title='bbox 831 711 1005 745; x_wconf 86' lang='lat' dir='ltr'>verum</span> <span class='ocrx_word' id='word_1_63' title='bbox 1046 711 1153 745; x_wconf 88' lang='lat' dir='ltr'>esse</span> <span class='ocrx_word' id='word_1_64' title='bbox 1195 698 1416 746; x_wconf 87' lang='lat' dir='ltr'>sentiret.</span> <span class='ocrx_word' id='word_1_65' title='bbox 1495 697 1625 747; x_wconf 88' lang='lat' dir='ltr'>Haec</span> <span class='ocrx_word' id='word_1_66' title='bbox 1666 714 1779 747; x_wconf 87' lang='lat' dir='ltr'>cum</span> 
     </span>
     <span class='ocr_line' id='line_1_9' title="bbox 97 769 1781 836; baseline 0.001 -16"><span class='ocrx_word' id='word_1_67' title='bbox 97 772 164 820; x_wconf 85' lang='lat' dir='ltr'>ita</span> <span class='ocrx_word' id='word_1_68' title='bbox 203 772 322 836; x_wconf 89' lang='lat' dir='ltr'>sint,</span> <span class='ocrx_word' id='word_1_69' title='bbox 370 785 710 835; x_wconf 89' lang='lat' dir='ltr'>quaecumque</span> <span class='ocrx_word' id='word_1_70' title='bbox 759 769 879 819; x_wconf 84' lang='lat' dir='ltr'>tales</span> <span class='ocrx_word' id='word_1_71' title='bbox 927 772 1019 819; x_wconf 86' lang='lat' dir='ltr'>viri</span> <span class='ocrx_word' id='word_1_72' title='bbox 1059 772 1109 819; x_wconf 92' lang='lat' dir='ltr'>in</span> <span class='ocrx_word' id='word_1_73' title='bbox 1150 772 1252 819; x_wconf 92' lang='lat' dir='ltr'>suis</span> <span class='ocrx_word' id='word_1_74' title='bbox 1291 770 1470 820; x_wconf 91' lang='lat' dir='ltr'>litteris</span> <span class='ocrx_word' id='word_1_75' title='bbox 1511 771 1781 821; x_wconf 88' lang='lat' dir='ltr'>multorum</span> 
     </span>
     <span class='ocr_line' id='line_1_10' title="bbox 82 843 1781 911; baseline 0 -17"><span class='ocrx_word' id='word_1_76' title='bbox 82 843 305 894; x_wconf 82' lang='lat' dir='ltr'>deorum</span> <span class='ocrx_word' id='word_1_77' title='bbox 335 843 547 893; x_wconf 88' lang='lat' dir='ltr'>ludibria</span> <span class='ocrx_word' id='word_1_78' title='bbox 577 852 868 911; x_wconf 86' lang='lat' dir='ltr'>posuerunt,</span> <span class='ocrx_word' id='word_1_79' title='bbox 909 845 1134 894; x_wconf 86' lang='lat' dir='ltr'>confiteri</span> <span class='ocrx_word' id='word_1_80' title='bbox 1174 859 1230 893; x_wconf 90' lang='lat' dir='ltr'>ea</span> <span class='ocrx_word' id='word_1_81' title='bbox 1268 846 1434 910; x_wconf 88' lang='lat' dir='ltr'>potius</span> <span class='ocrx_word' id='word_1_82' title='bbox 1475 845 1666 894; x_wconf 88' lang='lat' dir='ltr'>occulta</span> <span class='ocrx_word' id='word_1_83' title='bbox 1692 844 1781 894; x_wconf 89' lang='lat' dir='ltr'>Dei</span> 
     </span>
     <span class='ocr_line' id='line_1_11' title="bbox 97 917 1869 984; baseline 0 -17"><span class='ocrx_word' id='word_1_84' title='bbox 97 917 345 967; x_wconf 86' lang='lat' dir='ltr'>voluntate</span> <span class='ocrx_word' id='word_1_85' title='bbox 386 918 627 984; x_wconf 89' lang='lat' dir='ltr'>compulsi</span> <span class='ocrx_word' id='word_1_86' title='bbox 666 924 782 968; x_wconf 87' lang='lat' dir='ltr'>sunt</span> <span class='ocrx_word' id='word_1_87' title='bbox 822 933 968 983; x_wconf 88' lang='lat' dir='ltr'>quam</span> <span class='ocrx_word' id='word_1_88' title='bbox 1005 917 1305 983; x_wconf 91' lang='lat' dir='ltr'>persuadere</span> <span class='ocrx_word' id='word_1_89' title='bbox 1346 921 1521 968; x_wconf 88' lang='lat' dir='ltr'>conati.</span> <span class='ocrx_word' id='word_1_90' title='bbox 1594 918 1646 968; x_wconf 92' lang='lat' dir='ltr'>Si</span> <span class='ocrx_word' id='word_1_91' title='bbox 1685 934 1780 983; x_wconf 88' lang='lat' dir='ltr'>qua</span> <span class='ocrx_word' id='word_1_92' title='bbox 1817 928 1869 967; x_wconf 86' lang='lat'>10</span> 
     </span>
     <span class='ocr_line' id='line_1_12' title="bbox 98 990 1779 1059; baseline 0 -18"><span class='ocrx_word' id='word_1_93' title='bbox 98 993 250 1057; x_wconf 87' lang='lat' dir='ltr'>igitur</span> <span class='ocrx_word' id='word_1_94' title='bbox 289 1007 315 1040; x_wconf 89' lang='lat' dir='ltr'>a</span> <span class='ocrx_word' id='word_1_95' title='bbox 354 990 496 1041; x_wconf 89' lang='lat' dir='ltr'>nobis</span> <span class='ocrx_word' id='word_1_96' title='bbox 535 991 650 1041; x_wconf 91' lang='lat' dir='ltr'>inde</span> <span class='ocrx_word' id='word_1_97' title='bbox 690 994 970 1042; x_wconf 89' lang='lat' dir='ltr'>testimonia</span> <span class='ocrx_word' id='word_1_98' title='bbox 1008 992 1349 1059; x_wconf 86' lang='lat' dir='ltr'>proferuntur,</span> <span class='ocrx_word' id='word_1_99' title='bbox 1389 992 1448 1042; x_wconf 88' lang='lat' dir='ltr'>ad</span> <span class='ocrx_word' id='word_1_100' title='bbox 1489 1008 1573 1042; x_wconf 91' lang='lat' dir='ltr'>eos</span> <span class='ocrx_word' id='word_1_101' title='bbox 1614 993 1779 1042; x_wconf 88' lang='lat' dir='ltr'>redar-</span> 
     </span>
     <span class='ocr_line' id='line_1_13' title="bbox 97 1065 1781 1131; baseline 0.001 -17"><span class='ocrx_word' id='word_1_102' title='bbox 97 1065 318 1131; x_wconf 88' lang='lat' dir='ltr'>guendos</span> <span class='ocrx_word' id='word_1_103' title='bbox 366 1066 715 1130; x_wconf 79' lang='lat' dir='ltr'>proferuntur,</span> <span class='ocrx_word' id='word_1_104' title='bbox 763 1068 848 1130; x_wconf 88' lang='lat' dir='ltr'>qui</span> <span class='ocrx_word' id='word_1_105' title='bbox 899 1066 1074 1115; x_wconf 90' lang='lat' dir='ltr'>nolunt</span> <span class='ocrx_word' id='word_1_106' title='bbox 1114 1066 1369 1115; x_wconf 88' lang='lat' dir='ltr'>advertere</span> <span class='ocrx_word' id='word_1_107' title='bbox 1410 1066 1470 1115; x_wconf 91' lang='lat' dir='ltr'>de</span> <span class='ocrx_word' id='word_1_108' title='bbox 1511 1073 1692 1131; x_wconf 88' lang='lat' dir='ltr'>quanta</span> <span class='ocrx_word' id='word_1_109' title='bbox 1733 1074 1781 1116; x_wconf 91' lang='lat' dir='ltr'>et</span> 
     </span>
     <span class='ocr_line' id='line_1_14' title="bbox 97 1138 1780 1205; baseline 0 -17"><span class='ocrx_word' id='word_1_110' title='bbox 97 1153 244 1204; x_wconf 87' lang='lat' dir='ltr'>quam</span> <span class='ocrx_word' id='word_1_111' title='bbox 290 1138 500 1204; x_wconf 89' lang='lat' dir='ltr'>maligna</span> <span class='ocrx_word' id='word_1_112' title='bbox 547 1140 841 1189; x_wconf 89' lang='lat' dir='ltr'>daemonum</span> <span class='ocrx_word' id='word_1_113' title='bbox 887 1145 1130 1204; x_wconf 86' lang='lat' dir='ltr'>potestate</span> <span class='ocrx_word' id='word_1_114' title='bbox 1179 1155 1269 1189; x_wconf 90' lang='lat' dir='ltr'>nos</span> <span class='ocrx_word' id='word_1_115' title='bbox 1316 1139 1493 1189; x_wconf 89' lang='lat' dir='ltr'>liberet</span> <span class='ocrx_word' id='word_1_116' title='bbox 1533 1140 1780 1205; x_wconf 88' lang='lat' dir='ltr'>singulare</span> 
     </span>
     <span class='ocr_line' id='line_1_15' title="bbox 99 1213 1779 1279; baseline 0.001 -18"><span class='ocrx_word' id='word_1_117' title='bbox 99 1213 393 1262; x_wconf 86' lang='lat' dir='ltr'>sacrifici-um</span> <span class='ocrx_word' id='word_1_118' title='bbox 440 1219 539 1262; x_wconf 88' lang='lat' dir='ltr'>tam</span> <span class='ocrx_word' id='word_1_119' title='bbox 590 1215 747 1262; x_wconf 89' lang='lat' dir='ltr'>sancti</span> <span class='ocrx_word' id='word_1_120' title='bbox 794 1215 1047 1277; x_wconf 88' lang='lat' dir='ltr'>sanguinis</span> <span class='ocrx_word' id='word_1_121' title='bbox 1099 1214 1195 1262; x_wconf 87' lang='lat' dir='ltr'>fusi</span> <span class='ocrx_word' id='word_1_122' title='bbox 1242 1221 1292 1262; x_wconf 91' lang='lat' dir='ltr'>et</span> <span class='ocrx_word' id='word_1_123' title='bbox 1339 1214 1524 1263; x_wconf 92' lang='lat' dir='ltr'>donum</span> <span class='ocrx_word' id='word_1_124' title='bbox 1575 1215 1779 1279; x_wconf 89' lang='lat' dir='ltr'>spiritus</span> 
     </span>
     <span class='ocr_line' id='line_1_16' title="bbox 85 1287 1871 1351; baseline 0 -16"><span class='ocrx_word' id='word_1_125' title='bbox 85 1287 345 1351; x_wconf 85' lang='lat' dir='ltr'>impertiti.</span> <span class='ocrx_word' id='word_1_126' title='bbox 1817 1294 1871 1335; x_wconf 85' lang='lat'>15</span> 
     </span>
    </p>
   </div>
   <div class='ocr_carea' id='block_1_3' title="bbox 714 1387 1157 1469">
    <p class='ocr_par' dir='ltr' id='par_1_3' title="bbox 714 1387 1157 1469">
     <span class='ocr_line' id='line_1_17' title="bbox 714 1387 1157 1469; baseline 0.002 -1"><span class='ocrx_word' id='word_1_127' title='bbox 714 1387 909 1469; x_wconf 74' lang='lat' dir='ltr'><strong>CAPUT</strong></span> <span class='ocrx_word' id='word_1_128' title='bbox 934 1415 1157 1469; x_wconf 88' lang='lat' dir='ltr'>XXXII.</span> 
     </span>
    </p>
   </div>
   <div class='ocr_carea' id='block_1_4' title="bbox 173 1522 1698 1733">
    <p class='ocr_par' dir='ltr' id='par_1_4' title="bbox 173 1522 1698 1733">
     <span class='ocr_line' id='line_1_18' title="bbox 173 1522 1698 1587; baseline -0.001 -14"><span class='ocrx_word' id='word_1_129' title='bbox 173 1522 245 1574; x_wconf 79' lang='lat' dir='ltr'>ob</span> <span class='ocrx_word' id='word_1_130' title='bbox 284 1537 433 1584; x_wconf 81' lang='lat' dir='ltr'>quam</span> <span class='ocrx_word' id='word_1_131' title='bbox 470 1525 684 1587; x_wconf 77' lang='lat' dir='ltr'>speciem</span> <span class='ocrx_word' id='word_1_132' title='bbox 724 1525 958 1572; x_wconf 77' lang='lat' dir='ltr'>utilitatis</span> <span class='ocrx_word' id='word_1_133' title='bbox 992 1524 1255 1586; x_wconf 76' lang='lat' dir='ltr'>principes</span> <span class='ocrx_word' id='word_1_134' title='bbox 1290 1524 1515 1584; x_wconf 71' lang='lat' dir='ltr'>qentium</span> <span class='ocrx_word' id='word_1_135' title='bbox 1555 1524 1698 1586; x_wconf 79' lang='lat' dir='ltr'>apud</span> 
     </span>
     <span class='ocr_line' id='line_1_19' title="bbox 214 1595 1660 1661; baseline 0 -15"><span class='ocrx_word' id='word_1_136' title='bbox 214 1597 465 1647; x_wconf 79' lang='lat' dir='ltr'>subiectos</span> <span class='ocrx_word' id='word_1_137' title='bbox 502 1598 604 1647; x_wconf 83' lang='lat' dir='ltr'>sibi</span> <span class='ocrx_word' id='word_1_138' title='bbox 631 1599 844 1661; x_wconf 79' lang='lat' dir='ltr'>populos</span> <span class='ocrx_word' id='word_1_139' title='bbox 878 1595 1043 1658; x_wconf 82' lang='lat' dir='ltr'>falsas</span> <span class='ocrx_word' id='word_1_140' title='bbox 1082 1599 1352 1658; x_wconf 71' lang='lat' dir='ltr'>reliqiones</span> <span class='ocrx_word' id='word_1_141' title='bbox 1391 1599 1660 1646; x_wconf 78' lang='lat' dir='ltr'>voluerunt</span> 
     </span>
     <span class='ocr_line' id='line_1_20' title="bbox 774 1685 1094 1733; baseline 0 -14"><span class='ocrx_word' id='word_1_142' title='bbox 774 1685 1094 1733; x_wconf 79' lang='lat' dir='ltr'>permanere.</span> 
     </span>
    </p>
   </div>
   <div class='ocr_carea' id='block_1_5' title="bbox 88 1772 1868 2797">
    <p class='ocr_par' dir='ltr' id='par_1_5' title="bbox 88 1772 1868 2797">
     <span class='ocr_line' id='line_1_21' title="bbox 240 1772 1868 1839; baseline -0.001 -16"><span class='ocrx_word' id='word_1_143' title='bbox 240 1772 371 1823; x_wconf 88' lang='lat' dir='ltr'>Dicit</span> <span class='ocrx_word' id='word_1_144' title='bbox 410 1775 557 1823; x_wconf 87' lang='lat' dir='ltr'>etiam</span> <span class='ocrx_word' id='word_1_145' title='bbox 589 1773 648 1823; x_wconf 90' lang='lat' dir='ltr'>de</span> <span class='ocrx_word' id='word_1_146' title='bbox 681 1772 1083 1839; x_wconf 82' lang='lat' dir='ltr'>generationibus</span> <span class='ocrx_word' id='word_1_147' title='bbox 1125 1773 1332 1822; x_wconf 90' lang='lat' dir='ltr'>deorum</span> <span class='ocrx_word' id='word_1_148' title='bbox 1371 1774 1524 1837; x_wconf 85' lang='lat' dir='ltr'>magis</span> <span class='ocrx_word' id='word_1_149' title='bbox 1565 1772 1625 1822; x_wconf 90' lang='lat' dir='ltr'>ad</span> <span class='ocrx_word' id='word_1_150' title='bbox 1663 1789 1778 1838; x_wconf 91' lang='lat' dir='ltr'>poe·</span> <span class='ocrx_word' id='word_1_151' title='bbox 1812 1781 1868 1822; x_wconf 81' lang='lat'>20</span> 
     </span>
     <span class='ocr_line' id='line_1_22' title="bbox 93 1846 1777 1913; baseline -0.001 -15"><span class='ocrx_word' id='word_1_152' title='bbox 93 1854 166 1899; x_wconf 83' lang='lat' dir='ltr'>tas</span> <span class='ocrx_word' id='word_1_153' title='bbox 219 1862 367 1912; x_wconf 82' lang='lat' dir='ltr'>quam</span> <span class='ocrx_word' id='word_1_154' title='bbox 413 1847 473 1896; x_wconf 89' lang='lat' dir='ltr'>ad</span> <span class='ocrx_word' id='word_1_155' title='bbox 526 1846 758 1912; x_wconf 87' lang='lat' dir='ltr'>physicos</span> <span class='ocrx_word' id='word_1_156' title='bbox 806 1848 959 1896; x_wconf 87' lang='lat' dir='ltr'>fuisse</span> <span class='ocrx_word' id='word_1_157' title='bbox 999 1846 1209 1912; x_wconf 90' lang='lat' dir='ltr'>populos</span> <span class='ocrx_word' id='word_1_158' title='bbox 1249 1846 1532 1913; x_wconf 78' lang='lat' dir='ltr'>inclinatOS,</span> <span class='ocrx_word' id='word_1_159' title='bbox 1580 1854 1628 1896; x_wconf 89' lang='lat' dir='ltr'>et</span> <span class='ocrx_word' id='word_1_160' title='bbox 1667 1846 1777 1896; x_wconf 91' lang='lat' dir='ltr'>ideo</span> 
     </span>
     <span class='ocr_line' id='line_1_23' title="bbox 98 1920 1778 1986; baseline -0.001 -15"><span class='ocrx_word' id='word_1_161' title='bbox 98 1928 147 1972; x_wconf 88' lang='lat' dir='ltr'>et</span> <span class='ocrx_word' id='word_1_162' title='bbox 178 1936 352 1970; x_wconf 87' lang='lat' dir='ltr'>sexum</span> <span class='ocrx_word' id='word_1_163' title='bbox 376 1928 426 1970; x_wconf 91' lang='lat' dir='ltr'>et</span> <span class='ocrx_word' id='word_1_164' title='bbox 449 1923 793 1986; x_wconf 87' lang='lat' dir='ltr'>generationes</span> <span class='ocrx_word' id='word_1_165' title='bbox 826 1920 1032 1970; x_wconf 90' lang='lat' dir='ltr'>deorum</span> <span class='ocrx_word' id='word_1_166' title='bbox 1072 1921 1284 1969; x_wconf 89' lang='lat' dir='ltr'>maiores</span> <span class='ocrx_word' id='word_1_167' title='bbox 1325 1935 1456 1986; x_wconf 79' lang='lat' dir='ltr'>suOS,</span> <span class='ocrx_word' id='word_1_168' title='bbox 1496 1921 1545 1969; x_wconf 95' lang='lat' dir='ltr'>id</span> <span class='ocrx_word' id='word_1_169' title='bbox 1585 1927 1661 1969; x_wconf 91' lang='lat' dir='ltr'>est</span> <span class='ocrx_word' id='word_1_170' title='bbox 1699 1936 1778 1969; x_wconf 90' lang='lat' dir='ltr'>ve-</span> 
     </span>
     <span class='ocr_line' id='line_1_24' title="bbox 94 1993 1778 2059; baseline -0.001 -14"><span class='ocrx_word' id='word_1_171' title='bbox 94 2002 227 2046; x_wconf 86' lang='lat' dir='ltr'>teres</span> <span class='ocrx_word' id='word_1_172' title='bbox 276 1994 545 2044; x_wconf 89' lang='lat' dir='ltr'>credidisse</span> <span class='ocrx_word' id='word_1_173' title='bbox 584 1993 831 2043; x_wconf 89' lang='lat' dir='ltr'>Romanos</span> <span class='ocrx_word' id='word_1_174' title='bbox 872 2000 922 2043; x_wconf 91' lang='lat' dir='ltr'>et</span> <span class='ocrx_word' id='word_1_175' title='bbox 968 2009 1140 2043; x_wconf 88' lang='lat' dir='ltr'>eorum</span> <span class='ocrx_word' id='word_1_176' title='bbox 1181 1995 1498 2043; x_wconf 85' lang='lat' dir='ltr'>constituisse</span> <span class='ocrx_word' id='word_1_177' title='bbox 1538 1995 1778 2059; x_wconf 88' lang='lat' dir='ltr'>coniugia.</span> 
     </span>
     <span class='ocr_line' id='line_1_25' title="bbox 95 2066 1780 2133; baseline -0.001 -15"><span class='ocrx_word' id='word_1_178' title='bbox 95 2068 236 2128; x_wconf 89' lang='lat' dir='ltr'>Quod</span> <span class='ocrx_word' id='word_1_179' title='bbox 286 2069 459 2133; x_wconf 90' lang='lat' dir='ltr'>utique</span> <span class='ocrx_word' id='word_1_180' title='bbox 507 2083 607 2116; x_wconf 93' lang='lat' dir='ltr'>non</span> <span class='ocrx_word' id='word_1_181' title='bbox 653 2067 793 2116; x_wconf 89' lang='lat' dir='ltr'>aliam</span> <span class='ocrx_word' id='word_1_182' title='bbox 842 2067 904 2116; x_wconf 93' lang='lat' dir='ltr'>ob</span> <span class='ocrx_word' id='word_1_183' title='bbox 952 2082 1149 2118; x_wconf 87' lang='lat' dir='ltr'>causam</span> <span class='ocrx_word' id='word_1_184' title='bbox 1189 2068 1373 2117; x_wconf 87' lang='lat' dir='ltr'>factum</span> <span class='ocrx_word' id='word_1_185' title='bbox 1411 2066 1629 2133; x_wconf 88' lang='lat' dir='ltr'>videtur,</span> <span class='ocrx_word' id='word_1_186' title='bbox 1683 2069 1780 2117; x_wconf 89' lang='lat' dir='ltr'>nisi</span> 
     </span>
     <span class='ocr_line' id='line_1_26' title="bbox 95 2140 1867 2207; baseline -0.002 -15"><span class='ocrx_word' id='word_1_187' title='bbox 95 2144 208 2207; x_wconf 86' lang='lat' dir='ltr'>quia</span> <span class='ocrx_word' id='word_1_188' title='bbox 245 2142 502 2191; x_wconf 90' lang='lat' dir='ltr'>hominum</span> <span class='ocrx_word' id='word_1_189' title='bbox 548 2140 681 2190; x_wconf 83' lang='lat' dir='ltr'>velut</span> <span class='ocrx_word' id='word_1_190' title='bbox 725 2141 1046 2206; x_wconf 89' lang='lat' dir='ltr'>prudentium</span> <span class='ocrx_word' id='word_1_191' title='bbox 1092 2148 1142 2190; x_wconf 87' lang='lat' dir='ltr'>et</span> <span class='ocrx_word' id='word_1_192' title='bbox 1190 2142 1487 2206; x_wconf 87' lang='lat' dir='ltr'>sapientium</span> <span class='ocrx_word' id='word_1_193' title='bbox 1525 2143 1780 2206; x_wconf 86' lang='lat' dir='ltr'>negotium</span> <span class='ocrx_word' id='word_1_194' title='bbox 1812 2148 1867 2190; x_wconf 83' lang='lat'>25</span> 
     </span>
     <span class='ocr_line' id='line_1_27' title="bbox 97 2214 1780 2281; baseline 0 -16"><span class='ocrx_word' id='word_1_195' title='bbox 97 2215 192 2265; x_wconf 88' lang='lat' dir='ltr'>fuit</span> <span class='ocrx_word' id='word_1_196' title='bbox 243 2215 485 2281; x_wconf 90' lang='lat' dir='ltr'>populum</span> <span class='ocrx_word' id='word_1_197' title='bbox 538 2217 590 2264; x_wconf 94' lang='lat' dir='ltr'>in</span> <span class='ocrx_word' id='word_1_198' title='bbox 640 2214 962 2279; x_wconf 85' lang='lat' dir='ltr'>religionibus</span> <span class='ocrx_word' id='word_1_199' title='bbox 1010 2214 1177 2264; x_wconf 83' lang='lat' dir='ltr'>fallere</span> <span class='ocrx_word' id='word_1_200' title='bbox 1226 2222 1276 2264; x_wconf 88' lang='lat' dir='ltr'>et</span> <span class='ocrx_word' id='word_1_201' title='bbox 1327 2216 1379 2264; x_wconf 92' lang='lat' dir='ltr'>in</span> <span class='ocrx_word' id='word_1_202' title='bbox 1426 2230 1483 2264; x_wconf 93' lang='lat' dir='ltr'>eo</span> <span class='ocrx_word' id='word_1_203' title='bbox 1530 2216 1639 2280; x_wconf 89' lang='lat' dir='ltr'>ipso</span> <span class='ocrx_word' id='word_1_204' title='bbox 1679 2230 1780 2265; x_wconf 89' lang='lat' dir='ltr'>non</span> 
     </span>
     <span class='ocr_line' id='line_1_28' title="bbox 98 2287 1779 2355; baseline -0.001 -16"><span class='ocrx_word' id='word_1_205' title='bbox 98 2289 254 2340; x_wconf 89' lang='lat' dir='ltr'>solum</span> <span class='ocrx_word' id='word_1_206' title='bbox 286 2289 465 2355; x_wconf 93' lang='lat' dir='ltr'>colere,</span> <span class='ocrx_word' id='word_1_207' title='bbox 505 2288 591 2338; x_wconf 88' lang='lat' dir='ltr'>sed</span> <span class='ocrx_word' id='word_1_208' title='bbox 623 2290 806 2338; x_wconf 85' lang='lat' dir='ltr'>imitari</span> <span class='ocrx_word' id='word_1_209' title='bbox 844 2291 992 2338; x_wconf 89' lang='lat' dir='ltr'>etiam</span> <span class='ocrx_word' id='word_1_210' title='bbox 1032 2289 1311 2354; x_wconf 81' lang='lat' dir='ltr'>daemoneS,</span> <span class='ocrx_word' id='word_1_211' title='bbox 1351 2287 1531 2353; x_wconf 89' lang='lat' dir='ltr'>quibus</span> <span class='ocrx_word' id='word_1_212' title='bbox 1572 2290 1779 2338; x_wconf 85' lang='lat' dir='ltr'>maxima</span> 
     </span>
     <span class='ocr_line' id='line_1_29' title="bbox 99 2361 1778 2427; baseline -0.001 -15"><span class='ocrx_word' id='word_1_213' title='bbox 99 2369 175 2412; x_wconf 87' lang='lat' dir='ltr'>est</span> <span class='ocrx_word' id='word_1_214' title='bbox 226 2362 423 2412; x_wconf 86' lang='lat' dir='ltr'>fallendi</span> <span class='ocrx_word' id='word_1_215' title='bbox 477 2361 734 2427; x_wconf 70' lang='lat' dir='ltr'>cupiditas</span> <span class='ocrx_word' id='word_1_216' title='bbox 825 2361 964 2413; x_wconf 86' lang='lat' dir='ltr'>Sicut</span> <span class='ocrx_word' id='word_1_217' title='bbox 1018 2365 1152 2413; x_wconf 90' lang='lat' dir='ltr'>enim</span> <span class='ocrx_word' id='word_1_218' title='bbox 1212 2361 1474 2412; x_wconf 87' lang='lat' dir='ltr'>daemones</span> <span class='ocrx_word' id='word_1_219' title='bbox 1528 2363 1624 2411; x_wconf 86' lang='lat' dir='ltr'>nisi</span> <span class='ocrx_word' id='word_1_220' title='bbox 1679 2377 1778 2427; x_wconf 63' lang='grc' dir='ltr'>θος,</span> 
     </span>
     <span class='ocr_line' id='line_1_30' title="bbox 97 2435 1778 2502; baseline -0.001 -18"><span class='ocrx_word' id='word_1_221' title='bbox 97 2450 220 2500; x_wconf 85' lang='lat' dir='ltr'>quos</span> <span class='ocrx_word' id='word_1_222' title='bbox 266 2435 476 2486; x_wconf 86' lang='lat' dir='ltr'>fallendo</span> <span class='ocrx_word' id='word_1_223' title='bbox 523 2436 835 2502; x_wconf 86' lang='lat' dir='ltr'>deceperint,</span> <span class='ocrx_word' id='word_1_224' title='bbox 888 2436 1144 2502; x_wconf 90' lang='lat' dir='ltr'>possidere</span> <span class='ocrx_word' id='word_1_225' title='bbox 1191 2450 1291 2485; x_wconf 92' lang='lat' dir='ltr'>non</span> <span class='ocrx_word' id='word_1_226' title='bbox 1329 2442 1568 2501; x_wconf 85' lang='lat' dir='ltr'>possunt,</span> <span class='ocrx_word' id='word_1_227' title='bbox 1619 2437 1689 2484; x_wconf 90' lang='lat' dir='ltr'>sic</span> <span class='ocrx_word' id='word_1_228' title='bbox 1730 2443 1778 2483; x_wconf 86' lang='lat' dir='ltr'>et</span> 
     </span>
     <span class='ocr_line' id='line_1_31' title="bbox 95 2507 1867 2576; baseline -0.001 -18"><span class='ocrx_word' id='word_1_229' title='bbox 95 2507 319 2559; x_wconf 89' lang='lat' dir='ltr'>homines</span> <span class='ocrx_word' id='word_1_230' title='bbox 350 2511 617 2576; x_wconf 80' lang='lat' dir='ltr'>principeS,</span> <span class='ocrx_word' id='word_1_231' title='bbox 656 2524 756 2558; x_wconf 92' lang='lat' dir='ltr'>non</span> <span class='ocrx_word' id='word_1_232' title='bbox 789 2525 905 2559; x_wconf 91' lang='lat' dir='ltr'>sane</span> <span class='ocrx_word' id='word_1_233' title='bbox 944 2512 1078 2576; x_wconf 91' lang='lat' dir='ltr'>iusti,</span> <span class='ocrx_word' id='word_1_234' title='bbox 1118 2508 1205 2559; x_wconf 90' lang='lat' dir='ltr'>sed</span> <span class='ocrx_word' id='word_1_235' title='bbox 1245 2509 1539 2559; x_wconf 87' lang='lat' dir='ltr'>daemonum</span> <span class='ocrx_word' id='word_1_236' title='bbox 1579 2507 1778 2573; x_wconf 91' lang='lat' dir='ltr'>similes,</span> <span class='ocrx_word' id='word_1_237' title='bbox 1811 2515 1867 2557; x_wconf 88' lang='lat'>30</span> 
     </span>
     <span class='ocr_line' id='line_1_32' title="bbox 88 2579 1778 2650; baseline -0.001 -19"><span class='ocrx_word' id='word_1_238' title='bbox 88 2594 177 2649; x_wconf 80' lang='lat' dir='ltr'>ea,</span> <span class='ocrx_word' id='word_1_239' title='bbox 228 2598 352 2648; x_wconf 86' lang='lat' dir='ltr'>quae</span> <span class='ocrx_word' id='word_1_240' title='bbox 406 2597 528 2632; x_wconf 89' lang='lat' dir='ltr'>vana</span> <span class='ocrx_word' id='word_1_241' title='bbox 582 2598 690 2632; x_wconf 91' lang='lat' dir='ltr'>esse</span> <span class='ocrx_word' id='word_1_242' title='bbox 739 2590 1000 2650; x_wconf 87' lang='lat' dir='ltr'>noverant,</span> <span class='ocrx_word' id='word_1_243' title='bbox 1040 2583 1292 2647; x_wconf 89' lang='lat' dir='ltr'>religionis</span> <span class='ocrx_word' id='word_1_244' title='bbox 1332 2584 1529 2631; x_wconf 92' lang='lat' dir='ltr'>nomine</span> <span class='ocrx_word' id='word_1_245' title='bbox 1583 2579 1778 2646; x_wconf 88' lang='lat' dir='ltr'>populis</span> 
     </span>
     <span class='ocr_line' id='line_1_33' title="bbox 96 2654 1779 2724; baseline -0.001 -20"><span class='ocrx_word' id='word_1_246' title='bbox 96 2660 345 2721; x_wconf 85' lang='lat' dir='ltr'>tamquam</span> <span class='ocrx_word' id='word_1_247' title='bbox 390 2671 506 2706; x_wconf 90' lang='lat' dir='ltr'>vera</span> <span class='ocrx_word' id='word_1_248' title='bbox 552 2656 846 2724; x_wconf 84' lang='lat' dir='ltr'>suadebant,</span> <span class='ocrx_word' id='word_1_249' title='bbox 901 2656 994 2707; x_wconf 92' lang='lat' dir='ltr'>hoc</span> <span class='ocrx_word' id='word_1_250' title='bbox 1044 2656 1188 2706; x_wconf 92' lang='lat' dir='ltr'>modo</span> <span class='ocrx_word' id='word_1_251' title='bbox 1241 2671 1326 2704; x_wconf 91' lang='lat' dir='ltr'>eos</span> <span class='ocrx_word' id='word_1_252' title='bbox 1377 2654 1505 2704; x_wconf 90' lang='lat' dir='ltr'>civili</span> <span class='ocrx_word' id='word_1_253' title='bbox 1555 2655 1779 2703; x_wconf 87' lang='lat' dir='ltr'>societati</span> 
     </span>
     <span class='ocr_line' id='line_1_34' title="bbox 99 2727 1778 2797; baseline -0.002 -18"><span class='ocrx_word' id='word_1_254' title='bbox 99 2728 231 2779; x_wconf 73' lang='lat' dir='ltr'>velut</span> <span class='ocrx_word' id='word_1_255' title='bbox 269 2732 429 2795; x_wconf 87' lang='lat' dir='ltr'>aptius</span> <span class='ocrx_word' id='word_1_256' title='bbox 468 2728 745 2797; x_wconf 81' lang='lat' dir='ltr'>alliganteS,</span> <span class='ocrx_word' id='word_1_257' title='bbox 785 2745 882 2795; x_wconf 89' lang='lat' dir='ltr'>quo</span> <span class='ocrx_word' id='word_1_258' title='bbox 923 2730 1150 2780; x_wconf 87' lang='lat' dir='ltr'>similiter</span> <span class='ocrx_word' id='word_1_259' title='bbox 1189 2728 1412 2779; x_wconf 89' lang='lat' dir='ltr'>subditos</span> <span class='ocrx_word' id='word_1_260' title='bbox 1451 2727 1778 2792; x_wconf 89' lang='lat' dir='ltr'>possiderent.</span> 
     </span>
    </p>
   </div>
   <div class='ocr_carea' id='block_1_6' title="bbox 215 2867 1496 2929">
    <p class='ocr_par' dir='ltr' id='par_1_6' title="bbox 215 2867 1496 2929">
     <span class='ocr_line' id='line_1_35' title="bbox 215 2867 1496 2929; baseline -0.002 -14"><span class='ocrx_word' id='word_1_261' title='bbox 215 2875 267 2915; x_wconf 90' lang='lat'>18</span> <span class='ocrx_word' id='word_1_262' title='bbox 299 2872 453 2915; x_wconf 83' lang='lat' dir='ltr'>malim</span> <span class='ocrx_word' id='word_1_263' title='bbox 484 2871 718 2916; x_wconf 82' lang='lat' dir='ltr'>voluerint</span> <span class='ocrx_word' id='word_1_264' title='bbox 739 2874 754 2927; x_wconf 84' lang='grc' dir='ltr'>ΙΙ</span> <span class='ocrx_word' id='word_1_265' title='bbox 779 2876 833 2916; x_wconf 88' lang='grc'>33</span> <span class='ocrx_word' id='word_1_266' title='bbox 867 2871 1021 2929; x_wconf 78' lang='lat' dir='ltr'>aptius</span> <span class='ocrx_word' id='word_1_267' title='bbox 1055 2870 1216 2924; x_wconf 64' lang='lat' dir='ltr'><strong><em>GKR·</em></strong></span> <span class='ocrx_word' id='word_1_268' title='bbox 1247 2869 1391 2913; x_wconf 75' lang='lat' dir='ltr'>artius</span> <span class='ocrx_word' id='word_1_269' title='bbox 1424 2867 1496 2913; x_wconf 78' lang='grc' dir='ltr'>Δυ</span> 
     </span>
    </p>
   </div>
  </div>
 </body>
</html>
