2020 3122
235 134 338 186 148
906 144 940 178 s.
966 143 1241 179 AUGUszrnvr

233 258 431 307 advenis
471 256 703 307 fluctibus
742 255 979 306 insulatas
1026 257 1241 321 aliasque
1283 257 1468 307 desidia
1507 258 1656 306 maris
1694 256 1915 322 pedestri

233 347 435 380 accessu
486 333 679 396 pervias
733 331 906 396 factas3
962 333 1120 380 ventis
1172 346 1227 380 ac
1278 331 1507 396 procellis
1558 345 1754 380 eversas
1805 345 1914 381 esse

233 407 477 471 civitates3
523 405 749 454 incendia
800 405 859 453 de
907 404 1122 454 nubibus
1170 406 1428 471 emicasse,
1476 404 1655 469 quibus
1696 403 1914 454 Orientis

232 480 460 542 regiones
513 479 836 543 conflagratae
891 479 1172 545 perierunt,
1226 485 1275 527 et
1331 481 1381 527 in
1422 478 1705 527 Occidentis
1758 478 1913 543 plagis

173 563 199 602 5
234 554 586 616 scaturrigines
633 551 866 617 quasdam
915 567 970 601 ac
1009 551 1324 617 proluviones
1365 552 1562 601 easdem
1602 556 1792 616 strages
1831 551 1914 601 de-

232 626 385 691 disse3
427 628 498 675 sic
538 642 596 675 ex
622 626 804 675 Aetnae
837 625 1106 675 verticibus
1147 625 1393 690 quondam
1432 626 1602 675 effusis
1642 624 1917 674 crateribus

233 699 396 748 divino
436 699 664 749 incendio
697 715 786 764 per
819 699 1021 748 declivia
1059 701 1297 749 torrentis
1336 701 1441 749 vice
1480 699 1788 748 flammarum
1826 698 1915 748 ssu-

231 774 365 822 mina
411 768 741 839 cucurrisse),
796 799 864 807 —-
912 774 954 821 si
999 773 1118 821 haec
1178 779 1325 836 atque
1383 774 1531 822 huius
1581 772 1735 838 modi,
1792 788 1916 837 quae

231 846 380 895 habet
417 846 644 912 historia,
692 845 822 894 unde
862 861 1082 912 possem,
1122 845 1352 910 colligere
1391 847 1680 912 voluissem,
1722 847 1917 909 quando

146 931 200 970 10
231 917 487 969 finissem?
519 935 643 984 quae
667 919 763 968 illis
788 919 1094 983 temporibus
1127 927 1415 985 evenerunt,
1447 925 1710 983 antequam
1736 919 1919 970 Christi

233 1008 413 1042 nomen
455 994 550 1043 ulla
599 996 807 1042 istorum
855 1007 975 1040 vana
1022 999 1071 1041 et
1119 1008 1261 1042 verae
1303 993 1449 1042 saluti
1486 995 1763 1058 perniciosa
1803 1009 1916 1042 con-

231 1069 483 1132 primeret.
560 1067 890 1115 Promiseram
946 1068 1093 1115 etiam
1139 1082 1216 1115 me
1265 1066 1742 1133 demonstraturum,
1794 1082 1918 1131 quos

235 1155 408 1189 eorum
447 1156 610 1189 mores
659 1147 708 1189 et
756 1155 903 1203 quam
943 1139 1004 1188 ob
1046 1155 1242 1190 causam
1283 1140 1414 1190 Deus
1452 1155 1601 1189 verus
1641 1139 1697 1188 ad
1739 1155 1919 1206 augen-

235 1214 351 1263 dum
399 1216 662 1279 imperium
710 1213 939 1262 adiuvare
987 1213 1215 1279 dignatus
1265 1221 1361 1280 est,
1404 1216 1455 1263 in
1495 1215 1639 1263 cuius
1676 1220 1919 1279 potestate

148 1297 202 1337 15
235 1294 351 1337 sunt
390 1303 541 1352 regna
581 1289 766 1353 omnia,
805 1302 1050 1351 quamque
1091 1288 1211 1336 nihil
1251 1303 1336 1337 eos
1376 1288 1653 1337 adiuverint
1690 1287 1756 1354 hi,
1797 1303 1920 1352 quos

238 1362 356 1411 deos
410 1367 611 1426 putant,
668 1367 716 1410 et
769 1362 935 1424 potius
983 1367 1221 1425 quantum
1269 1361 1558 1426 decipiendo
1607 1368 1656 1410 et
1709 1361 1919 1410 fallendo

237 1437 522 1484 nocuerint:
562 1434 692 1482 unde
717 1449 849 1482 nunc
883 1434 1002 1483 mihi
1033 1435 1172 1484 video
1215 1451 1322 1484 esse
1363 1435 1641 1501 dicendum,
1681 1441 1730 1483 et
1768 1437 1922 1500 magis

239 1508 298 1557 de
346 1509 667 1557 incrementis
713 1509 908 1572 imperii
954 1508 1175 1557 Romani.
1252 1509 1374 1558 Nam
1425 1509 1485 1557 de
1537 1510 1681 1557 noxia
1733 1508 1921 1558 fallacia

241 1581 557 1647 daemonum,
609 1596 732 1645 quos
779 1580 911 1630 velut
951 1581 1070 1630 deos
1110 1582 1356 1648 colebant,
1404 1589 1642 1646 quantum
1681 1582 1923 1632 malorum

150 1666 206 1704 20
240 1657 482 1704 invexerit
528 1653 750 1703 moribus
797 1670 992 1720 eorum,
1038 1658 1088 1704 in
1137 1657 1354 1705 secundo
1402 1658 1609 1704 maxime
1657 1655 1783 1705 libro
1823 1672 1922 1705 non

240 1744 395 1793 pauca
447 1731 543 1777 iam
591 1728 720 1776 dicta
769 1734 896 1777 sunt.
974 1728 1070 1778 Per
1116 1745 1286 1778 omnes
1327 1735 1490 1778 autem
1530 1729 1780 1779 absolutos
1819 1737 1924 1779 tres

240 1802 408 1868 libros,
447 1802 532 1851 ubi
572 1807 906 1866 opportunum
946 1804 1104 1856 visum
1146 1810 1235 1868 est,
1275 1803 1739 1870 commendavimus,
1778 1805 1922 1853 etiam

239 1878 291 1925 in
346 1878 466 1940 ipsis
531 1875 720 1924 bellicis
783 1875 922 1924 malis
986 1883 1223 1940 quantum
1286 1877 1580 1925 solaciorum
1643 1877 1773 1926 Deu's
1834 1893 1924 1942 per

243 1949 425 1998 Christi
477 1964 686 2014 nomen,
741 1951 821 1998 cui
876 1955 1066 1998 tantum
1127 1950 1331 1999 honoris
1388 1949 1585 1998 barbari
1639 1950 1925 2000 detulerunt

154 2033 209 2072 25
242 2029 438 2087 praeter
485 2022 728 2070 bellorum
768 2037 976 2088 morem,
1023 2022 1166 2072 bonis
1206 2023 1444 2088 malisque
1486 2025 1774 2090 contulerit,
1826 2040 1923 2088 quo
1976 2032 1977 2036 ’

239 2096 384 2145 modo
432 2098 521 2156 qui
559 2095 691 2156 facit
735 2099 884 2145 solem
929 2112 1073 2146 suum
1120 2100 1254 2147 oriri
1298 2113 1452 2160 super
1491 2099 1643 2148 bonos
1683 2104 1731 2148 et
1769 2102 1925 2148 malos

241 2176 290 2220 et
320 2172 452 2232 pluit
490 2184 642 2230 super
683 2172 834 2218 iustos
874 2175 922 2219 et
961 2173 1182 2220 iniustos.

913 2282 1109 2337 CAPUT
1150 2284 1246 2339 ΙΙΙ.

243 2375 322 2423 An
363 2377 577 2423 latitudo
619 2378 837 2437 mapali,
886 2390 1016 2435 quae
1057 2391 1155 2425 mm
1196 2380 1297 2426 nisi
1334 2379 1472 2427 bellis
1512 2380 1827 2438 adquiritur,
1876 2379 1927 2426 in

157 2474 213 2513 30
371 2450 511 2497 bonis
552 2451 656 2497 sive
694 2451 997 2510 sapientium
1036 2451 1273 2499 habenda
1311 2454 1378 2499 sit
1414 2453 1518 2500 sive
1552 2450 1793 2511 felicium.

390 2535 490 2583 Iam
539 2537 701 2599 itaque
752 2536 1022 2600 videamuS,
1071 2536 1212 2599 quale
1262 2539 1325 2585 sit
1372 2538 1502 2600 quod
1542 2544 1727 2593 tantam
1767 2538 1927 2587 latitu-

243 2610 406 2659 dinem
456 2624 510 2657 ac
559 2609 933 2657 diuturnitatem
981 2610 1176 2673 imperii
1215 2610 1421 2659 Romani
1469 2611 1564 2659 illis
1613 2611 1705 2660 diis
1746 2611 1927 2661 audent

363 2708 434 2762 12)
467 2707 516 2750 P.
552 2712 622 2762 52,
659 2712 724 2749 11.
788 2707 860 2759 27)
893 2707 975 2750 Mt.
1010 2710 1050 2762 5,
1083 2711 1152 2751 45.

248 2809 750 2914 02Αξίῗ16ἓῗιῇἒττὶἕὶηθε
784 2809 989 2861 CAKF;
1021 2809 1236 2867 scaturig.
1269 2824 1293 2854 v
1318 2812 1333 2866 Η
1362 2815 1410 2854 11
1446 2811 1542 2854 ulla
1577 2811 1755 2864 C¹KF;
1794 2811 1926 2854 nulla,
