2020 3122
211 134 318 187 336
891 143 926 177 S.
953 142 1229 191 AUGUS'HM

213 259 272 307 de
312 266 515 307 naturae
555 258 873 321 inquisitione
913 263 1175 322 tractatur,
1224 262 1273 305 et
1312 253 1599 304 rationalem
1639 255 1739 303 sive
1779 252 1898 318 logi-

213 347 334 397 cam,
373 334 423 380 in
465 346 560 395 qua
599 332 856 395 quaeritur
895 345 1110 394 quonam
1149 329 1293 378 modo
1333 330 1515 377 veritas
1555 330 1744 392 percipi
1782 343 1893 392 pos-

164 450 172 463 ,
213 407 301 471 sit,
354 412 403 454 et
442 403 676 454 moralem
722 404 798 453 vel
844 404 1080 469 ethicam,
1131 405 1181 452 in
1231 418 1325 466 qua
1373 402 1432 450 de
1473 400 1695 450 moribus
1735 403 1897 467 agitur

211 478 556 542 honorumque
595 477 776 527 finibus
816 477 1102 542 adpetendiS
1143 475 1483 539 malorumque
1522 475 1748 541 vitandiS,
1786 475 1897 525 ideo

154 546 180 601 ἐ»
216 554 374 602 nescit
419 551 479 601 ab
524 567 624 601 uno
672 567 788 600 vero
828 551 928 600 Deo
976 559 1122 614 atque
1170 550 1354 614 optimo
1403 555 1454 598 et
1490 555 1717 598 naturam
1756 548 1899 599 nobis

213 641 349 692 esse,
399 641 496 690 qua
550 627 666 675 facti
720 626 779 674 ad
826 627 932 674 eius
978 626 1241 688 imaginem
1280 638 1478 689 sumUS,
1524 629 1573 671 et
1611 622 1899 689 doctrinam,

213 714 309 764 qua
341 715 455 748 eum
479 714 668 764 nosque
701 700 998 764 noverimuS,
1039 705 1087 747 et
1126 698 1348 762 gratiam,
1387 711 1483 761 qua
1521 695 1593 745 illi
1632 695 1897 746 cohaeren-

212 773 274 821 do
313 772 445 822 beati
491 775 659 822 simus,
735 772 866 820 Haec
913 774 1079 835 itaque
1128 785 1274 820 causa
1314 776 1390 819 est
1429 785 1519 819 cur
1557 772 1679 819 istos
1719 772 1899 820 ceteris

212 847 563 913 praeferamus,
603 848 731 911 quia,
772 861 885 894 cum
918 845 998 894 alii
1036 844 1317 909 philosophi
1354 846 1550 908 ingenia
1588 859 1676 893 sua
1716 844 1898 894 studia·

127 929 182 969 10
214 935 309 984 que
350 922 674 969 contriverint
718 921 768 967 in
818 918 1131 983 requirendis
1170 933 1339 967 rerum
1380 919 1563 983 causiS,
1610 925 1660 967 et
1699 920 1899 982 quinam

214 1001 344 1042 esset
383 994 558 1042 modus
598 992 819 1041 discendi
859 999 1005 1056 atque
1045 992 1255 1058 vivendi,
1293 993 1377 1041 isti
1409 991 1509 1040 Deo
1551 993 1746 1056 cognito
1786 1007 1897 1057 rep-

211 1074 450 1131 pererunt
499 1066 585 1115 ubi
632 1074 764 1115 esset
815 1073 862 1115 et
913 1081 1059 1115 causa
1115 1067 1411 1115 constitutae
1462 1067 1797 1115 universitatis
1850 1072 1900 1115 et

211 1139 295 1188 lux
359 1140 704 1204 percipiendae
766 1141 987 1189 veritatis
1050 1147 1098 1189 et
1160 1140 1270 1188 fons
1331 1139 1572 1188 bibendae
1634 1139 1896 1190 felicitatis».

214 1212 326 1262 Sive
373 1228 490 1278 ergo
536 1215 619 1262 isti
658 1213 896 1262 Platonici
944 1215 1046 1262 sive
1093 1215 1393 1277 quicumque
1441 1213 1519 1261 alii
1569 1213 1900 1277 quarumlibet

128 1295 182 1335 15
215 1288 434 1351 gentium
480 1286 759 1351 philosophi
807 1287 866 1336 de
907 1287 1007 1336 Deo
1056 1289 1149 1336 ista
1197 1289 1438 1353 sentiunt,
1490 1286 1748 1336 nobiscum
1789 1302 1897 1336 sen·

214 1362 358 1409 tiunt.
436 1360 532 1408 Sed
572 1360 681 1409 ideo
722 1377 835 1410 cum
868 1361 1132 1410 Platonicis
1172 1363 1324 1425 magis
1364 1376 1509 1426 agere
1549 1360 1734 1425 placuit
1771 1361 1898 1410 hanc

214 1448 425 1500 causam,
464 1435 577 1498 quia
610 1450 781 1484 eorum
815 1442 931 1484 sunt
962 1435 1153 1484 litterae
1187 1437 1422 1484 notiores,
1482 1434 1603 1483 Nam
1629 1441 1678 1483 et
1710 1434 1899 1500 Graeci,

215 1522 424 1571 quorum
465 1507 629 1572 lingua
668 1511 718 1557 in
759 1508 988 1573 gentihus
1028 1510 1325 1574 praeminet,
1372 1524 1454 1557 eas
1494 1523 1667 1572 magna
1706 1508 1897 1573 praedi-

217 1583 406 1630 catione
455 1581 794 1647 celebrarunt,
845 1589 894 1631 et
938 1582 1098 1631 Latini
1148 1584 1361 1647 permoti
1407 1597 1577 1631 earum
1623 1581 1700 1631 vel
1741 1581 1897 1631 excel-

123 1663 182 1704 20
214 1652 362 1703 lentia
412 1655 485 1703 vel
538 1655 712 1722 gloria,
763 1658 894 1720 ipsas
942 1656 1176 1705 libentius
1216 1657 1498 1705 didicerunt
1537 1662 1682 1720 atque
1723 1657 1772 1705 in
1812 1670 1896 1704 no-

212 1735 370 1777 strum
410 1729 657 1793 eloquium
696 1730 1038 1779 transferendo
1090 1729 1356 1779 nobiliores
1397 1730 1729 1793 clarioresque
1769 1730 1896 1778 fece·

211 1810 342 1851 runt.
1605 1825 1609 1829 ·

894 1917 1089 1972 CAPUT
1122 1917 1217 1971 XI.

224 2008 360 2057 Unde
401 2009 545 2057 Plato
594 2024 706 2058 eam
753 2012 1144 2071 intelleqentiam
1184 2013 1410 2074 potuerit
1449 2013 1749 2071 adquirere,
1795 2023 1896 2071 qua

124 2088 180 2130 25
550 2083 872 2133 Christianae
908 2087 1154 2134 scientiae
1187 2087 1562 2148 propinquavit.

359 2183 598 2233 Mirantur
646 2191 808 2234 autem
862 2187 1058 2249 quidam
1109 2187 1249 2236 nobis
1297 2189 1348 2236 in
1389 2186 1571 2236 Christi
1619 2187 1773 2251 gratia
1819 2201 1895 2234 so-

214 2258 356 2323 ciati,
404 2272 516 2306 cum
556 2258 762 2307 audiunt
799 2259 875 2307 vel
914 2259 1083 2324 legunt
1121 2260 1374 2310 Platonem
1414 2261 1474 2309 de
1513 2259 1614 2308 Deo
1655 2261 1747 2309 ista
1787 2274 1895 2308 sen-

215 2331 359 2396 sisse,
407 2345 531 2395 quae
579 2331 790 2380 multum
838 2347 1113 2397 congruere
1159 2336 1354 2383 veritati
1398 2340 1596 2383 nostrae
1644 2333 1896 2398 religionis

215 2410 501 2468 agnoscunt.
577 2403 716 2474 Unde
764 2406 988 2454 nonnulli
1032 2414 1330 2471 putaverunt
1369 2423 1504 2474 eum,
1551 2407 1745 2470 quando
1784 2421 1894 2472 per-

127 2485 183 2526 30
213 2478 342 2526 rexit
379 2478 430 2526 in
455 2477 743 2543 Aegyptum,
783 2477 1079 2528 Hieremiam
1119 2481 1313 2530 audisse
1339 2480 1629 2546 prophetam
1660 2479 1736 2528 vel
1775 2481 1894 2529 scri-

212 2556 384 2615 pturas
422 2551 735 2616 propheticas
782 2554 832 2600 in
881 2552 1050 2601 eadem
1096 2556 1494 2619 peregrinatione
1533 2553 1734 2620 legisse3
1776 2568 1894 2618 quo-

215 2639 327 2674 rum
378 2624 577 2689 quidem
623 2626 904 2690 opinionem
950 2628 1000 2675 in
1049 2627 1341 2692 quibusdam
1388 2627 1526 2676 libris
1574 2629 1697 2676 meis
1722 2627 1893 2692 posui.

330 2738 405 2793 32)
439 2737 507 2793 De
539 2738 685 2782 doctr.
719 2738 885 2781 christ.
918 2739 949 2784 1.
982 2743 1008 2783 2
1043 2753 1081 2783 ο.
1115 2744 1185 2784 28.

331 2875 357 2914 6
388 2871 543 2916 aialim
575 2870 718 2915 simus
741 2872 756 2927 ΙΙ
783 2875 834 2915 12
868 2872 914 2916 et
946 2885 1028 2917 om.
1061 2885 1087 2916 v
1111 2874 1126 2929 ss
1150 2877 1207 2917 30
1239 2873 1406 2917 Jerem.
1439 2886 1464 2917 v
