2020 3122
482 137 548 170 DE
573 137 812 186 mmmm
835 139 924 173 Dm
947 141 989 172 L.
1013 141 1120 174 vm.
1144 143 1181 175 c.
1204 144 1258 176 25.
1283 146 1335 177 26.
1660 135 1766 187 363

89 264 283 315 sumuS,
333 250 386 297 in
425 254 616 297 tantum
656 249 715 298 ab
755 252 826 298 eis
864 250 1006 316 longe
1048 267 1219 303 sumus
1258 257 1382 304 vitae
1424 259 1622 322 merito7
1669 273 1767 306 non

89 325 313 387 corporis
352 322 474 370 loco.
543 321 652 370 Non
692 324 824 371 enirn
864 327 978 387 quia
1015 327 1066 374 in
1107 334 1238 376 terra
1278 329 1566 378 condicione
1606 333 1767 379 carnis

88 395 378 462 habitamus,
419 395 505 444 sed
545 397 586 444 si
625 396 919 445 inmunditia
959 399 1121 447 cordis
1161 407 1359 449 terrena
1399 405 1628 470 sapimus,
1668 419 1767 452 non

90 471 161 518 eis
215 471 478 534 iungimur.
558 468 681 518 Cum
734 485 851 518 vero
900 486 1149 537 sanamur,
1196 482 1251 522 ut
1304 475 1470 538 quales
1518 478 1613 540 ipsi
1652 483 1767 526 sunt

87 545 264 592 simus:
319 543 412 592 fide
466 543 562 591 illis
616 545 815 591 interim
867 546 1280 612 pi·opinqua1nuS‚
1332 550 1374 596 si
1428 548 1486 596 ab
1540 550 1622 598 illo
1676 566 1766 599 nos
1798 560 1824 600 5

86 617 194 666 fieri
232 616 422 683 beatos,
462 632 490 665 a
530 632 626 680 quo
667 623 716 666 et
755 619 849 682 ipsi
887 618 1003 667 sacti
1043 627 1180 685 sunt,
1221 623 1367 668 etiam
1406 623 1526 684 ipsis
1566 623 1765 672 faventi—

84 690 180 740 bus
217 691 479 739 credimus

715 833 905 888 CAPUT
945 835 1140 890 XXVI.

92 945 238 1002 Quod
282 944 440 991 omnis
486 945 666 1003 religio
710 957 1035 1004 payanorum-
1083 947 1228 993 circa
1278 947 1499 994 homines
1546 951 1766 995 mortuos

685 1015 851 1077 fuerit
889 1019 1160 1078 implicata.
1800 1029 1855 1069 10

235 1119 360 1168 Sane
393 1119 747 1168 advertendum
781 1127 870 1186 est,
903 1135 999 1184 quo
1032 1121 1176 1168 modo
1207 1123 1299 1170 iste
1332 1122 1614 1187 Aegyptum,
1654 1138 1765 1171 cum

83 1193 277 1242 doleret
333 1199 529 1258 tempus
578 1209 685 1242 esse
734 1200 1020 1260 venturum,
1077 1210 1173 1258 quo
1212 1195 1293 1243 illa
1341 1197 1656 1245 auferrentur
1707 1211 1766 1245 ex

83 1267 316 1333 AegyptO,
358 1283 480 1331 quae
514 1267 697 1317 fatetur
729 1283 754 1316 a
786 1267 995 1316 multum
1029 1268 1307 1318 errantibus
1341 1276 1390 1318 et
1419 1269 1686 1318 incredulis
1718 1277 1767 1318 et

82 1357 110 1390 a
150 1341 286 1390 cultu
339 1341 528 1389 divinae
569 1340 822 1405 religionis
862 1343 1045 1390 aversis
1085 1357 1192 1390 esse
1240 1344 1486 1408 instituta,
1534 1345 1600 1391 ait
1638 1345 1768 1392 inter

85 1422 272 1464 cetera:
327 1414 498 1481 „Tunc
552 1421 686 1463 terra
734 1416 849 1481 ista,
905 1417 1211 1464 sanctissima
1259 1416 1402 1464 sedes
1449 1416 1768 1465 delubrorum
1801 1425 1854 1465 15

85 1496 231 1552 atque
271 1488 592 1555 templorum,
632 1488 976 1553 sepulcrorum
1009 1491 1104 1538 erit
1139 1498 1548 1554 mortuorumque
1587 1490 1766 1554 plenis·

83 1557 258 1627 sima“;
319 1563 460 1626 quasi
505 1577 643 1629 vero,
699 1564 740 1611 si
787 1562 868 1611 illa
915 1579 1014 1611 non
1062 1564 1401 1629 auferrentur,
1455 1579 1554 1612 non
1602 1572 1768 1612 essent

83 1635 307 1684 homines
347 1637 597 1702 morituri,
645 1642 730 1685 aut
779 1636 893 1684 alibi
933 1644 1099 1686 essent
1138 1639 1319 1685 mortui
1367 1637 1581 1701 ponendi
1622 1653 1767 1700 quam

83 1711 135 1758 in
181 1716 336 1770 terra3
384 1716 434 1758 et
480 1711 675 1775 utique,
724 1717 906 1774 quanto
953 1710 1065 1774 plus
1110 1710 1390 1759 volveretur
1436 1712 1672 1774 temporis
1717 1718 1766 1759 et

83 1782 297 1844 dierum,
345 1789 481 1832 tanto
520 1785 677 1832 maior
716 1790 849 1832 esset
888 1799 1125 1832 numerus
1172 1783 1515 1848 sepulcrorum
1561 1791 1765 1848 propter
1796 1793 1852 1832 20

83 1858 318 1905 maiorem
358 1872 622 1906 numerum
661 1864 985 1906 mortuorum.
1066 1857 1161 1906 Sed
1209 1857 1302 1905 hoc
1343 1857 1536 1906 videtur
1583 1857 1764 1923 dolere,

84 1929 215 1994 quod
255 1933 522 1979 memoriae
553 1938 826 1996 martyrum
859 1938 1144 1979 nostrorum
1184 1931 1378 1996 templis
1420 1945 1591 1979 eorum
1630 1930 1763 1979 delu-

82 2001 284 2068 brisque
325 2004 674 2070 succederent,
720 2011 776 2053 ut
815 2004 1062 2070 videlicet,
1114 2006 1199 2068 qui
1237 2004 1356 2053 haec
1396 2004 1566 2068 legunt
1604 2005 1763 2052 animo

83 2092 110 2125 a
156 2077 298 2126 nobis
346 2093 516 2126 averso
564 2084 711 2142 atque
757 2093 1015 2143 pervers0,
1062 2085 1238 2142 putent
1285 2094 1311 2126 a
1357 2079 1557 2142 paganis
1604 2077 1763 2126 cultos

84 2151 235 2200 fuisse
283 2152 400 2200 deos
447 2154 498 2200 in
550 2151 768 2218 templiS,
822 2167 848 2199 a
895 2151 1038 2200 nobis
1089 2158 1253 2200 autem
1300 2151 1394 2200 coli
1441 2157 1662 2200 mortuos
1713 2153 1763 2199 in
1796 2158 1851 2198 25

84 2224 339 2289 sepulcris.
410 2225 565 2274 Tanta
604 2227 738 2274 enim
774 2225 999 2274 homines
1038 2227 1176 2290 impii
1215 2227 1449 2274 caecitate
1489 2226 1540 2273 in
1571 2230 1763 2273 montes

84 2298 296 2362 quodam
320 2299 464 2347 modo
490 2299 746 2347 offendunt
777 2314 957 2363 resque
987 2299 1156 2348 oculos
1182 2315 1299 2349 suos
1331 2300 1566 2348 ferientes
1591 2297 1763 2346 nolunt

83 2370 270 2432 videre,
318 2379 374 2422 ut
412 2388 511 2421 non
559 2372 826 2422 adtendant
872 2375 923 2420 in
963 2372 1192 2422 omnibus
1238 2372 1416 2422 litteris
1461 2385 1763 2436 paganorum

84 2452 168 2494 aut
205 2461 304 2494 non
343 2448 554 2495 inveniri
594 2453 678 2495 aut
717 2448 795 2495 vix
833 2448 1046 2495 inveniri
1085 2446 1225 2512 deos,
1275 2448 1360 2510 qui
1399 2460 1496 2493 non
1539 2444 1761 2492 homines

85 2517 268 2568 fuerint
321 2521 628 2585 mortuisque
684 2520 835 2569 divini
888 2519 1102 2568 honores
1158 2520 1303 2569 delati
1358 2521 1469 2567 sint.
1563 2516 1759 2582 Omitto,
1791 2524 1848 2563 30

204 2647 274 2701 17)
307 2646 430 2691 AscL
461 2662 507 2703 p.
540 2651 611 2691 90.

115 2863 182 2908 lt
205 2811 258 2850 10
304 2807 547 2865 implicata
592 2810 659 2853 ed.
711 2809 825 2854 Par.
872 2810 924 2853 in
963 2809 1069 2852 adn.
1111 2808 1236 2859 crit.‚·
1281 2805 1533 2861 implecata
1573 2803 1632 2856 0‚·
1674 2802 1758 2845 im·

83 2878 115 2920 p
136 2877 159 2907 e
183 2878 211 2909 a
239 2881 266 2910 v
