2020 3122
590 148 656 179 DE
682 147 920 180 CIVITATE
942 149 1031 180 DEI
1054 149 1096 181 L.
1121 150 1170 182 x.
1194 149 1231 182 c.
1256 151 1287 183 5.
1672 138 1780 190 409

103 268 223 310 tuno
263 266 498 322 certoque
538 259 635 306 iam
674 265 912 324 tempore,
952 275 1012 308 ne
1053 261 1147 324 ipsi
1187 259 1287 309 Deo
1328 260 1668 310 desiderabilia
1706 261 1783 309 vel

47 331 51 335 ’
105 339 239 382 certe
279 334 328 380 in
369 331 511 380 nobis
551 331 881 397 acceptabilia,
921 347 976 381 ac
1014 347 1113 381 non
1152 335 1317 397 potius
1356 349 1479 398 quae
1519 334 1595 383 his
1635 335 1781 398 signi-

96 407 240 468 ficata
273 412 388 454 sunt
420 404 758 454 crederentur.
834 404 960 454 Hinc
994 412 1043 454 et
1074 405 1166 454 alio
1197 406 1304 455 loco
1343 407 1516 472 psalmi
1555 408 1784 456 alterius:

104 480 161 529 Si
197 482 440 539 esuriero,
480 480 655 544 inquit,
695 492 795 528 non
827 481 994 528 dicam
1034 480 1152 537 tibi;
1191 494 1327 529 meus
1366 487 1439 530 est
1477 484 1608 530 enim
1647 482 1786 531 orbis

102 560 273 602 terrae
324 558 372 601 et
414 554 674 614 plenitudo
721 554 842 601 eius.
931 553 1187 613 Numquid
1230 556 1548 603 manducabo
1599 569 1782 604 carnes
1815 562 1842 603 5

106 633 371 675 taurorum
426 631 517 674 aut
570 627 870 686 sanquinem
924 627 1186 675 hircorum
1234 628 1454 688 potabo?
1515 627 1784 692 Tamquam

105 700 312 748 diceret:
351 698 533 762 Utique
560 700 602 747 si
626 698 744 747 mihi
770 705 936 748 essent
960 701 1255 764 necessaria,
1286 714 1385 747 non
1418 715 1444 748 a
1476 706 1523 748 te
1549 707 1785 766 peterem,

100 787 223 837 quae
282 771 438 820 habeo
493 773 544 819 in
598 778 858 836 potestate.
934 772 1119 821 Deinde
1177 771 1479 836 subiungens
1535 773 1650 837 quid
1705 772 1786 820 illa

104 846 405 910 significent:
462 846 694 903 Immola,
747 847 938 912 inquit,
992 847 1099 895 Deo
1156 849 1470 906 sacrificium
1525 849 1691 895 laudis
1739 851 1788 894 et

102 921 260 969 redde
297 919 547 968 Altissimo
587 924 702 970 vota
742 925 830 969 tua
870 925 919 969 et
956 922 1136 969 invoca
1175 935 1252 969 me
1292 922 1342 968 in
1383 922 1464 969 die
1503 921 1784 969 tribulatio·
1820 929 1876 968 10

100 996 198 1054 ni3‚
246 999 296 1042 et
340 995 558 1042 eximam
606 998 654 1042 te
704 999 753 1043 et
786 995 1102 1054 ylorilicabis
1141 1008 1230 1043 me.
1307 992 1430 1042 Item
1469 993 1596 1058 apud
1637 992 1786 1042 alium

100 1065 412 1132 prophetam:
453 1067 514 1115 In
546 1081 657 1127 qu0,
698 1067 874 1132 inquit,
913 1069 1292 1129 adprehendam
1326 1068 1606 1127 Dominum,
1646 1081 1784 1115 assu-

101 1155 231 1189 mam
278 1141 439 1189 Deum
485 1154 647 1189 meum
693 1143 979 1189 eoecelsum?
1035 1141 1094 1190 Si
1138 1143 1517 1203 adprehendam
1558 1143 1695 1190 illum
1734 1142 1786 1188 in

102 1215 420 1274 holocaustiS,
462 1216 513 1262 in
546 1215 714 1263 vitulis
754 1216 1041 1263 anniculis?
1081 1215 1140 1263 Si
1176 1217 1522 1277 acceptaverit
1544 1215 1786 1264 Dominus

102 1290 152 1336 in
201 1289 399 1336 milibus
446 1290 664 1335 arietum
712 1293 803 1336 aut
851 1290 903 1336 in
951 1289 1093 1337 denis
1139 1290 1338 1337 milibus
1376 1289 1640 1337 hircorum
1671 1289 1784 1350 pin·
1820 1296 1876 1336 15

97 1363 305 1423 quium?
361 1361 420 1409 Si
465 1362 653 1410 dedero
694 1363 1038 1424 primoqenita
1084 1375 1196 1410 mea
1237 1364 1512 1427 inpietat2'3‚
1557 1361 1787 1422 fructum

101 1437 288 1485 ventris
335 1437 434 1484 mei
471 1449 571 1497 pro
611 1440 827 1497 peccato
868 1437 1068 1484 animae
1106 1437 1280 1484 meae?
1336 1435 1395 1483 Si
1431 1437 1788 1483 adnuntiatum

102 1514 175 1558 est
214 1509 317 1570 tibi,
357 1510 522 1570 homo,
564 1509 777 1557 bonum?
823 1508 927 1557 Aut
963 1510 1088 1569 quid
1111 1509 1352 1558 Dominus
1391 1511 1633 1570 exquirat
1670 1522 1702 1556 a
1741 1512 1788 1555 te

101 1584 203 1631 nisi
241 1580 425 1644 facere
470 1583 716 1634 iudicium
763 1587 812 1631 et
850 1584 1064 1644 diliqere
1103 1585 1507 1632 misericordiam
1547 1587 1597 1630 et
1624 1595 1785 1644 para-

103 1663 203 1704 tum
251 1670 357 1704 esse
404 1658 481 1704 ire
532 1670 644 1704 cum
696 1656 908 1706 Domino
959 1657 1066 1705 Deo
1120 1658 1237 1705 tuo?
1297 1654 1361 1704 Et
1399 1657 1450 1704 in
1488 1654 1636 1704 huius
1675 1669 1786 1718 pro·
1820 1662 1878 1702 20

101 1729 278 1794 phetae
326 1727 490 1777 verbis
538 1735 808 1793 utrumque
857 1728 1144 1778 distinctum
1197 1735 1274 1777 est
1312 1730 1529 1793 satisque
1571 1727 1784 1777 declara·

102 1809 207 1852 tum
238 1801 319 1850 illa
344 1802 582 1851 sacrificia
606 1817 696 1867 per
730 1817 781 1851 se
821 1804 927 1867 ipsa
966 1818 1065 1851 non
1104 1803 1362 1866 requirere
1394 1801 1565 1868 Deum,
1605 1799 1785 1865 quibus

105 1876 443 1940 significantur
481 1875 602 1924 haec
643 1876 903 1941 sacrificia,
952 1891 1076 1939 quae
1117 1877 1328 1940 requirit
1367 1875 1512 1924 Deus
1590 1874 1646 1922 In
1685 1875 1785 1938 epi-

104 1949 259 2015 stula,
313 1964 437 2013 quae
475 1948 766 1998 inscribitur
805 1949 864 1997 ad
896 1948 1169 1998 Hebraeos:
1208 1950 1345 1998 Bene
1377 1948 1573 2010 facere,
1612 1949 1787 2011 inquit,

104 2028 152 2072 et
189 2025 640 2072 communicatores
680 2038 787 2072 esse
825 2025 976 2072 nolite
1015 2025 1268 2081 obliuisci;
1315 2024 1499 2071 talibus
1539 2024 1670 2071 enim
1707 2035 1786 2069 sa·
1821 2028 1878 2068 25

104 2098 314 2156 orificiis
363 2099 601 2159 placetur
655 2097 774 2146 Deo.
851 2095 920 2145 Ac
974 2111 1063 2161 per
1117 2095 1211 2144 hoc
1265 2095 1351 2145 ubi
1402 2097 1641 2160 scriptum
1691 2099 1788 2142 est:

106 2170 519 2219 Misericordiam
573 2173 680 2219 volo
735 2184 886 2231 quam
934 2173 1248 2230 sacrificium
1295 2168 1418 2218 nihil
1465 2168 1595 2217 aliud
1642 2182 1788 2232 quam

75 2244 401 2292 sacrificium
442 2243 683 2292 sacrificio
722 2243 995 2308 praelatum
1034 2250 1230 2308 oportet
1267 2242 1507 2308 intellegi3
1557 2243 1788 2307 quoniam

95 2316 239 2384 illud,
279 2317 410 2381 quod
449 2316 508 2365 ab
549 2315 777 2365 omnibus
817 2316 1090 2382 appellatur
1130 2318 1441 2382 sacrificium,
1481 2318 1674 2380 signum
1714 2319 1790 2362 est

106 2391 209 2439 veri
255 2390 496 2439 sacrificii.
572 2389 729 2439 Porro
781 2397 945 2439 autem
995 2390 1334 2440 misericordia
1384 2404 1554 2439 verum
1607 2387 1787 2437 sacrifi·
1821 2396 1880 2435 30

107 2465 236 2512 cium
263 2470 358 2529 est3
397 2463 528 2512 unde
554 2463 741 2513 dictum
773 2471 861 2524 est,
903 2464 1033 2529 quod
1065 2464 1209 2529 paulo
1242 2470 1354 2513 ante
1388 2461 1788 2513 commemoravi:

226 2591 269 2645 6)
302 2590 375 2635 ΡΒ.
407 2595 481 2645 49,
514 2595 568 2634 12
595 2605 660 2646 sq.
725 2592 797 2647 11)
823 2591 889 2635 lb.
925 2595 981 2634 14
1014 2605 1079 2646 sq.
1144 2593 1216 2647 20)
1248 2590 1387 2634 Mich.
1423 2595 1462 2644 6,
1496 2594 1520 2632 6
1554 2601 1650 2642 sqq.
1714 2587 1787 2641 24)

106 2647 243 2692 Hebr.
280 2653 349 2704 13,
383 2653 452 2693 16.
515 2652 589 2706 27)
622 2650 724 2695 Ose.
759 2655 800 2706 6,
833 2655 873 2695 6.

228 2815 281 2854 16
328 2810 567 2866 inpietatis
614 2824 702 2855 mss
750 2805 1040 2867 (πρωτότοκοὲ
1089 2826 1178 2866 μου
1219 2805 1437 2865 ἀσεβείας
1477 2807 1569 2851 cod.
1612 2806 1790 2860 Alex.);

107 2882 191 2925 pro
223 2869 463 2925 impietate
494 2882 600 2913 mea
629 2883 655 2913 v
