2020 3122
539 159 606 191 DE
631 158 870 191 CIVITA'rE
893 160 982 192 Dm
1006 161 1047 193 L.
1071 162 1177 194 vm.
1203 162 1239 194 o.
1265 164 1317 195 27.
1673 150 1778 202 367

106 273 226 321 mini
266 276 551 334 martyrum.
620 270 730 318 Non
761 276 925 319 autem
964 287 1072 320 esse
1112 274 1204 321 ista
1244 274 1480 321 sacrificia
1511 280 1782 338 martyrum

107 346 256 411 novit,
290 345 375 408 qui
406 346 542 393 novit
572 359 742 409 unum,
776 344 907 408 quod
941 347 1088 394 etiam
1111 346 1210 394 illio
1235 348 1455 412 offertur,
1488 347 1782 395 sacrificium

107 417 512 467 Christianorum.

252 491 352 540 Nos
400 493 564 555 itaque
613 497 853 555 martyres
899 497 1097 539 nostros
1144 506 1234 540 nec
1282 493 1458 541 divinis
1511 493 1781 543 honoribus

104 581 197 615 nec
228 565 455 614 humanis
488 563 777 613 criminibus
803 564 1023 630 colimuS‚
1057 566 1184 613 sicut
1210 565 1376 614 colunt
1407 566 1476 614 illi
1507 567 1625 615 deos
1651 583 1781 633 suoS,
1814 577 1839 617 5

104 655 196 689 nec
229 639 467 688 sacrificia
506 638 601 687 illis
634 639 902 703 offerimuS,
942 653 1034 686 nec
1074 638 1280 686 deorum
1318 638 1497 702 probra
1530 642 1579 687 in
1612 655 1784 688 eorum

105 728 243 762 sacra
279 714 626 761 convertimus.
697 711 819 760 Nam
858 711 918 759 de
957 711 1108 778 Iside,
1148 727 1301 760 uxore
1336 711 1515 776 Osiris,
1554 713 1786 776 Aegyptia

106 787 210 853 dea,
250 793 300 835 et
331 786 391 834 de
431 785 719 850 parentibus
752 800 940 851 eorum⁷
981 787 1066 849 qui
1098 800 1269 833 omnes
1301 801 1443 849 reges
1484 787 1635 834 fuisse
1668 788 1784 834 scri-

105 860 291 909 buntur
331 856 535 925 (quibus
581 858 870 924 parentibus
918 860 1020 907 suis
1066 858 1146 907 illa
1186 874 1298 907 cum
1345 859 1666 925 sacrificaret,
1712 861 1783 907 in-

104 936 237 983 venit
276 934 449 982 hordei
482 940 700 998 segetem
732 939 877 997 atque
911 932 1024 981 inde
1058 934 1217 997 spicas
1250 934 1424 981 marito
1457 934 1564 997 regi
1596 939 1644 981 et
1680 934 1785 981 eius
1819 944 1874 984 10

107 1007 384 1057 consiliario
424 1007 671 1056 Mercurio
713 1006 1087 1072 demonstravit,
1137 1006 1268 1055 unde
1309 1006 1513 1055 eandem
1553 1012 1602 1054 et
1641 1006 1784 1055 Cere-

104 1097 211 1131 rem
251 1081 465 1148 volunt),
506 1096 631 1145 quae
672 1087 721 1129 et
761 1087 941 1144 quanta
973 1080 1097 1128 mala
1136 1095 1234 1128 non
1275 1095 1300 1128 a
1338 1082 1519 1145 poetiS,
1560 1079 1645 1128 sed
1685 1095 1783 1144 my-

106 1157 242 1205 sticis
282 1171 456 1204 eorum
503 1155 681 1204 litteris
720 1156 986 1203 memoriae
1026 1154 1250 1202 mandata
1290 1155 1409 1219 sint,
1457 1156 1584 1202 sicut
1622 1152 1786 1202 Leone

106 1228 359 1278 sacerdote
417 1229 656 1293 prodente
704 1228 762 1277 ad
811 1227 1147 1293 Olympiadem
1201 1234 1408 1276 matrem
1462 1226 1634 1275 scribit
1679 1226 1785 1275 Ale-

106 1302 305 1369 xander,
336 1302 501 1367 legant
534 1304 619 1367 qui
649 1302 819 1351 volunt
850 1301 925 1350 vel
956 1307 1179 1367 possunt,
1213 1308 1262 1350 et
1292 1301 1511 1350 recolant
1543 1303 1627 1364 qui
1658 1300 1785 1365 lege·
1821 1310 1874 1351 15

105 1385 246 1440 runt,
286 1383 336 1426 et
375 1377 571 1425 videant
609 1375 790 1440 quibus
829 1375 1112 1424 hominibus
1152 1377 1360 1424 mortuis
1394 1374 1467 1422 vel
1507 1374 1566 1422 de
1607 1374 1786 1438 quibus

107 1465 280 1500 eorum
319 1451 461 1499 factis
500 1457 750 1514 tamquam
789 1449 882 1498 diis
923 1465 1062 1498 sacra
1101 1450 1287 1498 fuerint
1333 1450 1572 1496 instituta.
1650 1447 1789 1497 Absit

107 1531 164 1574 ut
203 1539 310 1585 605,
350 1525 572 1588 quamvis
612 1524 732 1572 deos
769 1523 1004 1590 habeant,
1045 1524 1226 1572 sanctis
1259 1521 1556 1586 martyribus
1589 1524 1787 1588 nostris7

107 1613 231 1662 quos
264 1605 426 1647 tamen
460 1598 578 1647 deos
610 1613 709 1647 non
741 1597 994 1663 habemuS‚
1026 1596 1124 1646 ulla
1152 1612 1212 1645 ex
1243 1602 1381 1661 parte
1415 1595 1626 1644 audeant
1658 1611 1786 1644 com-

105 1687 295 1737 parare.
374 1671 455 1720 Sic
504 1673 636 1720 enim
683 1687 783 1720 non
823 1673 1171 1720 constituimus
1219 1668 1501 1718 sacerdotes
1541 1684 1632 1717 nec
1672 1670 1787 1718 offe·
1821 1679 1876 1719 20

106 1747 262 1794 rimus
302 1746 538 1794 sacrificia
570 1745 871 1810 martyribus
903 1746 1102 1810 nostris,
1142 1745 1255 1808 quia
1293 1745 1622 1806 incongruum
1652 1742 1786 1790 inde·

107 1817 264 1868 bitum
314 1819 557 1868 inlicitum
612 1826 688 1868 est
726 1826 873 1884 atque
915 1821 1000 1868 uni
1033 1818 1134 1867 Deo
1174 1816 1512 1866 tantummodo
1552 1815 1787 1880 debitum,

107 1899 163 1942 ut
201 1908 292 1941 nec
333 1892 623 1942 criminibus
663 1895 766 1942 suis
805 1908 898 1942 nec
943 1892 1072 1941 ludis
1112 1907 1197 1940 eos
1235 1891 1535 1955 turpissimis
1574 1888 1785 1938 oblecte-

109 1966 241 2032 muS,
287 1966 374 2015 ubi
420 1966 496 2015 vel
541 1967 723 2031 flagitia
768 1969 851 2016 isti
899 1965 1151 2015 celebrant
1197 1965 1403 2013 deorum
1452 1978 1677 2029 suorum,
1732 1965 1788 2029 si,

110 2055 223 2089 cum
269 2039 493 2089 homines
533 2047 722 2108 essent,
769 2040 882 2090 talia
922 2041 1297 2104 commiserunt,
1343 2038 1419 2086 vel
1459 2037 1667 2086 conficta
1706 2036 1786 2086 de·
1821 2044 1875 2085 25

107 2112 401 2162 lectamenta
441 2114 736 2164 daemonum
767 2115 1050 2179 noxiorum,
1091 2115 1133 2161 si
1170 2112 1396 2160 homines
1434 2126 1534 2160 non
1574 2111 1788 2159 suerunt.

108 2185 182 2235 Ex
211 2188 306 2236 isto
347 2203 528 2251 genere
569 2189 863 2238 daemonum
897 2187 1126 2235 Socrates
1159 2201 1257 2234 non
1296 2184 1501 2233 haberet
1539 2183 1708 2249 deum,
1748 2185 1789 2232 si

109 2259 313 2310 haberet
352 2261 521 2319 deum;
570 2263 656 2311 sed
703 2263 913 2312 fortasse
961 2261 1148 2309 homini
1195 2258 1253 2307 ab
1300 2258 1380 2306 illa
1427 2264 1530 2306 arte
1579 2256 1789 2305 faciendi

111 2332 229 2383 deos
261 2334 418 2384 alieno
453 2341 502 2384 et
532 2337 784 2385 innocenti
822 2335 893 2384 illi
930 2334 1288 2399 inportaverint
1326 2331 1472 2380 talem
1504 2330 1664 2395 deum,
1704 2331 1788 2393 qui

112 2407 281 2457 eadem
319 2416 424 2458 arte
466 2410 708 2458 excellere
747 2408 1025 2458 voluerunt.
1103 2406 1230 2464 Quid
1271 2421 1387 2470 ergo
1427 2400 1604 2468 plura?
1678 2402 1786 2450 Non
1818 2410 1875 2450 30

111 2496 219 2530 esse
267 2483 471 2547 spiritus
517 2485 641 2532 istos
688 2482 920 2531 colendos
967 2487 1171 2545 propter
1211 2481 1358 2527 vitam
1405 2478 1615 2541 beatam,
1663 2489 1786 2538 quae

111 2562 224 2619 post
269 2563 482 2604 mortem
528 2557 695 2606 futura
742 2562 838 2622 est,
885 2554 1049 2604 nullus
1088 2553 1164 2601 vel
1210 2551 1524 2600 mediocriter
1567 2547 1787 2612 prudens

112 2627 327 2693 ambigit.
398 2629 495 2678 Sed
534 2631 743 2679 fortasse
783 2629 964 2677 dicturi
1004 2633 1119 2676 sunt
1158 2625 1275 2674 deos
1315 2623 1512 2688 quidem
1545 2636 1651 2669 esse
1685 2635 1785 2668 om-

110 2717 199 2750 nes
237 2701 415 2768 bonoS,
463 2703 726 2753 daemones
766 2708 931 2752 autem
970 2701 1090 2750 alios
1128 2698 1302 2764 maloS,
1349 2696 1467 2744 alios
1511 2693 1689 2758 bonOS,
1738 2700 1787 2740 et

231 2894 287 2933 27
319 2889 360 2933 si
388 2889 584 2934 haberet
613 2889 751 2933 deum
780 2901 864 2932 om.
898 2885 997 2931 Gad
