2020 3122
207 927 258 965 10

208 1295 260 1332 15

208 1661 262 1701 20

210 2027 263 2066 25

207 2395 264 2434 30

292 131 400 184 530
982 141 1015 174 s.
1040 140 1314 174 Aneos'rm

290 257 599 320 terminatur,
631 269 723 302 nec
750 253 920 303 saltem
945 259 1078 302 tanta
1103 253 1259 302 videri
1283 252 1473 318 debeat,
1505 260 1687 317 quanta
1711 254 1754 302 si
1788 255 1979 303 umoris

291 329 630 378 brevissimam
677 334 867 391 guttam
912 328 1142 375 universo
1182 328 1330 392 mari,
1371 327 1518 375 etiam
1558 333 1798 390 quantum
1837 342 1975 376 ocea-

291 418 386 451 nus
433 401 757 467 circumfluit,
808 415 1171 466 comparemus3
1224 402 1454 464 quoniam
1501 401 1713 448 istorum
1763 400 1977 450 duorum

291 490 446 524 unum
501 475 700 539 quidem
745 476 1069 539 perexiguum
1118 481 1216 539 est,
1271 473 1478 522 alterum
1526 473 1981 538 incomparabiliter

292 563 538 615 magnum,
578 548 664 597 sed
703 555 970 612 utrumque
1012 548 1227 612 finitum3
1274 546 1394 595 illud
1435 561 1550 595 vero
1590 549 1828 612 temporis
1867 562 1977 612 spa-

291 624 431 688 tium,
471 621 602 686 quod
643 621 702 670 ab
736 621 897 684 aliquo
937 622 1075 669 initio
1114 619 1433 684 progreditur
1472 627 1521 669 et
1560 620 1722 685 aliquo
1762 623 1979 670 termino

292 696 601 762 cohercetur,
641 694 974 759 magnitudine
1009 700 1404 757 quantacumque
1443 693 1689 761 tendatur,
1729 709 1976 759 compara-

292 777 397 818 tum
429 769 513 835 illi,
552 768 684 833 quod
715 770 910 817 initium
950 782 1048 815 non
1087 766 1250 832 habet,
1289 768 1456 816 nescio
1496 773 1666 816 utrum
1703 783 1794 833 pro
1834 769 1978 817 mini-

291 858 371 891 mo
423 858 484 891 an
521 844 686 907 potius
739 857 830 906 pro
878 840 1012 889 nullo
1052 840 1388 904 deputandum
1428 847 1516 890 est.
1593 840 1719 891 Hinc
1759 843 1892 890 enim
1931 843 1974 890 si

293 932 318 964 a
373 917 468 964 fine
520 915 597 964 vel
649 914 938 963 brevissima
991 914 1274 978 singillatim
1335 921 1582 964 momenta
1637 914 1979 981 detrahantur,

293 990 612 1038 decrescente
660 1003 867 1037 numero
907 988 1023 1036 licet
1061 994 1161 1036 tam
1199 989 1409 1054 ingenti,
1448 994 1504 1037 ut
1542 987 1835 1038 vocabulum
1873 1003 1972 1037 non

291 1064 531 1129 inveniat,
582 1069 858 1111 retrorsum
910 1061 1162 1110 redeundo
1215 1056 1489 1129 (tamquam
1537 1064 1580 1111 si
1617 1062 1831 1111 hominis
1870 1060 2011 1111 dies'

293 1136 351 1184 ab
390 1135 488 1202 illo,
518 1138 578 1184 >in
619 1151 715 1200 quo
755 1150 888 1184 nunc
927 1137 1065 1202 vivit,
1104 1151 1263 1199 usque
1304 1135 1364 1184 ad
1401 1135 1562 1201 illum,
1601 1137 1652 1184 in
1693 1151 1789 1199 quo
1829 1143 1977 1184 natus
2006 1139 2010 1158 '³

293 1216 384 1275 est,
424 1204 675 1276 detrahas)
724 1209 1016 1274 quandoque
1065 1209 1125 1257 ad
1163 1210 1359 1258 initium
1396 1208 1479 1258 illa
1518 1209 1756 1258 detractio
1795 1209 1978 1274 perdu-

294 1290 448 1332 cetur.
528 1283 580 1331 Si
619 1289 784 1332 autem
823 1282 1145 1331 detrahantur
1184 1289 1436 1332 retrorsus
1475 1284 1527 1331 in
1566 1285 1739 1348 spati0,
1780 1283 1911 1347 quod
1951 1298 1978 1331 a

294 1356 426 1406 nullo
468 1358 631 1421 coepit
670 1356 886 1422 exordiO,
926 1371 1024 1404 non
1064 1355 1173 1405 dico
1214 1356 1495 1421 singillatim
1532 1358 1719 1406 minuta
1760 1371 2008 1413 momen-3

294 1439 342 1479 ta
396 1430 472 1478 vel
524 1430 760 1479 horarum
815 1437 899 1478 aut
944 1429 1137 1478 dierum
1191 1437 1275 1479 aut
1320 1445 1545 1479 mensum
1597 1437 1682 1479 aut
1735 1444 1976 1479 annorum

295 1506 441 1553 etiam
466 1505 777 1570 quantitateS,
818 1503 904 1552 sed
926 1510 1026 1553 tam
1049 1518 1224 1567 magna
1256 1505 1424 1569 spatia,
1464 1511 1646 1568 quanta
1677 1503 1757 1552 illa
1789 1518 1980 1553 summa

295 1577 652 1642 conprehendit
691 1592 956 1643 annorum,
1003 1591 1126 1640 quae
1166 1579 1264 1626 iam
1303 1577 1399 1626 dici
1438 1592 1465 1625 a
1505 1576 1808 1641 quibuslibet
1847 1592 2005 1626 com--

293 1650 607 1716 putatoribus
654 1666 754 1699 non
800 1657 984 1716 potest,
1032 1665 1157 1714 quae
1202 1656 1368 1699 tamen
1417 1657 1782 1700 momentorum
1821 1652 1977 1700 minu-

294 1726 432 1773 tatim
488 1723 791 1773 detractione
842 1726 1173 1790 consumitur,
1221 1731 1270 1772 et
1316 1724 1637 1773 detrahantur
1686 1724 1807 1773 haec
1846 1730 1979 1774 tanta

296 1800 450 1862 spatia
500 1793 598 1846 non
647 1798 799 1847 semel
846 1804 991 1862 atque
1039 1799 1221 1846 iterum
1270 1799 1586 1863 saepiusque,
1634 1797 1719 1846 sed
1761 1813 1980 1862 semper:

296 1871 413 1935 quid
454 1871 528 1936 fit,
568 1871 686 1935 quid
726 1873 910 1938 agitur,
949 1870 1144 1935 quando
1185 1885 1453 1935 numquam
1492 1871 1552 1920 ad
1591 1873 1808 1938 initium,
1847 1871 1979 1936 quod
2019 1906 2020 1927 2

296 1946 494 1993 omnino
546 1945 736 1994 nullum
788 1952 887 2010 est,
938 1942 1262 2015 pervenitur?
1339 1944 1651 2010 Quapropter
1702 1945 1834 2009 quod
1887 1959 1978 1994 nos

297 2018 441 2066 modo
482 2020 766 2082 quaerimus
797 2026 910 2083 post
949 2020 1167 2082 quinque
1207 2018 1339 2066 milia
1379 2026 1428 2068 et
1467 2018 1597 2082 quod
1638 2020 1857 2068 excurrit
1895 2033 1980 2067 an·

296 2106 496 2156 norum,
551 2099 755 2155 possent
805 2098 854 2141 et
907 2094 1092 2156 posteri
1139 2093 1286 2141 etiam
1332 2099 1444 2156 post
1493 2107 1735 2140 annorum
1783 2106 1980 2140 sescen-

296 2166 424 2212 tiens
478 2164 671 2213 miliens
726 2166 894 2215 eadem
949 2167 1234 2214 curiositate
1282 2167 1564 2231 requirere,
1617 2167 1659 2213 si
1697 2167 1748 2213 in
1787 2171 1997 2214 tantum.

295 2237 416 2286 haec
464 2238 733 2287 mortalitas
779 2239 1035 2288 hominum
1082 2238 1347 2287 exoriendo
1396 2246 1445 2288 et
1491 2238 1777 2287 occubando
1819 2245 1867 2287 et
1904 2240 1980 2286 in-

296 2313 453 2375 perita
499 2319 840 2375 perseveraret
885 2314 1156 2362 infirmitas.
1233 2312 1510 2361 Potuerunt
1557 2319 1605 2360 et
1653 2314 1738 2376 qui
1777 2312 1984 2361 fuerunt

298 2391 409 2432 ante
442 2399 532 2432 nos
564 2386 684 2449 ipsis
717 2386 1002 2435 recentibus
1041 2385 1254 2434 hominis
1294 2387 1448 2434 creati
1487 2384 1795 2450 temporibus
1833 2386 1979 2434 istam

296 2473 493 2506 movere
535 2460 886 2522 quaestionem.
963 2458 1073 2522 lpse
1114 2459 1325 2523 denique
1364 2460 1555 2523 primus
1594 2458 1739 2507 homo
1780 2458 1855 2506 vel
1892 2473 1981 2522 po—

297 2531 468 2580 stridie
515 2531 592 2580 vel
638 2531 823 2581 eodem·
857 2532 935 2580 die
983 2539 1154 2596 postea
1201 2547 1347 2596 quam
1396 2533 1554 2581 sactus
1595 2538 1670 2580 est
1708 2533 1869 2596 potuit
1906 2533 1976 2580 in·

298 2606 514 2671 quirem,
554 2620 645 2654 cur
684 2620 782 2655 non
823 2613 935 2654 ante
975 2607 1039 2654 sit
1078 2606 1258 2671 l'actus3
1300 2612 1348 2654 et
1388 2605 1796 2670 quandocumque
1837 2611 1981 2653 antea

419 2810 441 2847 1
467 2804 744 2849 terminetur
765 2820 791 2850 v
815 2807 830 2863 ΙΙ
856 2810 909 2849 17
941 2806 1171 2850 mensium
1204 2820 1229 2849 v
1261 2805 1338 2862 (cf.
1356 2819 1515 2862 proqr.
1533 2819 1583 2861 p.
1608 2809 1687 2861 19)
1708 2806 1724 2861 Η
1748 2809 1803 2850 26
1836 2803 1991 2850 etiamt

296 2876 380 2906 om.
413 2863 511 2906 AF
529 2865 545 2917 ΙΙ
569 2867 623 2907 28
657 2863 971 2910 occumbendo
1001 2878 1028 2909 v
