2020 3122
513 168 580 200 DE
605 166 844 201 CIVITATE
867 169 958 201 Dm
979 169 1021 202 L.
1047 170 1097 201 11.
1122 169 1158 202 o.
1184 173 1238 204 28.
1263 172 1316 203 29.
1687 161 1758 213 95

78 282 220 332 beate
268 296 562 346 semperque
608 283 771 329 vivere
820 288 1127 346 mereantur,
1174 281 1260 330 uhi
1308 290 1475 332 sancta
1514 286 1759 349 scriptura

77 355 391 419 iustitiaeque
432 355 656 404 doctrina
703 354 763 404 de
812 356 1070 419 superiore
1110 354 1217 404 loco
1257 358 1308 404 in
1348 364 1615 422 conspectu
1657 374 1756 407 om-

77 431 216 478 nium
252 435 552 493 personante
601 435 650 478 et
696 430 782 492 qui
822 428 1007 477 faciunt
1046 428 1245 478 audiant
1283 429 1342 477 ad
1381 433 1670 495 praemium,
1711 439 1760 482 et

78 504 164 567 qui
202 517 300 551 non
340 503 527 552 faciunt
565 502 764 551 audiant
810 502 869 550 ad
908 502 1161 551 iudicium.
1240 502 1381 560 Quod
1422 506 1516 553 etsi
1554 507 1757 555 veniunt

78 576 275 641 quidam
320 576 491 625 talium
536 581 917 641 praeceptorum
963 577 1225 641 inrisores,
1266 579 1424 625 omnis
1464 593 1635 628 eorum
1673 595 1755 644 pe·
1790 591 1815 632 5

77 650 280 699 tulantia
319 657 404 699 aut
427 652 684 714 repentina
709 652 980 699 mutatione
1022 649 1301 716 deponitur,
1342 658 1426 699 aut
1465 653 1643 700 timore
1682 653 1759 702 vel

74 723 265 789 pudore
306 725 661 789 comprimitur.
737 723 869 772 Nihil
901 725 1033 772 enim
1074 726 1144 773 eis
1183 730 1328 788 turpe
1370 739 1424 773 ac
1463 724 1760 789 flagitiosum

75 797 398 862 spectandum
443 798 833 862 imitandumque
884 799 1202 864 proponitur,
1257 797 1343 847 ubi
1389 798 1479 847 Dei
1526 801 1628 847 veri
1677 807 1760 849 aut

42 878 338 936 ‚praecepta
385 873 701 921 insinuantur
748 878 831 920 aut
876 872 1112 920 miracula
1159 878 1452 937 narrantur,
1510 879 1595 922 aut
1634 873 1759 922 dona

75 944 338 995 laudantur
376 952 460 995 aut
498 945 736 995 beneficia
773 945 1100 1010 postulantur.
1794 959 1847 999 10

706 1132 899 1187 CAPUT
932 1133 1130 1188 XXIX.

142 1240 218 1289 De
257 1242 522 1290 abiciendo
562 1244 700 1290 cultu
741 1243 950 1290 deorum
991 1243 1274 1291 cohortatio
1315 1245 1386 1290 ad
1422 1243 1689 1292 Romanos.

219 1342 351 1392 Haec
390 1345 555 1408 potius
597 1345 907 1410 concupisce,
948 1359 975 1392 o
1015 1344 1206 1393 indoles
1230 1344 1448 1393 Romana
1486 1345 1759 1412 laudabiliS,

74 1433 102 1466 o
140 1419 403 1482 progenies
442 1417 745 1482 Regulorum
786 1417 1144 1485 Scaevolarum,
1186 1418 1473 1483 Scipionum
1511 1418 1758 1468 Fabricio-

72 1506 206 1558 rum3
243 1491 365 1540 haec
396 1494 562 1556 potius
588 1493 899 1557 concupisce,
939 1492 1060 1541 haec
1092 1491 1151 1541 ab
1183 1491 1264 1541 illa
1302 1494 1588 1558 turpissima
1627 1495 1756 1542 vani·
1792 1502 1846 1543 15

71 1571 170 1615 tate
218 1572 268 1614 et
314 1565 623 1616 fallacissima
677 1566 973 1615 daemonum
1028 1566 1331 1631 malignitate
1387 1566 1627 1616 discerne.
1707 1567 1759 1616 Si

73 1639 190 1704 quid
243 1641 295 1688 in
350 1646 398 1689 te
452 1639 694 1690 laudabile
751 1640 1040 1689 naturaliter
1097 1642 1309 1707 eminet,
1364 1655 1463 1689 non
1510 1643 1606 1690 nisi
1644 1656 1759 1690 vera

70 1715 252 1778 pietate
290 1722 532 1778 purgatur
571 1721 718 1779 atque
757 1714 1036 1781 perficitur,
1075 1715 1325 1779 impietate
1367 1721 1531 1763 autem
1571 1715 1756 1779 disper-

72 1786 205 1836 ditur
244 1794 293 1837 et
329 1789 550 1852 punitur.
626 1787 768 1837 Nunc
807 1790 904 1836 iam
944 1788 1067 1853 elige
1109 1788 1227 1852 quid
1266 1790 1512 1853 sequariS,
1562 1795 1618 1837 ut
1657 1803 1758 1836 non

70 1861 123 1910 in
160 1867 231 1928 te,
278 1861 365 1910 sed
411 1863 464 1911 in
502 1861 602 1911 Deo
654 1877 771 1911 vero
811 1864 917 1911 sine
956 1861 1056 1911 ullo
1098 1877 1268 1910 errore
1308 1861 1536 1910 lauderis
1615 1861 1754 1911 Tunc
1788 1872 1844 1912 20

73 1936 203 1984 enim
240 1935 331 1984 tibi
369 1935 523 2000 gloria
546 1936 799 2001 popularis
839 1935 1011 2002 adfuit,
1052 1935 1138 1984 sed
1179 1935 1372 1984 occulto
1412 1935 1594 1984 iudicio
1636 1935 1754 1984 divi-
1798 1961 1808 1969 ·

71 2022 161 2057 nae
207 2009 543 2074 providentiae
590 2026 706 2059 vera
751 2009 924 2074 religio
972 2024 1118 2073 quam
1167 2009 1375 2073 eligeres
1415 2009 1586 2058 defuit.
1662 2008 1755 2057 Ex-

70 2084 366 2150 pergiscere,
406 2083 511 2132 dies
543 2090 634 2150 est,
674 2085 802 2133 sicut
835 2089 1124 2148 experrecta
1164 2098 1216 2131 es
1255 2084 1306 2131 in
1348 2082 1655 2148 quibusdam,
1695 2083 1755 2131 de

73 2170 282 2220 quorum
306 2159 489 2207 virtute
513 2158 734 2223 perfecta
773 2163 823 2206 et
846 2173 936 2222 pro
969 2157 1064 2206 fide
1103 2172 1219 2205 vera
1259 2157 1406 2205 etiam
1443 2156 1754 2221 passionibus

33 2242 36 2244 ·
70 2228 352 2298 gloriamur,
392 2233 477 2296 qui
515 2246 868 2296 usquequaque
903 2230 1137 2280 adversus
1167 2236 1439 2295 potestates
1478 2231 1754 2279 inimicissi-
1788 2238 1842 2279 25

71 2318 174 2354 mas
212 2305 533 2370 confligentes
581 2320 763 2369 easque
811 2305 1009 2354 fortiter
1054 2304 1312 2353 moriendo
1352 2305 1606 2352 vincentes
1647 2318 1753 2352 san-

73 2379 218 2443 guine
242 2378 384 2428 nobis
408 2379 534 2429 hanc
566 2381 775 2444 patriam
798 2394 1040 2444 peperere
1067 2394 1173 2427 suo.
1248 2377 1322 2426 Ad
1362 2392 1508 2441 quam
1546 2378 1754 2442 patriam

72 2455 122 2500 te
181 2453 443 2503 invitamus
498 2461 548 2503 et
604 2453 944 2519 exhortamur,
1006 2458 1061 2501 ut
1116 2453 1223 2500 eius
1273 2451 1500 2500 adiciaris
1546 2464 1753 2498 numero

74 2525 276 2593 civium,
331 2529 473 2577 cuius
527 2526 738 2592 quodam
791 2526 936 2575 modo
992 2525 1180 2590 asylum
1234 2531 1310 2573 est
1364 2538 1478 2572 vera
1527 2523 1752 2571 remissio

73 2605 400 2662 peccatorum.
475 2600 584 2650 Non
624 2601 791 2650 audias
831 2600 1101 2664 degeneres
1133 2605 1245 2647 tuos
1286 2596 1479 2646 Christo
1521 2595 1750 2644 Christia-
1784 2604 1841 2643 30

74 2671 208 2720 nisve
248 2673 563 2723 detrahentes
605 2681 654 2723 et
692 2679 980 2723 accusantes
1020 2671 1155 2721 velut
1194 2677 1416 2735 tempora
1454 2668 1599 2734 mala,
1639 2681 1752 2715 cum

192 2847 218 2886 6
246 2843 571 2889 immutatione
595 2859 620 2888 v
643 2846 660 2902 ΙΙ
686 2849 738 2889 19
770 2843 984 2901 punitur]
1008 2842 1164 2887 malim
1188 2838 1434 2897 polluitur3
1466 2838 1523 2892 cf.
1550 2837 1577 2881 l.
1607 2839 1636 2880 6
1660 2849 1696 2880 c.
1722 2840 1750 2878 6

75 2901 183 2944 med.
192 2917 209 2953 ‚·
239 2902 268 2946 l.
301 2906 330 2947 7
360 2916 396 2948 c.
427 2907 488 2949 21
521 2904 600 2959 βπ.
633 2908 710 2947 etc.
