2020 3122
125 1033 178 1072 10

125 1459 177 1498 15

127 2195 181 2234 25

129 2564 184 2602 30

207 133 315 186 380
885 141 918 174 S.
942 140 1216 175 AUGUSTINI

208 271 408 322 porum,
449 255 534 304 sed
574 256 849 304 animorum
890 257 1229 304 aeternitatem
1271 269 1382 302 cum
1423 254 1515 303 diis
1555 253 1736 302 habere
1776 254 1885 304 dac·

208 345 378 379 mones
426 329 572 377 vellet
618 327 856 394 intellegi,
903 344 1000 377 non
1047 331 1218 393 utique
1271 327 1494 376 homines
1533 327 1592 375 ab
1632 327 1778 376 huius
1818 329 1892 376 rei

209 404 458 453 consortio
500 408 774 468 separaret,
816 404 927 466 quia
967 409 1017 451 et
1054 401 1335 451 hominibus
1375 407 1603 459 aeternos
1642 416 1750 450 esse
1791 403 1890 450 ani-

211 493 314 526 mos
355 476 529 541 procul
568 475 718 525 dubio
759 478 888 525 sicut
926 476 1208 525 Platonicus
1249 477 1412 523 sentit.
1490 474 1603 524 ldeo
1644 490 1755 524 cum
1795 475 1888 523 hoc

210 566 366 616 genus
406 551 709 599 animantum
748 549 1077 615 describeret,
1125 548 1468 597 inmortalibus
1508 550 1703 614 animis,
1742 550 1887 596 mori·

210 624 388 674 bundis
429 623 663 672 memhris
703 624 825 672 dixit
864 639 971 672 esse
1014 624 1250 671 homines.
1329 621 1395 670 Ac
1435 637 1524 686 per
1565 622 1656 670 hoc
1697 624 1738 670 si
1776 637 1887 686 pro-

210 706 379 763 pterea
441 712 751 746 communem
816 713 928 746 cum
991 697 1082 745 diis
1146 698 1487 744 aeternitatem
1549 711 1647 744 non
1708 695 1889 744 habent

209 773 448 837 homineS,
488 773 601 835 quia
634 786 842 835 corpore
875 777 991 819 sunt
1031 770 1282 819 mortales:
1321 776 1584 834 propterea
1623 785 1740 834 ergo
1781 769 1889 817 dae-

210 861 380 894 mones
420 845 615 910 liabent,
657 847 768 908 quia
808 859 1015 908 corpore
1057 851 1172 892 sunt
1211 843 1508 892 inmortales.

893 1016 1090 1069 CAPUT
1123 1017 1214 1069 IX.

211 1125 288 1173 Αη
336 1127 561 1174 amicitia
613 1127 902 1173 caeleste'mn
951 1127 1159 1173 deorum
1193 1140 1289 1186 per
1330 1126 1736 1174 intercessionem
1777 1127 1891 1174 dae-

587 1213 785 1248 monum
819 1201 975 1260 possit
1013 1200 1204 1247 homini
1232 1201 1509 1260 provideri.

360 1302 540 1360 Quales
572 1303 723 1365 igitur
757 1301 1052 1350 mediatores
1085 1307 1201 1350 sunt
1239 1302 1369 1350 inter
1408 1301 1631 1350 homines
1672 1307 1723 1351 et
1761 1302 1892 1367 deOS,

210 1392 299 1441 per
340 1391 463 1440 quos
512 1375 570 1424 ad
611 1375 818 1423 deorum
858 1376 1094 1423 amicitias
1134 1375 1358 1423 homines
1398 1374 1637 1440 ambiant,
1678 1377 1762 1439 qui
1800 1375 1894 1424 hoc

212 1466 326 1500 cum
379 1449 659 1498 hominibus
715 1448 896 1497 habent
948 1448 1187 1513 deterius,
1242 1448 1373 1512 quod
1429 1455 1504 1497 est
1549 1450 1599 1496 in
1649 1451 1892 1498 animante

214 1524 402 1588 melius,
442 1524 490 1572 id
516 1529 592 1571 est
617 1525 854 1588 animum3
895 1522 987 1570 hoc
1020 1529 1184 1571 autem
1216 1521 1397 1570 habent
1429 1537 1540 1570 cum
1573 1522 1666 1570 diis
1707 1523 1896 1588 melius',

213 1598 343 1662 quod
385 1604 459 1645 est
499 1599 548 1645 in
581 1599 824 1644 animante
866 1596 1099 1659 deterius,
1139 1595 1186 1643 id
1228 1603 1304 1644 est
1343 1593 1560 1659 corpus?
1601 1595 1723 1644 Cum
1763 1598 1893 1645 enim

213 1673 446 1737 animanS,
486 1670 533 1718 id
568 1676 642 1718 est
675 1670 865 1734 animal,
906 1686 963 1717 ex
997 1671 1154 1718 anima
1196 1675 1387 1717 constet
1427 1676 1475 1718 et
1515 1685 1736 1736 corpore,
1778 1686 1895 1734 quo-

213 1760 325 1793 rnm
357 1745 567 1793 duorum
601 1745 759 1792 anima
791 1750 866 1792 est
904 1745 1076 1807 utique
1118 1758 1325 1807 corpore
1366 1743 1553 1807 melior,
1594 1745 1687 1792 etsi
1727 1746 1896 1792 vitiosa

216 1827 265 1867 et
319 1819 532 1883 infirma,
588 1817 760 1866 melior
807 1824 940 1866 certe
990 1832 1196 1881 corpore
1245 1818 1391 1865 etiam
1443 1818 1698 1865 sanissimo
1751 1824 1895 1881 atquc

217 1893 519 1957 firmissimo,
569 1893 798 1955 quoniam
838 1898 1012 1940 natura
1052 1892 1159 1939 eius
1199 1890 1515 1940 excellentior
1556 1906 1644 1939 nec
1685 1891 1791 1939 labe
1831 1893 1897 1939 vi-

219 1968 399 2014 tiorum
445 1967 759 2030 postponitur
807 1967 1023 2030 corpori,
1075 1967 1203 2013 sicut
1243 1980 1416 2013 aurum
1458 1966 1605 2012 etiam
1644 1965 1893 2013 sordidum

218 2045 420 2103 argento
469 2054 557 2087 seu
603 2038 826 2104 plumbo,
877 2039 991 2087 lieet
1037 2040 1324 2104 purissimo,
1377 2039 1538 2087 carius
1589 2041 1896 2087 aestimatur:

218 2115 311 2161 ista
350 2112 645 2160 mediatores
695 2113 899 2161 deorum
940 2119 989 2161 et
1027 2112 1306 2178 hominum,
1347 2127 1435 2175 per
1475 2127 1599 2175 quos
1638 2114 1896 2176 interposi-

219 2193 293 2234 tos
345 2185 521 2234 divinis
574 2186 785 2234 humana
835 2188 1130 2252 iunguntur,
1186 2201 1297 2234 cum
1350 2185 1442 2233 diis
1489 2185 1671 2234 habent
1717 2201 1896 2250 corpus

216 2266 496 2324 aeternum,
536 2261 764 2308 vitiosum
805 2266 969 2308 autem
1009 2275 1121 2308 cum
1161 2258 1441 2307 hominibus
1481 2261 1718 2325 animum3
1759 2261 1898 2323 quasi

215 2333 418 2398 religio,
468 2348 563 2396 qua
611 2333 777 2381 volunt
817 2333 909 2381 diis
948 2333 1172 2381 homines
1212 2348 1300 2397 per
1341 2334 1602 2381 daemones
1642 2334 1800 2398 iungi,
1846 2335 1896 2380 in

217 2421 424 2471 corpore
481 2408 564 2466 sit,
620 2422 719 2454 non
759 2408 809 2455 in
850 2409 1009 2454 animo
1052 2408 1331 2455 constituta.
1411 2405 1660 2463 Quaenam
1699 2406 1895 2455 tandem

216 2482 337 2528 istos
363 2480 657 2528 mediatores
683 2480 829 2528 salsos
869 2486 1013 2543 atque
1057 2479 1249 2528 fallaces
1289 2482 1428 2543 quasi
1469 2481 1624 2543 capite
1666 2480 1896 2529 deorsum

218 2555 435 2617 nequitia
476 2553 549 2601 vel
588 2569 745 2618 poena
786 2553 1061 2619 suspendit,
1112 2560 1165 2602 ut
1204 2554 1490 2601 inferiorem
1529 2553 1749 2602 animalis
1787 2568 1896 2617 par-

218 2635 340 2693 tem,
391 2627 439 2675 id
481 2634 555 2675 est
594 2643 796 2692 corpuS,
854 2642 965 2675 cnm
1008 2626 1369 2691 superioribus,
1422 2629 1727 2690 superiorem
1768 2642 1899 2691 vero,

219 2701 265 2748 id
322 2708 397 2749 est
451 2703 692 2766 animum,
748 2716 860 2749 cum
907 2699 1224 2748 inferioribus
1274 2699 1503 2765 habeant,
1561 2708 1607 2748 et
1656 2716 1766 2748 cum
1807 2700 1898 2747 diis

338 2878 362 2915 5
397 2872 703 2916 animantium
738 2887 760 2916 υ
