2020 3122
169 1114 223 1153 10

170 1481 223 1519 15

170 1848 225 1887 20

167 2582 223 2620 30

257 140 366 194 300
945 150 979 183 s.
1003 150 1277 186 Auens'nm

258 264 739 329 multiplicandorum
779 264 983 313 deorum
1023 263 1258 314 inmunda
1297 264 1455 311 anima
1494 263 1752 329 reperiret,
1791 269 1840 312 et
1877 263 1938 312 ab

256 353 355 386 uno
396 353 511 386 vero
546 336 644 386 Deo
681 339 856 387 merito
895 337 1218 387 inmunditiae
1258 336 1493 386 destituta
1533 351 1588 384 ac
1627 351 1717 401 per
1756 336 1936 386 multos

257 411 404 459 falsos
451 410 679 460 aviditate
727 413 926 460 maioris
973 411 1293 460 inmunditiae
1342 411 1608 474 prostituta
1653 411 1748 459 ista
1787 412 1935 459 sacri-

256 484 379 548 legia
420 499 556 534 sacra
595 486 872 534 nominaret
920 500 1129 548 seseque
1169 498 1462 548 spurcorum
1502 482 1795 532 daemonum
1833 489 1936 533 tur-

257 557 332 606 bis
373 557 741 607 conviolandam
780 558 1190 623 polluendamque
1231 556 1510 622 praeberet.

896 744 1094 798 CAPUT
1127 745 1298 798 XXII.

583 853 659 902 Be
698 854 925 915 Neptuno
966 858 1015 902 et
1053 852 1262 900 Salacia
1304 866 1367 900 ac
1419 850 1625 900 Venilia.

404 954 505 1003 Iam
536 957 707 1019 utique
739 954 950 1004 habebat
984 953 1220 1003 Salaciam
1245 953 1503 1018 Neptunus
1538 969 1756 1021 uxorem,
1796 969 1942 1018 quam

255 1028 542 1076 inferiorem
567 1043 742 1093 aquam
767 1030 915 1077 maris
941 1043 1048 1076 esse
1074 1027 1326 1077 dixerunt:
1366 1034 1421 1076 ut
1454 1027 1571 1091 quid
1602 1027 1673 1076 illi
1711 1027 1939 1078 adiuncta

257 1108 332 1150 est
365 1095 636 1168 et'Venilia,
676 1103 771 1150 nisi
804 1108 858 1151 ut
890 1103 996 1150 sine
1029 1101 1127 1150 ulla
1158 1115 1304 1150 causa
1344 1102 1738 1150 necessariorum
1778 1117 1938 1150 sacro-

255 1190 369 1224 rum
415 1174 518 1224 sola
563 1175 765 1224 libidine
808 1177 996 1224 animae
1036 1176 1329 1240 prostitutae
1371 1173 1782 1239 multiplicaretur
1821 1177 1940 1224 invi-

257 1250 376 1297 tatio
427 1246 839 1298 daemoniorum?
918 1248 1015 1297 Sed
1068 1248 1353 1313 proferatur
1406 1250 1750 1313 interpretatio
1803 1264 1941 1314 prae·

256 1321 414 1371 clarae
463 1322 758 1389 theologiae,
799 1338 923 1386 quae
964 1337 1053 1371 nos
1093 1321 1153 1370 ab
1199 1323 1292 1371 ista
1331 1321 1716 1386 reprehensione
1756 1322 1947 1371 reddita

255 1397 446 1445 ratione
501 1403 793 1460 compescat.
869 1395 1085 1462 „Venilia
1098 1435 1112 1461 ,
1166 1397 1348 1461 inquit,
1395 1395 1526 1444 unda
1566 1402 1662 1462 est,
1719 1411 1843 1460 quae
1883 1396 1943 1445 ad

255 1469 372 1518 litus
405 1471 556 1535 venit3
599 1469 798 1535 Salacia,
838 1485 962 1534 quae
994 1471 1046 1518 in
1079 1469 1234 1518 salum
1273 1464 1447 1517 redit.“
1523 1468 1623 1518 Cur
1662 1485 1779 1534 ergo
1820 1470 1939 1519 deae

256 1543 381 1592 fiunt
405 1543 543 1608 duae,
583 1558 696 1592 cum
721 1545 783 1592 sit
815 1559 914 1592 una
946 1542 1076 1591 unda
1117 1557 1240 1606 quae
1281 1544 1415 1591 venit
1454 1550 1503 1592 et
1541 1540 1706 1592 redit‘?
1751 1542 1938 1608 Nempe

255 1617 361 1680 ipsa
394 1623 470 1665 est
493 1622 785 1666 exaestuans
818 1619 868 1665 in
901 1616 1053 1666 multa
1091 1618 1292 1665 numina
1330 1615 1479 1664 libido
1519 1631 1709 1665 vesana.
1758 1616 1935 1674 Quam·

255 1691 327 1738 vis
378 1691 509 1739 enim
564 1705 688 1754 aqua
743 1706 842 1739 non
896 1691 1175 1755 geminetur
1229 1705 1354 1753 quae
1401 1691 1439 1738 it
1486 1697 1536 1739 et
1585 1690 1736 1756 redit,
1789 1690 1938 1740 huius

256 1771 422 1812 tamen
472 1765 730 1812 occasione
779 1765 1005 1813 vanitatis
1044 1762 1237 1812 duobus
1279 1763 1548 1812 daemoniis
1586 1765 1803 1812 invitatis
1842 1779 1939 1813 am-

258 1837 388 1900 plius
429 1837 815 1886 commaculatur
854 1839 1028 1903 anima,
1069 1851 1193 1900 quae
1232 1839 1271 1886 it
1310 1843 1359 1885 et
1398 1852 1497 1885 non
1535 1836 1676 1885 redit.
1748 1836 1940 1894 Quaeso

258 1920 320 1976 te,
359 1910 527 1975 Varro,
565 1910 641 1959 vel
674 1926 773 1975 νος,
815 1913 899 1975 qui
939 1918 1038 1960 tam
1078 1910 1338 1959 doctorum
1375 1910 1631 1959 hominum
1669 1910 1783 1959 talia
1821 1913 1940 1960 scri-

257 1991 340 2047 pta
378 1983 565 2048 legistis
617 1992 666 2033 et
713 1984 895 2048 aliquid
948 1999 1180 2048 magnum
1218 1999 1303 2032 vos
1343 1982 1574 2032 didicisse
1613 1985 1828 2050 iactatiS,
1866 1986 1938 2033 in-

258 2059 598 2122 terpretamini
644 2058 760 2124 hoc,
808 2057 919 2106 nolo
969 2057 1134 2106 dicere
1183 2057 1457 2107 secundum
1510 2057 1643 2106 illam
1692 2064 1942 2108 aeternam

255 2130 805 2195 incommutabilemque
845 2138 1086 2197 naturam,
1126 2133 1211 2195 qui
1251 2130 1384 2179 solus
1425 2137 1500 2179 est
1537 2130 1684 2197 Deus,
1724 2131 1811 2180 sed
1850 2130 1940 2180 sal-

203 2213 219 2222 *
260 2211 359 2252 tem
407 2204 680 2253 secundum
727 2206 936 2253 animam
977 2204 1149 2253 mundi
1188 2211 1237 2253 et
1275 2211 1440 2268 partes
1480 2205 1609 2269 eiuS,
1656 2219 1780 2268 quos
1820 2204 1939 2253 deos

256 2293 364 2326 esse
398 2292 538 2326 veros
570 2279 872 2326 existimatis,
950 2277 1147 2327 Partem
1187 2279 1375 2326 animae
1417 2277 1601 2343 mundi,
1640 2292 1764 2341 quae
1804 2292 1938 2326 mare

254 2357 497 2417 permeat,
544 2350 690 2399 deum
732 2350 869 2399 vobis
909 2351 1085 2399 fecisse
1125 2350 1413 2415 Neptunum
1451 2358 1719 2415 utcumque
1760 2351 1934 2400 tolera-

254 2423 443 2473 bilioris
498 2426 683 2472 erroris
738 2430 828 2473 est.
905 2423 1038 2472 Itane
1090 2423 1221 2472 unda
1271 2424 1331 2472 ad
1376 2424 1492 2473 litus
1541 2426 1741 2472 veniens
1790 2431 1840 2473 et
1886 2426 1939 2472 in

256 2497 412 2546 salum
462 2497 659 2546 rediens
708 2497 831 2545 duae
879 2504 994 2546 sunt
1039 2504 1206 2561 partes
1252 2497 1422 2546 mundi
1469 2503 1553 2545 aut
1598 2497 1721 2546 duae
1770 2504 1936 2562 partes

256 2572 442 2620 animae
475 2567 683 2620 mundi?
738 2569 858 2628 Quis
890 2576 1110 2619 vestrum
1148 2572 1217 2619 ita
1255 2570 1476 2636 desipiat,
1515 2576 1571 2619 ut
1608 2570 1702 2619 hoc
1741 2567 1935 2635 sapiat?

255 2644 354 2695 Cur
400 2659 517 2709 ergo
567 2643 704 2692 vobis
753 2643 873 2692 duas
921 2643 1036 2692 deas
1083 2644 1330 2705 fecerunt,
1386 2645 1480 2692 nisi
1527 2645 1640 2707 quia
1678 2645 1932 2709 provisum

255 2724 331 2766 est
370 2733 395 2766 a
436 2717 739 2782 sapientibus
772 2716 1040 2765 maioribus
1073 2719 1266 2782 vestriS,
1306 2731 1405 2765 non
1439 2723 1492 2765 ut
1531 2716 1599 2765 dii
1637 2717 1804 2782 plures
1842 2731 1929 2765 vos

254 2790 509 2857 regerent,
558 2791 643 2839 sed
683 2796 739 2840 ut
778 2805 855 2854 ea,
903 2805 1026 2854 quae
1066 2792 1174 2838 istis
1214 2789 1508 2838 vanitatibus
1550 2795 1598 2838 et
1636 2789 1927 2839 falsitatibus

255 2864 482 2930 gaudent,
520 2863 661 2928 plura
701 2879 784 2912 vos
825 2864 1078 2912 daemonia
1116 2860 1468 2928 possiderent?
1508 2861 1607 2912 Cur
1645 2870 1811 2913 autem
1848 2863 1927 2911 illa
