2038 3152
42 1546 45 1550 c
15 1303 54 1514 ’βαρέως-κ·
34 1283 38 1286 .
22 1263 47 1269 Ἴ·
13 943 40 1248 :so-,maminot
15 870 38 921 >2³
18 751 43 851 μᾶ(

571 172 636 203 DE
662 171 900 204 crvrrA'rE
924 172 1013 203 DEI
1035 172 1077 204 L.
1102 173 1135 205 1.
1160 173 1197 206 0.
1222 175 1254 206 c.
1281 175 1312 206 τ.
1755 166 1818 215 11

134 288 328 336 Marcus
367 283 648 351 MarcelluS,
697 286 782 349 qui
822 284 1088 349 Syracusas
1127 284 1303 334 urbem
1343 287 1704 336 ornatissimam
1743 303 1820 337 ce-

132 363 220 427 pit,
258 360 477 409 refertur
509 373 616 407 eam
647 360 787 423 prius
818 357 1011 407 flevisse
1050 359 1294 407 ruituram
1327 367 1375 408 et
1414 366 1524 408 ante
1565 362 1672 409 eius
1712 376 1819 409 san-

133 436 335 500 guinem
366 448 480 482 suas
511 431 582 481 illi
613 431 839 481 lacrimas
879 431 1126 480 effudisse.
1182 431 1344 482 Gessit
1383 440 1433 482 et
1473 448 1642 482 curam
1679 434 1819 499 pudi-

133 510 278 558 citiae
311 509 458 556 etiam
489 507 539 555 in
572 505 712 555 hoste
746 504 1028 554 servandae.
1112 505 1235 554 Nam
1264 507 1555 571 priusquam
1586 508 1821 572 oppidum

132 584 290 631 victor
336 581 564 630 iussisset
611 579 796 645 invadi,
850 580 1108 628 constituit
1147 579 1330 645 edicto,
1386 595 1447 629 ne
1488 581 1598 645 quis
1639 596 1819 646 corpus

131 654 346 704 liberum
383 653 601 702 violaret.
670 652 854 702 Eversa
886 660 962 702 est
994 660 1158 702 tamen
1191 655 1362 702 civitas
1394 669 1531 702 more
1563 653 1819 720 bellorum,

133 745 226 778 nec
257 729 450 793 uspiam
473 727 653 792 legitur
686 726 757 776 ab·
778 729 1075 792 imperatore
1107 734 1208 776 tam
1241 734 1375 776 casto
1409 735 1555 792 atque
1589 728 1819 778 clementi

133 803 285 852 fuisse
325 808 661 868 praeceptum,
700 807 755 850 ut
787 802 1012 866 quisquis
1052 801 1110 850 ad
1149 801 1269 850 illud
1308 800 1385 850 vel
1423 801 1542 851 illud
1582 802 1820 867 templum

130 877 345 945 fugisset⁹
371 874 639 924 haberetur
670 875 899 924 inlaesus,
955 874 1097 932 Quod
1130 877 1303 940 utique
1329 874 1463 924 nullo
1496 876 1640 924 modo
1680 891 1819 940 prae·

131 952 393 1017 teriretur,
440 948 634 1014 quando
682 964 774 998 nec
821 950 928 998 eius
974 948 1120 998 fletus
1168 965 1259 998 nec
1299 950 1431 1013 quod
1472 949 1690 998 edixerat
1728 965 1818 1015 pro

133 1025 369 1090 pudicitia
400 1024 602 1072 minime
635 1022 857 1071 violanda
887 1024 1050 1088 potuit
1073 1025 1240 1072 taceri.
1294 1022 1490 1089 Fabius,
1523 1023 1817 1072 Tarentinae

132 1098 270 1147 urbis
296 1113 510 1163 eversor,
549 1113 575 1145 a
615 1096 993 1147 simulacrorum
1017 1096 1396 1161 depraedatione
1436 1112 1489 1146 se
1522 1097 1817 1146 abstinuisse

132 1172 373 1222 laudatur.
449 1170 569 1219 Nam
611 1186 721 1219 011111
756 1172 802 1219 01
841 1170 1002 1219 scriba
1042 1173 1369 1235 suggessisset
1408 1170 1525 1234 quid
1565 1170 1624 1219 de
1666 1173 1818 1236 signis

1853 591 1879 630 5

1855 959 1908 999 10

132 1246 354 1310 deorum,
395 1259 520 1309 quae
553 1243 705 1293 multa
739 1251 876 1308 capta
917 1244 1127 1310 fuerant,
1167 1245 1274 1293 fieri
1314 1242 1523 1310 iuberet,
1563 1247 1816 1293 continen-
1851 1261 1858 1267 ·

130 1322 250 1369 tiam
290 1334 427 1368 suam
468 1319 613 1367 etiam
661 1317 866 1366 iocando
908 1317 1137 1366 condivit.
1216 1317 1466 1375 Quaesivit
1506 1320 1636 1366 enim
1677 1320 1818 1368 cuius

134 1392 266 1442 modi
306 1399 494 1458 essent,
534 1399 584 1441 et
624 1407 737 1442 cum
778 1393 822 1440 ei
862 1407 960 1440 non
1001 1391 1160 1441 solum
1199 1391 1351 1440 multa
1391 1391 1607 1457 grandia,
1647 1407 1817 1441 verum

131 1469 279 1516 etiam
325 1467 732 1515 renuntiarentur
783 1472 989 1515 armata:
1041 1465 1456 1531 „RelinquaniuS,
1506 1467 1687 1531 inquit,
1727 1465 1815 1514 Ta-

131 1541 340 1590 rentinis
387 1539 506 1589 deos
552 1534 754 1589 iratos“.
833 1538 955 1589 Cum
1002 1541 1154 1604 igitur
1199 1555 1291 1588 nec
1337 1539 1468 1588 illius
1514 1539 1685 1588 fletum
1724 1555 1815 1588 1100

129 1614 278 1664 11111115
323 1615 502 1677 risum,
556 1629 648 1662 nec
694 1613 826 1663 illius
873 1620 1056 1662 castam
1103 1613 1491 1662 misericordiam
1538 1628 1629 1662 nec
1668 1613 1815 1662 huius

130 1689 338 1737 facetam
384 1689 739 1737 continentiam
785 1687 1117 1736 Romanarum
1172 1702 1339 1737 rerum
1397 1694 1645 1753 gestarum
1694 1689 1813 1736 scri-

129 1768 300 1826 ptores
338 1768 502 1810 tacere
542 1763 818 1826 potuerint:
870 1761 1064 1825 quando
1103 1763 1609 1827 praetermitteretur,
1649 1762 1691 1810 si
1731 1760 1812 1809 ali-

129 1834 310 1900 quibus
348 1834 630 1884 hominibus
675 1837 726 1884 in
772 1835 1012 1884 honorem
1052 1837 1326 1900 cuiuspiam
1365 1835 1572 1884 deorum
1611 1850 1814 1884 suorum

130 1911 200 1958 sic
239 1910 594 1974 pepercissent,
633 1911 762 1958 utin
802 1924 1049 1973 quoquam
1089 1909 1271 1974 templo
1312 1909 1512 1958 caedem
1549 1908 1626 1957 vel
1666 1910 1814 1973 capti-

127 1984 328 2032 vitatem
367 1982 475 2031 fieri
512 1979 869 2048 prohiberent?

794 2156 988 2210 CAPUT
1021 2156 1140 2209 VII.

181 2263 327 2322 Quod
364 2265 415 2312 in
455 2266 713 2314 eversione
760 2264 927 2323 Urbis,
967 2278 1099 2324 quae
1137 2278 1318 2325 aspere
1352 2268 1497 2324 qesta
1536 2269 1666 2322 sum,
1707 2263 1769 2310 de

211 2339 572 2387 consuetudine
611 2339 900 2387 acciderint
938 2339 1079 2394 bell2‘;
1125 2352 1257 2398 quae
1296 2352 1414 2386 vero
1454 2340 1737 2396 clem-emer,

395 2413 458 2460 de
484 2414 710 2473 potentia
735 2414 1066 2473 provenerint
1095 2413 1310 2460 nominis
1347 2411 1544 2460 Christi.

277 2513 526 2577 Quidquid
567 2529 683 2578 ergo
715 2515 998 2563 vastationis
1037 2513 1380 2563 trucidationis
1419 2511 1811 2577 depraedationis

129 2589 541 2636 concremationis
597 2587 888 2636 adflictionis
946 2589 996 2636 in
1051 2589 1144 2636 ista
1198 2588 1538 2636 recentissima
1594 2585 1809 2633 Romana

127 2659 266 2708 clade
291 2662 609 2709 commissum
633 2668 721 2726 est,
761 2662 878 2710 fecit
908 2661 1001 2709 hoc
1028 2661 1335 2710 consuetudo
1375 2659 1638 2722 bellorum3
1679 2656 1810 2720 quod

131 2740 295 2782 autem
335 2749 460 2782 novo
499 2749 635 2783 more
677 2735 859 2784 factum
900 2741 996 2800 est,
1038 2734 1168 2798 quod
1208 2735 1439 2783 inusitata
1479 2746 1646 2780 rerum
1687 2731 1808 2778 facie

249 2909 275 2948 9
307 2905 555 2950 haberet-ur
587 2905 791 2959 GAKF,·
822 2905 970 2949 abiret·
1002 2919 1026 2949 v

1854 1328 1904 1366 15

1848 1698 1904 1736 20

1845 2169 1900 2207 25

1842 2594 1898 2632 30
