2020 3122
579 132 646 163 DE
669 131 908 164 cmTA'rE
932 133 1020 164 nm
1043 134 1085 166 L.
1110 135 1216 166 vm.
1242 134 1278 167 c.
1304 136 1360 169 15.
1702 126 1809 178 343

129 260 335 311 prorsus
383 258 527 292 nemo
576 245 783 292 miratur
831 259 916 292 eos
957 246 1103 294 etiam
1142 249 1416 296 scaenicam
1454 249 1810 313 turpitudinem

128 321 180 368 in
227 317 376 367 rebus
425 317 600 366 divinis
644 315 827 366 habere
874 316 1110 383 voluisse,
1157 325 1207 368 et
1246 335 1359 369 cum
1398 321 1516 370 deos
1556 338 1608 371 se
1648 325 1811 386 putari

128 391 303 457 velint,
344 391 551 440 deorum
591 389 881 439 criminibus
921 390 1157 440 oblectari
1194 395 1438 459 potuisse,
1485 402 1534 444 et
1573 395 1810 460 quidquid

128 466 180 514 in
220 479 393 514 eorum
425 466 577 514 sacris
609 462 821 512 obscena
854 463 1178 513 sollemnitate
1221 480 1308 514 seu
1348 470 1481 531 turpi
1521 469 1809 519 crudelitate

129 537 205 587 vel
242 538 434 587 ridetur
473 537 549 586 vel
587 536 835 603 horretur,
875 552 1049 586 eorum
1088 538 1347 588 affectibus
1387 544 1662 591 convenire.

795 679 993 734 CAPUT
1026 679 1142 733 XV.

139 775 286 833 Quod
321 788 482 835 neque
521 779 736 836 propter
775 776 922 822 aeria
962 787 1183 835 corpora
1223 789 1384 835 neque
1416 781 1630 837 propter
1668 791 1810 837 supe-

238 850 382 897 riora
422 849 718 896 habitacula
758 849 1025 896 daemones
1063 848 1345 896 hominibus
1384 852 1701 899 antecellant.

275 935 434 994 Quam
465 934 527 984 ob
558 950 664 984 rem
697 934 824 984 absit
863 941 918 984 ut
957 936 1050 984 ista
1090 935 1407 984 considerans
1447 938 1638 986 animus
1679 953 1811 985 vera·

126 1011 252 1059 citer
290 1009 551 1075 religiosus
591 1015 641 1058 et
678 1023 794 1058 vero
836 1008 935 1057 Deo
978 1008 1203 1058 subditus
1243 1009 1353 1058 ideo
1394 1009 1663 1059 arbitretur
1702 1011 1811 1060 dae-

128 1098 299 1132 mones
362 1098 414 1132 se
475 1084 582 1148 ipso
646 1098 755 1131 esse
818 1081 1077 1148 melioreS,
1141 1082 1272 1146 quod
1333 1082 1544 1133 habeant
1606 1099 1811 1149 corpora

127 1157 344 1207 meliora.
420 1156 651 1221 Alioquin
696 1155 875 1205 multas
922 1155 1017 1205 sibi
1065 1163 1113 1205 et
1151 1155 1333 1205 bestias
1373 1157 1683 1222 praelaturus
1722 1166 1812 1223 est,

128 1245 252 1296 quae
300 1245 391 1280 nos
439 1237 489 1280 et
535 1231 800 1280 acrimonia
848 1244 1083 1279 sensuum
1134 1236 1182 1278 et
1220 1236 1358 1279 motu
1396 1230 1625 1280 facillimo
1665 1238 1811 1297 atque

132 1304 392 1354 celerrimo
434 1311 483 1353 et
521 1303 730 1353 valentia
768 1305 946 1352 virium
987 1310 1036 1352 et
1076 1305 1398 1352 annosissima
1436 1305 1666 1354 firmitate
1706 1321 1812 1354 cor-

126 1393 306 1444 porum
336 1379 556 1427 vincunt.
635 1377 757 1435 Quis
789 1377 1045 1426 hominum
1090 1377 1299 1426 videndo
1348 1378 1639 1442 aequabitur
1678 1381 1811 1443 aqui-

127 1451 187 1501 lis
229 1458 277 1501 et
315 1447 630 1501 vulturibus?
677 1453 788 1516 quis
827 1450 1079 1500 odorando
1120 1449 1360 1501 canibus?
1409 1453 1518 1516 quis
1556 1451 1810 1502 velocitate

126 1525 399 1590 leporibuS,
449 1527 630 1591 cerviS,
678 1525 907 1574 omnibus
957 1521 1164 1574 avibus?
1211 1526 1322 1588 quis
1362 1525 1571 1575 multum
1609 1525 1811 1575 valendo

126 1598 352 1648 leonibus
394 1605 442 1648 et
481 1596 790 1664 elephantis?
839 1600 950 1663 quis
990 1598 1073 1647 diu
1112 1598 1318 1647 vivendo
1359 1599 1688 1665 serpentibuS,
1728 1601 1813 1664 qui

38 1731 47 1734 ,
125 1674 273 1722 etiam
321 1673 543 1738 deposita
588 1674 756 1722 tunica
804 1679 1112 1722 senectutem
1159 1671 1407 1736 deponere
1456 1679 1602 1736 atque
1648 1675 1699 1721 in
1739 1676 1810 1722 iu-

125 1753 322 1795 ventam
359 1745 522 1795 redire
562 1743 925 1811 perhibentur?
976 1746 1073 1794 Sed
1115 1747 1243 1794 sicut
1282 1746 1358 1794 his
1398 1745 1626 1795 omnibus
1665 1747 1810 1795 ratio·

127 1820 336 1869 cinando
384 1827 433 1869 et
478 1819 807 1884 intellegendo
857 1819 1087 1868 meliores
1135 1833 1331 1885 sumUS,
1382 1821 1450 1868 ita
1501 1821 1647 1868 etiam
1701 1819 1811 1868 dae-

127 1893 357 1955 monibus
380 1893 505 1943 bene
533 1900 678 1958 atque
703 1894 909 1942 honeste
934 1893 1139 1941 vivendo
1165 1891 1393 1941 meliores
1419 1908 1527 1942 esse
1561 1892 1811 1958 debemus.

128 1954 203 2016 Ob
242 1967 336 2016 hoc
385 1969 516 2016 enim
563 1974 613 2016 et
658 1967 964 2032 providentia
1004 1965 1165 2014 divina
1206 1967 1299 2031 eiS,
1347 1966 1526 2030 quibus
1566 1982 1657 2015 nos
1697 1982 1811 2015 con-

128 2047 223 2090 stat
270 2056 378 2090 esse
426 2042 668 2106 potioreS,
717 2041 828 2090 data
876 2046 991 2089 sunt
1039 2039 1277 2104 quaedam
1315 2042 1508 2104 potiora
1547 2055 1810 2105 corporum

127 2130 355 2179 munera,
395 2121 452 2163 ut
490 2114 631 2180 illud,
672 2129 769 2178 quo
810 2116 881 2163 eis
919 2115 1294 2179 praeponimur,
1343 2115 1489 2162 etiam
1528 2115 1623 2163 isto
1663 2115 1807 2163 modo

127 2187 269 2237 nobis
302 2187 733 2237 commendaretur
764 2187 918 2237 multo
958 2189 1141 2236 maiore
1182 2201 1301 2235 cura
1341 2187 1662 2236 excolendum
1704 2203 1810 2236 esse

130 2277 276 2326 quam
328 2277 510 2326 corpus
524 2302 536 2327 ,
590 2263 846 2326 ipsamque
894 2260 1233 2310 excellentiam
1280 2261 1610 2327 corporalem,
1666 2276 1810 2325 quam

129 2335 391 2385 daemones
430 2335 613 2384 habere
654 2350 935 2400 nossemus,
982 2349 1098 2400 prae
1139 2333 1357 2383 bonitate
1396 2337 1543 2400 vitae,
1584 2350 1679 2398 qua
1717 2334 1810 2382 illis

129 2411 500 2475 anteponimur,
539 2415 857 2458 contemnere
898 2408 1224 2473 disceremUS,
1264 2407 1479 2457 habituri
1520 2414 1570 2457 et
1609 2423 1698 2456 nos
1737 2409 1808 2455 in·

129 2482 475 2532 mortalitatem
507 2498 787 2547 colpor‚um
827 2497 926 2531 non
966 2497 1113 2546 quam
1153 2482 1507 2546 suppliciorum
1547 2482 1809 2529 aeternitas

129 2561 372 2622 torqueat,
412 2556 499 2605 sed
538 2571 685 2620 quam
723 2557 913 2621 puritas
951 2555 1214 2620 praecedat
1253 2557 1541 2603 animorum.

277 2629 379 2678 Iam
417 2645 533 2679 vero
574 2630 634 2679 de
673 2630 770 2679 loci
808 2629 1080 2694 altitudine,
1121 2628 1251 2692 quod
1291 2629 1552 2676 daemones
1591 2628 1642 2674 in
1682 2641 1809 2690 aere,

131 2716 221 2751 nos
253 2709 417 2752 autem
448 2702 724 2752 habitamus
764 2705 816 2752 in
854 2710 1001 2769 terra,
1041 2704 1107 2751 ita
1146 2703 1437 2766 permoveri,
1477 2707 1532 2748 ut
1569 2698 1684 2747 hinc
1725 2714 1809 2746 eos

131 2774 272 2824 nobis
319 2792 427 2826 esse
474 2776 848 2842 praeponendos
895 2778 1255 2839 existimemUS,
1304 2775 1500 2822 omnino
1547 2771 1809 2820 ridiculum

131 2855 221 2898 est.
297 2849 399 2899 Hoc
448 2852 580 2899 enim
625 2857 768 2915 pacto
820 2849 961 2899 nobis
1011 2856 1060 2899 et
1107 2850 1268 2896 omnia
1307 2845 1516 2895 volatilia
1551 2846 1808 2911 praeponi·

1847 1022 1900 1062 10

1847 1389 1900 1428 15

1844 1757 1900 1796 20

1843 2124 1897 2163 25

1841 2490 1897 2530 30

1841 2853 1896 2893 35
