2038 3152
26 757 29 762 ·
23 640 45 748 “asp-Q·
18 515 43 628 ‘evwme
23 419 42 503 -7-8·
28 370 37 382 ν
26 339 29 354 ·‘

18 985 41 1258 ἥβων-ων

614 183 680 215 DE
705 182 944 216 CIVITATE
967 183 1055 214 DEI
1079 183 1120 214 L.
1145 183 1175 215 1.
1201 183 1237 216 o.
1262 186 1293 215 4.
1318 185 1351 217 5.
1797 172 1833 224 9

1005 296 1209 344 Iunonis
1250 297 1388 358 asylo

216 410 220 414 .
299 370 542 419 Custodes
581 370 712 432 lecti,
751 370 973 417 Phoenix
1012 373 1063 417 et
1102 370 1239 417 dirus
1279 369 1463 432 Ulixes,

298 444 544 493 Praedam
582 443 939 505 adservabant3
985 443 1081 490 huc
1119 443 1337 505 undique
1377 443 1526 492 Troia
1564 460 1687 506 gaza

297 518 518 567 Incensis
558 520 732 579 erepta
769 517 936 579 adytis
975 531 1274 578 mensaeque
1314 517 1517 565 deorum

298 592 628 653 Crateresque
667 606 788 638 auro
830 590 976 638 solidi
1014 591 1309 652 captivaque
1347 591 1502 639 vestis
1866 602 1898 642 5

299 665 611 728 Congeritur.
673 664 825 711 Pueri
863 667 915 713 et
952 664 1163 726 pavidae
1202 665 1353 727 longo
1394 665 1564 712 ordine
1602 668 1788 714 matres

297 740 447 788 Stant-
484 739 682 787 circum.

148 827 349 877 Electus
381 833 457 876 est
487 825 714 874 videlicet
752 825 889 874 locus
930 833 1091 875 tantae
1131 826 1249 875 deae
1291 833 1526 892 sacratim,
1566 842 1664 875 nou
1703 826 1834 876 unde

150 902 367 966 captivos
406 915 507 948 non
544 899 717 948 liceret
756 898 990 967 educere,
1039 899 1124 948 sed
1167 899 1250 948 ubi
1290 901 1506 964 captivos
1546 899 1722 950 liberet
1761 902 1832 948 in-

150 974 365 1024 cludere.
442 972 681 1037 Compara
729 988 860 1022 nunc
909 973 1095 1038 asylum
1143 973 1263 1023 illud
1311 989 1410 1022 non
1451 973 1714 1023 cuiuslibet
1753 973 1832 1023 dei
1867 985 1928 1024 10

150 1047 360 1113 gregalis
408 1046 482 1096 vel
530 1046 589 1095 de
639 1046 782 1095 turba
826 1046 1006 1111 plebis,
1062 1046 1148 1096 sed
1187 1047 1314 1096 Iovis
1362 1049 1518 1112 ipsius
1559 1049 1744 1096 sororis
1785 1055 1834 1097 et

151 1122 374 1185 coniugis
406 1127 456 1169 et
486 1121 684 1183 reginae
718 1122 935 1169 omnium
970 1120 1177 1170 deorum
1209 1137 1323 1170 cum
1355 1123 1605 1170 memoriis
1644 1128 1834 1170 nostro-

152 1210 262 1244 rum
310 1192 660 1258 apostolorum.
760 1192 880 1242 Illuc
930 1196 1147 1243 incensis
1194 1194 1389 1259 templis
1438 1202 1486 1243 et
1532 1194 1626 1243 diis
1666 1202 1836 1259 erepta

149 1267 303 1334 spolia
340 1265 679 1332 portabantur,
718 1281 817 1316 non
857 1266 1081 1316 donanda
1119 1269 1275 1332 victiS‚
1315 1268 1401 1316 sed
1442 1268 1699 1317 dividenda
1737 1270 1834 1317 vic·

152 1341 364 1406 toribus3
418 1341 515 1390 huc
562 1347 726 1389 autem
774 1347 822 1390 et
868 1341 999 1405 quod
1046 1341 1160 1390 alibi
1208 1342 1267 1390 ad
1322 1357 1377 1390 ea
1423 1341 1528 1389 loca
1578 1344 1827 1406 pertinere
1864 1351 1925 1391 15

149 1422 458 1480 compertum
491 1421 567 1463 est
605 1429 718 1463 cum
756 1413 943 1464 honore
985 1422 1034 1464 et
1072 1415 1310 1479 obsequio
1351 1414 1719 1479 religiosissimo
1759 1431 1834 1464 re-

149 1496 401 1555 portatum
440 1495 530 1538 est.
599 1487 671 1536 Ibi
703 1490 895 1554 amissa,
935 1488 1015 1538 hic
1056 1496 1245 1538 servata
1284 1488 1507 1554 libertas3
1547 1487 1614 1537 ibi
1655 1489 1833 1549 clausa,

150 1564 231 1613 hic
281 1561 543 1612 interdicta
595 1563 871 1628 captivitas3
936 1562 1006 1611 ibi
1056 1562 1342 1628 possidendi
1393 1578 1416 1611 a
1470 1562 1835 1612 dominantibus

149 1636 374 1686 hostibus
413 1635 780 1703 premebantur,
818 1636 916 1685 huc
954 1636 1195 1686 liberandi
1234 1652 1260 1685 a
1300 1635 1648 1685 miserantibus
1688 1636 1834 1685 duce-

151 1711 352 1760 bantur:
390 1716 642 1775 postremo
675 1709 795 1758 illud
819 1709 1022 1759 Iunonis
1061 1710 1301 1776 templum
1340 1710 1433 1759 sibi
1473 1709 1689 1775 elegerat
1728 1725 1831 1758 ava·
1868 1720 1931 1759 20-

150 1786 263 1834 ritia
310 1791 359 1833 et
406 1783 637 1848 superbia
683 1783 864 1832 levium
923 1784 1301 1850 Graeculorum,
1354 1786 1473 1833 istas
1522 1783 1705 1833 Christi
1754 1783 1834 1832 ba-

152 1858 315 1907 silicas
355 1857 694 1906 misericordia
733 1864 782 1906 et
820 1857 1069 1907 humilitas
1109 1860 1256 1907 etiam
1295 1859 1566 1906 inmanium
1606 1857 1834 1906 barbaro-

152 1947 278 1981 rum.
347 1931 451 1980 Nisi
485 1931 611 1979 forte
645 1930 819 1980 Graeci
859 1932 1058 1995 quidem
1090 1934 1140 1980 in
1173 1931 1252 1980 illa
1285 1947 1373 1980 sua
1404 1932 1608 1980 victoria
1640 1930 1835 1995 templis

153 2005 358 2055 deorum
406 2006 742 2054 communium
787 2013 1122 2070 pepercerunt
1168 2012 1314 2070 atque
1362 2005 1443 2054 illo
1493 2005 1835 2070 confugientes

153 2081 360 2128 miseros
400 2079 653 2142 victosque
694 2077 934 2128 Troianos
984 2079 1134 2128 ferire
1181 2079 1257 2128 vel
1305 2080 1550 2144 captivare
1591 2094 1690 2127 non
1729 2079 1835 2127 ausi
1869 2086 1931 2125 25

153 2159 284 2218 sunt,
316 2151 401 2201 sed
427 2150 669 2215 Vergilius
702 2158 961 2216 poetarum
994 2168 1130 2202 more
1162 2152 1243 2202 illa
1275 2154 1511 2202 mentitus
1545 2160 1635 2201 est.
1683 2152 1835 2203 Immo

152 2241 268 2276 vero
308 2240 496 2275 morem
536 2225 752 2274 hostium
800 2227 1022 2276 civitates
1073 2228 1402 2276 evertentium
1439 2226 1520 2275 ille
1560 2225 1836 2290 descripsit.

848 2340 1043 2395 CAPUT
1076 2341 1140 2393 V.

266 2418 341 2466 De
375 2419 611 2477 qeneralz·
646 2421 1009 2468 consuetudine
1047 2421 1261 2468 hostium
1302 2420 1459 2468 victas
1498 2419 1726 2467 civitates
1874 2474 1883 2481 ,

531 2494 858 2540 evertentium
897 2494 1023 2553 quid
1065 2493 1186 2542 Cato
1224 2495 1451 2542 senserit.
1867 2499 1931 2538 30

303 2579 461 2636 Quem
516 2594 704 2628 morem
759 2582 906 2629 etiam
962 2580 1102 2646 Cato,
1158 2582 1288 2629 sicut
1341 2578 1513 2629 scribit
1561 2578 1835 2642 Sallustius,

275 2677 317 2730 7)
348 2676 462 2720 Aen.
496 2681 535 2730 ’2,
570 2681 651 2720 761
688 2691 785 2732 sqq.
847 2680 922 2733 31)
955 2677 1053 2721 Cat.
1087 2682 1156 2721 51.

273 2798 299 2837 9
316 2762 614 2846 1·educereA,·
632 2793 858 2838 ducereF
877 2796 892 2851 ΙΙ
919 2800 972 2838 14
989 2795 1205 2838 donanda
1225 2793 1424 2845 CAKF3
1443 2793 1676 2836 reddenda
1691 2806 1716 2836 v
1740 2794 1755 2848 ΙΙ
1782 2796 1837 2835 19

154 2851 391 2898 miserant.
429 2852 641 2896 hostibus
681 2855 724 2895 A
734 2869 750 2905 ,·
767 2854 824 2907 ef.
851 2857 928 2907 12,
954 2858 979 2897 5
1004 2855 1019 2909 ΙΙ
1044 2858 1096 2896 21
1124 2853 1446 2910 graeculorum
1469 2852 1514 2895 A
1543 2853 1600 2904 (l.
1634 2856 1661 2895 9
1694 2865 1730 2895 e.
1764 2855 1838 2903 5),-

157 2908 437 2954 Graecorum
468 2925 493 2955 v
524 2913 540 2966 Η
571 2917 626 2956 30
660 2910 774 2955 Cato
806 2913 904 2956 edd.
935 2917 1061 2965 <vam
1094 2911 1261 2955 Caesar
1291 2925 1317 2954 υ
1356 2913 1370 2966 ΙΙ
1402 2916 1455 2954 31
1490 2911 1594 2954 cato
1628 2909 1837 2962 OAKF5
