2020 3122
109 928 163 968 10

107 1294 162 1333 15

105 1662 163 1702 20

105 2027 161 2067 25

104 2409 161 2448 30

196 131 303 184 104
651 143 655 146 ’
873 143 908 177 s.
931 142 1206 178 Aucus'mm

195 272 298 306 sam
322 258 539 322 requiro,
578 262 628 305 et
651 256 1009 322 oppidanorum
1034 255 1233 320 quidem
1264 261 1448 319 quanto
1473 256 1668 304 invenio
1708 254 1873 304 melio-

194 345 323 396 rem,
373 337 509 379 tanto
557 329 855 379 deteriorem
909 330 1129 379 deorum.
1220 329 1297 378 Illi
1349 330 1481 378 enim
1528 335 1702 378 contra
1747 328 1901 378 Fim-·

194 403 352 453 briam
389 409 558 469 portas
590 403 882 470 clauserant,
920 410 976 454 ut
1001 403 1162 452 Sullae
1203 408 1456 452 servarent
1479 404 1723 467 integram
1762 404 1876 452 civi-

195 484 368 543 tatem3
407 478 523 526 hinc
563 493 648 526 eos
671 479 827 527 iratus
850 477 1070 527 incendit
1108 477 1184 525 vel
1207 478 1373 541 potius
1411 477 1612 541 penitus
1652 477 1874 526 extinxit.

194 546 366 600 Adhuc
414 557 579 601 autem
625 550 886 600 meliorum
934 553 1150 616 partium
1200 550 1417 599 civilium
1458 549 1591 599 Sulla
1630 549 1730 599 dux
1769 549 1876 616 fuit,

195 625 352 674 adhuc
392 627 540 674 armis
579 640 684 674 rem
723 623 969 690 publicam
1007 639 1304 689 recuperare
1345 623 1659 688 moliebatur,
1697 623 1879 672 horum

193 698 438 748 bonorum
477 700 732 748 initiorum
778 698 1000 747 nondum
1046 697 1199 747 malos
1239 703 1444 747 eventus
1484 697 1668 746 habuit.
1747 696 1877 754 Quid

194 787 312 836 ergo
373 772 549 821 melius
611 774 742 821 cives
801 772 933 821 illius
995 771 1134 821 urbis
1197 772 1358 820 facere
1405 777 1704 836 potuerunt,
1758 770 1878 834 quid

193 845 472 912 honestius,
519 845 635 910 quid
683 845 897 910 fidelius,
944 846 1062 909 quid
1109 845 1326 893 Romana
1381 844 1635 909 parentela
1681 844 1878 909 dignius

195 934 342 984 quam
394 919 585 968 meliori
640 934 814 968 causae
869 919 1204 967 Romanorum
1270 919 1518 967 civitatem
1573 932 1770 966 servare
1825 923 1875 966 et

195 1000 366 1042 contra
401 993 696 1057 parricidam
735 993 981 1042 Romanae
1021 993 1095 1040 rei
1133 990 1358 1055 publicae
1398 997 1568 1056 portas
1608 987 1879 1040 claudere?

193 1066 254 1115 At
292 1065 495 1115 hoc·eis
534 1068 585 1114 in
627 1073 865 1130 quantum
903 1066 1107 1126 exitium
1147 1067 1365 1132 verterit,
1404 1064 1671 1114 adtendant
1709 1064 1876 1113 defen-

194 1154 332 1188 sores
372 1139 592 1188 deorum.
669 1139 992 1188 Deseruerint
1015 1138 1082 1187 dii
1107 1138 1357 1188 adulteros
1380 1138 1623 1203 Iliumque
1662 1137 1871 1187 flammis

194 1212 496 1262 Graecorum
519 1213 828 1278 reliquerint,
868 1219 922 1262 ut
962 1228 1021 1261 ex
1062 1214 1169 1262 eius
1210 1211 1461 1262 cineribus
1500 1211 1655 1261 Roma
1695 1213 1877 1261 castior

194 1293 504 1335 nasceretur:
556 1302 646 1335 cur
693 1293 742 1336 et
787 1292 960 1351 postea
1007 1286 1338 1335 deseruerunt
1385 1286 1591 1336 eandem
1631 1287 1878 1335 civitatem

193 1359 424 1408 Romanis
449 1366 720 1425 cognatam,
759 1376 859 1409 non
882 1359 1204 1409 rebellantem
1236 1359 1470 1409 adversus
1495 1359 1700 1409 Romam
1738 1358 1876 1408 nobi-

192 1433 289 1482 lem
334 1433 504 1498 filiam,
559 1434 646 1483 sed
691 1433 982 1483 iustioribus
1032 1435 1138 1482 eius
1183 1433 1407 1498 partibus
1453 1433 1602 1482 fidem
1649 1439 1877 1482 constan-

193 1508 433 1556 tissimam
471 1509 839 1572 piissimamque
881 1514 1183 1572 servantem,
1223 1522 1427 1572 eamque
1469 1507 1726 1556 delendam
1763 1506 1876 1555 reli-

194 1587 410 1644 querunt
433 1596 534 1629 non
558 1580 858 1630 Graecorum
882 1582 1000 1629 viris
1039 1580 1266 1647 fortibus,
1306 1580 1393 1630 sed
1418 1582 1523 1630 viro
1557 1581 1877 1646 spurcissimo

193 1651 562 1703 Romanorum?
600 1654 697 1704 Aut
722 1656 763 1703 si
787 1653 1075 1719 displicebat
1099 1654 1193 1703 diis
1225 1670 1373 1704 causa
1403 1656 1619 1719 partium
1659 1653 1878 1703 Sullana-

193 1742 328 1792 rum,
374 1730 455 1776 cui
502 1735 753 1778 servantes
801 1728 977 1778 urbem
1022 1730 1192 1777 miseri
1236 1735 1405 1793 portas
1445 1728 1746 1777 clauserant:
1787 1743 1877 1776 cur

193 1801 353 1849 eidem
393 1801 556 1850 Sullae
596 1808 728 1851 tanta
775 1802 903 1851 hona
940 1801 1294 1866 promittebant
1341 1808 1390 1850 et
1427 1797 1877 1866 praenuntiabant?

192 1874 266 1922 An
306 1880 355 1923 et
392 1874 508 1924 hinc
555 1883 891 1940 agnoscuntur
937 1875 1214 1925 adulatores
1264 1873 1483 1924 felicium
1521 1877 1686 1940 potius
1728 1888 1875 1939 quam

193 1946 466 1997 infelicium
505 1947 827 1998 defensores?
864 1949 974 1998 Non
1007 1964 1123 2014 ergo
1162 1948 1306 1998 Ilium
1347 1950 1492 1998 etiam
1531 1955 1666 2015 tunc,
1706 1947 1766 1997 ab
1806 1949 1877 1997 eis

195 2035 308 2069 cum
347 2021 683 2089 desereretur,
732 2038 960 2072 eversum
1007 2029 1096 2072 est.
1174 2022 1297 2071 Nam
1345 2023 1609 2071 daemones
1649 2021 1708 2071 ad
1747 2021 1876 2070 deci-

191 2093 428 2158 piendum
467 2110 662 2160 semper
708 2096 1089 2161 vigilantissimi,
1137 2096 1269 2160 quod
1308 2102 1594 2162 potuerunt,
1635 2096 1876 2144 fecerunt.

191 2166 391 2216 Eversis
431 2170 611 2233 quippe
637 2175 687 2218 et
709 2170 925 2218 incensis
958 2168 1187 2218 omnibus
1227 2184 1342 2218 cum
1381 2169 1559 2234 oppido
1600 2168 1878 2217 simulacris

193 2240 352 2289 solum
390 2240 635 2290 Minervae
682 2241 774 2291 sub
821 2248 954 2291 tanta
1000 2244 1144 2290 ruina
1190 2242 1360 2307 templi
1406 2242 1561 2307 illius,
1610 2248 1663 2290 ut
1701 2241 1877 2290 scribit

192 2311 373 2380 LiviuS,
411 2316 660 2379 integrum
699 2317 894 2365 stetisse
933 2315 1238 2380 perhibetur,
1279 2330 1378 2364 non
1417 2321 1474 2364 ut
1512 2315 1786 2364 diceretur:

264 2443 267 2447 .
339 2402 407 2450 Di
443 2405 608 2464 patrii,
647 2420 858 2466 quorum
898 2419 1093 2464 semper
1132 2403 1223 2451 sub
1263 2403 1465 2451 numine
1506 2403 1654 2451 Troia
1693 2406 1784 2464 est,

191 2487 251 2536 ad
292 2502 466 2536 eorum
504 2488 713 2555 laudem,
752 2488 839 2537 sed
878 2503 940 2537 ne
980 2488 1259 2538 diceretur:

339 2577 609 2626 Excessere
650 2593 817 2625 omnes
857 2577 1022 2639 adytis
1062 2578 1262 2639 arisque
1299 2579 1486 2627 relictis

343 2650 430 2711 Di,

311 2747 384 2803 29)
417 2746 467 2791 L.
501 2751 570 2792 83.
634 2748 707 2803 30)
738 2748 855 2792 Aen.
888 2753 928 2803 9,
962 2752 1062 2791 247.

313 2867 366 2907 13
399 2863 701 2908 deseruerunt
729 2864 775 2907 A
798 2866 813 2920 ΙΙ
840 2868 895 2908 14
925 2864 1212 2920 reliquerunt
1241 2864 1287 2909 A
1309 2866 1324 2922 ΙΙ
1348 2870 1403 2909 23
1434 2864 1512 2910 hio
1543 2865 1589 2908 A
