2020 3122
196 162 267 214 70
867 174 902 208 S.
927 173 1202 208 Anausin-m

195 286 520 335 maledicendi
557 286 830 352 licentiam3
878 286 958 335 ille
1005 292 1176 351 poetas
1224 285 1283 334 ab
1324 285 1461 334 urbis
1500 287 1657 350 ipsius
1695 284 1878 334 habita-

195 362 351 426 tione,
400 362 483 408 isti
523 359 694 409 saltem
734 366 927 409 actores
965 361 1271 424 poeticarum
1311 358 1586 408 fabularum
1625 365 1881 408 removent

195 449 222 482 a
247 435 479 483 societate
506 435 736 500 civitatis3
778 440 827 483 et
851 435 893 482 si
917 440 1089 482 contra
1113 433 1231 482 deos
1271 432 1502 482 ludorum
1541 434 1880 481 scaenicorum

200 507 512 572 expeditores
565 507 748 572 aliquid
801 507 1067 573 auderent,
1116 507 1243 555 forte
1295 506 1514 570 undique
1555 511 1880 555 removerent.

139 591 164 630 5
197 580 517 645 Nequaquam
555 582 707 646 igitur
752 581 885 646 leges
933 581 992 629 ad
1038 580 1369 630 instituendos
1408 579 1565 628 bonos
1605 586 1690 629 aut
1728 581 1880 628 corri-

197 653 382 718 gendos
415 654 567 703 malos
600 670 763 704 mores
803 670 829 704 a
869 655 961 704 diis
994 656 1097 703 suis
1135 660 1339 719 possent
1379 655 1603 718 accipere
1644 669 1732 703 seu
1772 668 1879 718 spe-

195 743 305 776 rare
345 727 567 789 Romani,
609 743 732 792 quos
763 727 955 793 legibus
995 730 1099 777 suis
1138 729 1341 777 vincunt
1380 733 1527 792 atque
1567 729 1879 776 convincunt.

197 801 272 850 Illi
325 803 455 850 enim
505 802 683 850 honori
734 817 823 851 suo
864 802 1139 866 deposcunt
1188 801 1331 850 ludos
1371 802 1650 867 scaenicOS,
1700 802 1783 850 isti
1823 799 1882 849 ab

195 874 467 924 honoribus
507 875 735 925 omnibus
774 875 1021 940 repellunt
1058 875 1283 923 homines
1323 876 1597 940 scaenicos3
1647 873 1718 922 illi
1757 873 1881 923 cele-

110 961 162 1000 10
195 947 330 997 brari
369 948 462 998 sibi
493 948 665 998 iubent
707 949 951 1013 figmentis
989 950 1197 1012 poeticis
1237 947 1502 1012 opprobria
1541 947 1762 1012 deorum,
1800 949 1883 996 isti

196 1022 256 1070 ab
296 1021 576 1087 opprobriis
627 1022 882 1070 hominum
932 1021 1187 1070 deterrent
1232 1021 1571 1086 inpudentiam
1610 1027 1882 1086 poetarum.

197 1095 456 1145 Semideus
496 1102 661 1145 autem
703 1095 782 1144 ille
814 1095 951 1144 Plato
993 1102 1042 1144 et
1071 1095 1244 1144 talium
1275 1094 1485 1144 deorum
1516 1094 1707 1143 libidini
1738 1096 1881 1143 resti-

194 1171 278 1236 tit,
334 1176 383 1218 et
437 1169 495 1218 ab
550 1169 713 1218 indole
766 1169 1101 1218 Romanorum
1159 1169 1276 1233 quid
1338 1168 1694 1233 perficiendum
1750 1174 1882 1217 esset

194 1242 425 1310 ostendit,
466 1245 550 1308 qui
588 1238 758 1308 p‘oetas
797 1245 931 1308 ipsos
979 1243 1055 1291 vel
1093 1258 1183 1307 pro
1224 1242 1427 1291 arbitrio
1469 1244 1766 1291 mentientes
1804 1241 1881 1291 vel

110 1329 163 1368 15
196 1316 478 1366 hominibus
525 1319 721 1366 miseris
762 1319 901 1381 quasi
957 1316 1163 1365 deorum
1211 1316 1338 1366 facta
1384 1318 1597 1380 pessima
1648 1315 1880 1364 imitanda

195 1397 530 1455 proponentes
563 1392 762 1439 omnino
788 1392 838 1439 in
871 1392 1064 1439 civitate
1097 1389 1223 1438 bene
1255 1391 1481 1439 instituta
1513 1391 1676 1438 vivere
1709 1388 1880 1438 noluit.

196 1463 296 1513 Nos
337 1463 535 1528 quidem
574 1463 828 1513 Platonem
876 1479 967 1512 nec
1015 1464 1162 1512 deum
1209 1478 1300 1512 nec
1342 1462 1614 1512 semideum
1652 1462 1884 1527 perhibe—

196 1553 322 1603 muS,
362 1553 453 1586 nec
494 1537 581 1586 ulli
615 1544 783 1587 sancto
825 1536 996 1601 angelo
1038 1538 1217 1586 summi
1256 1536 1344 1585 Dei
1383 1552 1474 1586 nec
1515 1537 1731 1586 veridico
1771 1551 1883 1601 pro-

195 1611 372 1676 phetae
424 1627 515 1660 nec
568 1610 786 1675 apostolo
840 1611 985 1660 alicui
1046 1626 1138 1659 nec
1190 1610 1392 1659 cuilibet
1445 1610 1627 1659 Christi
1677 1612 1883 1675 martyri

108 1699 165 1738 20
198 1700 290 1733 nec
323 1686 551 1749 cuiquam
585 1684 863 1734 Christiano
897 1684 1083 1733 homini
1117 1699 1478 1750 comparamus3
1511 1685 1653 1733 cuius
1686 1689 1884 1732 nostrae

198 1760 472 1807 sententiae
530 1760 654 1807 ratio
706 1758 806 1807 Deo
868 1764 1192 1823 prosperante
1244 1774 1333 1807 suo
1385 1758 1493 1806 loco
1545 1757 1883 1822 explicabitur.

200 1831 297 1880 Sed
337 1848 451 1881 eum
489 1839 678 1899 tamen,
726 1832 919 1896 quaudo
961 1831 1159 1896 quidem
1204 1834 1299 1896 ipsi
1337 1831 1507 1880 volunt
1547 1831 1699 1880 fuisse
1741 1832 1883 1880 semi-

198 1906 372 1971 deum,
423 1906 803 1970 praeferendum
857 1921 963 1954 esse
1017 1920 1304 1972 censemUS,
1357 1907 1397 1954 si
1449 1920 1548 1953 non
1587 1904 1796 1954 Romulo
1838 1911 1887 1952 et

199 1978 401 2028 Herculi
442 1974 687 2046 (quamvis
712 1982 862 2029 istum
890 1995 980 2028 nec
1020 1980 1223 2028 fratrem
1263 1979 1518 2044 occidisse,
1557 1994 1649 2027 nec
1689 1978 1885 2042 aliquod

114 2067 171 2106 25
203 2059 518 2117 perpetrasse
558 2053 795 2117 flagitium
837 2055 1096 2118 quisquam
1135 2053 1489 2102 historicorum
1520 2052 1596 2100 vel
1627 2058 1887 2116 poetarum

205 2126 326 2175 dixit
365 2133 448 2175 aut
487 2122 675 2192 finxit),
725 2133 858 2176 certe
899 2126 973 2175 vel
1013 2125 1190 2190 Priapo
1232 2126 1307 2174 vel
1347 2126 1492 2175 alicui
1532 2125 1886 2190 Cynocephalo,

201 2206 452 2264 postremo
485 2200 562 2248 vel
593 2200 753 2266 Febri,
787 2215 909 2264 quae
943 2200 1150 2248 Romani
1183 2201 1383 2248 numina
1414 2201 1594 2264 partim
1625 2200 1886 2263 peregrina

201 2280 526 2339 receperunt,
573 2276 753 2338 partim
802 2289 890 2322 sua
935 2275 1134 2337 propria
1183 2279 1515 2322 sacraverunt.
1594 2272 1702 2329 Quo
1741 2271 1886 2320 modo

201 2348 352 2411 igitur
391 2353 524 2396 tanta
564 2349 711 2396 animi
753 2354 800 2396 et
839 2362 1034 2396 morum
1073 2346 1196 2395 mala
1235 2346 1377 2395 bonis
1415 2347 1692 2411 praeceptis
1732 2351 1781 2394 et
1819 2345 1886 2394 le-

117 2437 173 2475 30
207 2419 350 2484 gibus
405 2420 481 2469 vel
534 2422 823 2469 inminentia
880 2419 1227 2486 prohiberent,
1279 2420 1356 2468 vel
1406 2421 1551 2468 insita
1603 2419 1888 2483 extirpanda

207 2501 441 2543 curarent
465 2495 532 2543 dii
555 2495 693 2561 taleS,
734 2495 819 2558 qui
851 2496 996 2543 etiam
1037 2493 1321 2542 seminanda
1361 2499 1410 2541 et
1449 2492 1669 2556 augenda
1707 2492 1887 2556 flagitia

206 2574 519 2634 curaverunt,
559 2568 673 2617 talia
697 2567 772 2616 vel
797 2582 885 2616 sua
917 2567 992 2615 vel
1025 2568 1165 2631 quasi
1205 2582 1292 2615 sua
1331 2566 1456 2615 facta
1495 2581 1585 2630 per
1624 2565 1888 2614 theatricas

206 2641 518 2691 celebritates
568 2641 763 2706 populis
822 2643 1133 2689 innotescere
1190 2641 1446 2704 cupientes
1459 2680 1472 2705 ,
1532 2645 1587 2688 ut
1640 2645 1889 2703 tamquam

206 2717 496 2765 auctoritate
538 2715 698 2764 divina
739 2730 826 2763 sua
866 2721 1040 2779 sponte
1082 2715 1382 2777 nequissima
1414 2712 1563 2761 libido
1597 2712 1889 2761 accendere-

117 2805 171 2844 35
207 2796 289 2838 tur
328 2788 554 2855 humana,
594 2790 778 2838 frustra
811 2788 904 2837 hoc
938 2787 1237 2836 exclamante
1273 2786 1525 2851 Cicerone,
1558 2787 1643 2849 qui
1675 2800 1788 2835 cum
1829 2785 1887 2834 de

324 2903 397 2957 35)
431 2902 544 2957 Rep.
579 2906 620 2957 4,
653 2906 691 2945 9.
