2020 3122
517 173 582 204 DE
608 171 846 205 CIVITATE
871 173 959 205 Dm
983 174 1024 206 L.
1050 173 1095 205 x.
1121 173 1158 206 c.
1185 175 1239 206 ιι.
1264 174 1317 206 12.
1665 163 1772 213 4521

80 285 200 336 caeli
251 286 572 334 conversione
620 285 837 334 motibus
885 285 1104 334 siderum
1152 285 1389 335 fabricari
1437 289 1487 335 in
1535 294 1668 336 terra
1714 288 1772 337 ab

77 358 357 410 hominibus
395 365 666 425 potestates
705 359 907 408 idoneas
946 361 1094 407 variis
1136 359 1396 409 effectibus
1430 362 1774 427 exsequendiS,

79 441 237 484 totum
283 433 376 482 hoc
424 433 481 482 ad
531 432 729 482 eosdem
779 436 913 497 ipsos
963 432 1226 482 daemones
1282 437 1501 498 pertinet
1554 435 1772 485 ludifica-

82 514 217 558 tores
257 509 528 556 animarum
569 506 765 556 sibimet
805 505 1114 556 subditarum
1158 514 1207 555 et
1247 507 1520 573 voluptaria
1563 509 1655 559 sibi
1699 509 1770 559 lu-

79 580 236 630 dibria
269 580 327 630 de
362 581 616 630 hominum
650 580 906 629 erroribus
943 580 1250 629 exhibentes.
1306 581 1403 630 Aut
1436 597 1552 646 ergo
1579 599 1632 632 re
1659 599 1771 633 vera
1807 593 1832 632 5

78 654 308 705 dubitans
349 661 398 703 et
443 656 703 719 inquirens
751 657 845 704 ista
886 654 1193 720 Porphyrius
1244 670 1299 703 ea
1347 662 1512 704 tamen
1560 673 1771 706 comme-

77 735 258 791 morat,
306 728 485 793 quibus
527 731 884 778 convincantur
924 734 974 777 et
1021 729 1409 794 redarguantur,
1457 745 1548 778 nec
1592 730 1651 778 ad
1693 747 1773 780 eas

78 808 363 870 potestateS,
395 818 519 867 quae
552 802 695 852 nobis
730 803 788 851 ad
821 801 1013 851 beatam
1039 805 1187 852 vitam
1216 803 1566 868 capessendam
1596 804 1774 870 favent,

81 877 165 927 sed
205 876 264 925 ad
312 876 604 942 deceptores
653 877 916 926 daemones
964 879 1220 941 pertinere
1262 884 1627 943 monstrentur3
1674 884 1774 943 aut,

80 957 135 1001 ut
166 950 369 999 meliora
409 950 468 999 de
508 950 801 1017 philosopho
835 953 1177 1018 suspicemur,
1217 967 1275 1001 eo
1307 951 1453 1000 modo
1494 951 1647 1001 voluit
1686 952 1769 1000 ho-
1807 963 1861 1002 10

81 1027 262 1074 minem
316 1024 610 1090 Aegyptium
671 1024 849 1074 talibus
906 1025 1167 1074 erroribus
1224 1025 1445 1074 deditum
1501 1034 1550 1075 et
1612 1026 1773 1091 aliqua

82 1114 254 1164 magna
294 1114 347 1147 se
388 1101 515 1147 scire
564 1100 847 1163 opinantem
890 1114 988 1147 non
1039 1099 1251 1164 superba
1293 1101 1434 1164 quasi
1481 1101 1773 1149 auctoritate

83 1172 299 1222 doctoris
332 1172 582 1222 offendere
592 1213 606 1239 ,
646 1189 737 1223 nec
771 1179 939 1238 aperte
982 1173 1286 1222 adversantis
1318 1173 1637 1222 altercatione
1671 1180 1773 1223 tur-

83 1245 222 1313 bare,
263 1247 347 1296 sed
391 1248 530 1311 quasi
570 1248 852 1311 quaerentis
893 1252 942 1295 et
981 1248 1173 1296 discere
1213 1248 1460 1311 cupientis
1499 1247 1774 1296 humilitate

83 1320 142 1370 ad
182 1335 239 1369 ea
278 1321 536 1385 eogitanda
577 1327 866 1370 convertere
901 1328 950 1369 et
990 1336 1137 1385 quam
1170 1322 1269 1370 sint
1308 1321 1667 1370 contemnenda
1699 1320 1774 1369 vel
1808 1331 1861 1370 15

83 1396 230 1443 etiam
279 1394 535 1443 devitanda
582 1401 873 1444 monstrare.
951 1395 1174 1458 Denique
1222 1409 1376 1459 prope
1425 1394 1484 1442 ad
1534 1395 1772 1459 epistulae

84 1468 231 1517 finem
283 1469 408 1532 petit
455 1483 506 1517 se
555 1468 614 1517 ab
662 1484 719 1517 eo
768 1468 959 1536 doceri,
1014 1483 1140 1533 quae
1189 1470 1252 1517 sit
1300 1467 1358 1516 ad
1418 1467 1775 1518 beatitudinem

62 1543 158 1590 'via
198 1557 258 1590 ex
297 1541 531 1606 Aegyptia
573 1544 824 1607 sapientia.
905 1541 1139 1592 Ceterum
1178 1542 1309 1608 illos,
1351 1542 1531 1606 quibus
1571 1557 1773 1591 conver—

87 1617 208 1664 satio
242 1631 354 1664 cum
395 1616 488 1664 diis
521 1616 579 1664 ad
620 1616 713 1664 hoc
747 1623 902 1680 esset,
941 1623 998 1665 ut
1029 1616 1090 1665 ob
1124 1616 1475 1665 inveniendum
1514 1617 1775 1680 fugitivum

56 1688 160 1746 ‚vel
199 1689 455 1754 praedium
495 1690 901 1755 comparandum,
942 1699 1026 1739 aut
1064 1697 1269 1755 propter
1302 1692 1499 1754 nuptias
1531 1689 1607 1738 vel
1645 1704 1772 1738 mer·
1807 1699 1864 1740 20

87 1769 307 1812 caturam
331 1763 409 1811 vel
440 1764 556 1827 quid
588 1763 736 1813 huius
769 1763 902 1811 modi
935 1772 1150 1812 mentem
1184 1763 1396 1811 divinam
1427 1765 1777 1828 inquietarent,

87 1837 271 1885 frustra
305 1852 390 1885 eos
423 1838 579 1886 videri
611 1837 731 1886 dicit
770 1837 982 1886 coluisse
1016 1838 1328 1902 sapientiam3
1366 1837 1447 1884 illa
1487 1839 1633 1885 etiam
1671 1839 1778 1901 ipsa

88 1912 310 1976 numina,
351 1925 464 1958 cum
501 1910 682 1975 quibus
716 1918 1154 1976 conversarentur,
1195 1912 1287 1959 etsi
1319 1910 1378 1959 de
1414 1913 1592 1959 ceteris
1625 1910 1776 1977 rebus

90 1999 203 2032 vela
255 1983 622 2050 plaedicerent,
679 1991 841 2032 tamen
896 1987 1126 2049 quoniam
1182 1983 1241 2032 de
1297 1983 1600 2033 beatitudine
1657 1983 1778 2032 nihil

91 2065 289 2106 cautum
329 2072 420 2106 nec
462 2059 579 2106 satis
618 2057 852 2107 idoneum
892 2065 1173 2123 monerent,
1220 2073 1312 2106 nec
1353 2057 1471 2106 deos
1517 2058 1626 2106 illos
1667 2072 1776 2106 esse
1810 2067 1865 2107 25

91 2145 182 2180 nec
221 2130 460 2195 benignos
500 2131 785 2197 daemoneS,
826 2131 910 2180 sed
953 2139 1037 2181 aut
1075 2131 1235 2198 illum,
1276 2133 1361 2195 qui
1401 2131 1580 2181 dicitur
1622 2131 1777 2197 fallax,

94 2210 177 2253 aut
215 2204 485 2253 humanum
526 2220 670 2254 omne
712 2213 1064 2255 commentum.

757 2362 948 2416 CAPUT
987 2364 1107 2417 XII.

93 2455 170 2505 De
199 2459 475 2516 miraculae,
508 2471 638 2516 quae
663 2471 762 2518 per
791 2464 1084 2506 sanctorum
1118 2460 1413 2518 anqelorum
1445 2458 1780 2505 ministerium

620 2530 757 2578 Deus
797 2545 945 2579 verus
985 2537 1242 2593 operatur.
1810 2540 1870 2578 30

241 2631 422 2681 Verum
462 2634 575 2696 quia
624 2639 757 2681 tanta
807 2639 856 2682 et
900 2633 1014 2682 talia
1061 2639 1303 2698 geruntur
1349 2631 1426 2680 his
1467 2631 1677 2697 artibUS,
1724 2638 1779 2680 ut

96 2708 380 2754 univ·e1sum
421 2705 622 2754 modum
668 2705 909 2755 humanae
958 2706 1202 2755 facultatis
1242 2705 1499 2754 excedant.
1548 2705 1665 2768 quId
1705 2719 1781 2753 re·

96 2907 185 2949 333
213 2852 268 2890 20
299 2850 381 2891 aut
412 2847 580 2901 AKF;
610 2848 686 2891 vel
716 2861 741 2891 v
766 2850 780 2904 ΙΙ
805 2853 860 2892 26
893 2849 950 2903 cf.
986 2849 1057 2891 M.
1083 2848 1250 2903 Haupt
1280 2848 1332 2890 in
1363 2846 1518 2891 Herm.
1553 2846 1640 2890 IV
1659 2859 1771 2902 pay

215 2919 277 2962 sq.
