2020 3122
566 122 633 155 DE
660 123 897 156 CIVITATE
921 126 1007 157 DEI
1031 126 1071 158 L.
1097 126 1205 158 xm.
1230 126 1266 159 c.
1292 129 1344 160 16.
1686 118 1792 171 575

116 235 304 284 leretur
337 236 515 301 opinio,
555 236 606 282 in
639 250 810 284 eorum
842 236 1021 286 litteris
1054 240 1341 304 invenirem,
1379 241 1635 303 operosius
1675 242 1792 289 mihi

118 308 467 373 disputandum
523 314 674 368 essct,
730 324 827 372 quo
883 310 1271 359 demonstrarem
1318 327 1416 360 non
1464 328 1644 377 corpus
1685 329 1792 362 esse

118 383 335 447 animae,
390 381 476 430 sed
532 381 851 445 corruptibile
908 398 1086 447 corpus
1134 400 1411 434 onerosum.
1490 385 1626 435 Unde
1674 386 1792 435 illud

119 462 195 504 est
234 454 364 519 quod
405 455 464 504 de
505 456 766 518 scripturis
806 457 989 504 nostris
1028 458 1078 504 in
1119 460 1375 521 superiore
1414 458 1539 507 libro
1581 475 1789 508 comme·

118 530 436 578 moravimus:
490 530 681 591 Corpus
727 531 857 577 enim
898 532 1228 591 corruptibile
1268 534 1523 592 adqravat
1561 536 1792 582 animam.

116 601 350 651 Addendo
408 603 579 665 utique
636 603 966 664 corruptibile
1019 618 1118 650 non
1173 603 1516 668 qualicumque
1572 621 1794 672 corpore,

118 675 204 724 sed
256 675 397 739 quale
448 675 632 724 factum
683 683 758 724 est
810 691 868 724 ex
925 682 1128 740 peccato
1182 685 1514 741 consequente
1568 679 1794 744 vindicta,

118 751 327 798 animam
358 748 609 813 perhibuit
640 748 908 813 adgravari.
969 749 1108 806 Quod
1150 751 1340 799 etiamsi
1379 766 1477 798 non
1517 751 1794 817 addidisset,

117 822 238 871 nihil
285 822 415 870 aliud
461 821 748 886 intellegere
796 822 1104 872 deberemus.
1183 822 1279 872 Sed
1329 839 1440 872 cum
1488 826 1793 888 apertissime

117 896 254 945 Plato
303 895 422 944 deos
469 911 496 944 a
543 911 734 945 summo
782 895 882 944 Deo
933 897 1086 945 factos
1132 896 1314 945 habere
1362 897 1639 946 inmortalia
1691 912 1795 946 cor-

116 984 237 1034 pora
275 968 526 1034 praedicet
565 971 734 1033 eisque
775 971 936 1034 ipsum
977 970 1155 1036 Deum,
1196 986 1221 1018 a
1262 985 1358 1034 quo
1399 971 1511 1019 facti
1555 977 1684 1036 sunt,
1723 972 1794 1018 in-

118 1043 266 1092 ducat
302 1058 392 1107 pro
426 1058 600 1107 magno
633 1042 873 1092 beneficio
912 1043 1240 1110 pollicentem,
1281 1044 1411 1108 quod
1451 1046 1501 1092 in
1542 1050 1796 1092 aeternum

119 1132 232 1166 cum
272 1118 375 1165 suis
421 1116 715 1181 corporibus
762 1116 1122 1182 permanebunt
1160 1133 1252 1166 nec
1293 1116 1351 1165 ab
1392 1119 1463 1166 eis
1503 1117 1599 1165 ulla
1639 1123 1796 1165 morte

118 1190 393 1239 solventur:
434 1191 550 1254 quid
591 1197 666 1239 est
706 1191 837 1255 quod
875 1192 958 1239 isti
997 1191 1055 1239 ad
1096 1190 1431 1255 exagitandam
1472 1189 1797 1239 Christianam

118 1263 265 1313 fidem
311 1264 502 1327 fingunt
549 1279 601 1312 se
642 1265 834 1313 nescire
877 1264 1007 1327 quod
1047 1266 1232 1330 sciunt,
1280 1270 1364 1312 aut
1403 1266 1546 1312 etiam
1589 1263 1682 1312 sibi
1721 1279 1794 1311 re-

118 1343 393 1402 pugnantes
448 1337 708 1386 adversum
759 1353 811 1386 se
858 1339 992 1401 ipsos
1032 1337 1219 1386 malunt
1258 1336 1449 1403 dicere,
1501 1337 1617 1385 dum
1656 1335 1797 1385 nobis

118 1426 217 1461 non
269 1410 495 1459 desinant
547 1407 924 1459 contradicere?
999 1410 1184 1475 Nempe
1225 1410 1441 1459 Platonis
1492 1410 1611 1458 haec
1652 1409 1798 1458 verba

119 1491 261 1549 sunt,
316 1485 443 1533 sicut
492 1499 548 1532 ea
589 1483 761 1532 Cicero
808 1486 859 1532 in
898 1483 1128 1532 Latinum
1167 1486 1341 1550 vertit,
1391 1483 1571 1548 quibus
1610 1482 1799 1531 inducit

121 1572 367 1607 summum
401 1557 548 1606 deum
580 1557 698 1605 deos
742 1573 867 1621 quos
899 1557 1016 1606 fecit
1055 1557 1399 1621 adloquentem
1440 1572 1493 1605 ac
1533 1557 1798 1605 dicentem:

118 1630 261 1697 „Vos,
302 1632 386 1694 qui
425 1630 631 1679 deorum
671 1636 780 1679 satu
812 1632 909 1679 orti
949 1632 1083 1696 estiS,
1123 1630 1393 1679 adtendite:
1434 1645 1643 1693 quorum
1684 1644 1795 1693 ope-

118 1719 230 1753 rum
275 1719 364 1768 ego
403 1719 582 1768 parens
622 1705 926 1768 effectorque
967 1719 1090 1768 sum,
1131 1703 1248 1752 haec
1290 1709 1405 1751 sunt
1443 1701 1798 1751 indissolubilia

119 1792 196 1826 me
237 1778 410 1843 invitO,
458 1792 753 1841 quamquam
801 1792 943 1826 omne
992 1776 1288 1840 conligatum
1327 1775 1448 1824 solvi
1485 1782 1671 1841 potest3
1712 1774 1798 1823 sed

118 1850 498 1914 haudquaquam
528 1849 714 1899 bonum
754 1857 828 1899 est
867 1851 1056 1898 ratione
1096 1851 1314 1898 vinctum
1354 1848 1474 1897 velle
1516 1848 1797 1897 dissolvere.

122 1923 218 1972 Sed
270 1925 500 1987 quoniam
553 1925 672 1972 estis
722 1925 843 1989 orti,
894 1922 1180 1971 inmortales
1226 1938 1312 1971 vos
1364 1921 1562 1986 quidem
1602 1937 1710 1970 esse
1751 1928 1799 1969 et

119 1995 485 2045 indissolubiles
518 2011 615 2044 non
647 1998 876 2062 potestis3
909 2011 970 2045 ne
1003 1998 1224 2060 utiquam
1256 2002 1419 2045 tamen
1453 1995 1798 2059 dissolvemini,

124 2085 285 2134 neque
325 2085 410 2118 vos
442 2069 539 2118 ulla
572 2071 747 2118 mortis
787 2070 882 2118 sata
920 2071 1180 2135 periment,
1218 2084 1309 2118 nec
1350 2075 1496 2117 erunt
1534 2068 1799 2116 valentiora

124 2158 271 2208 quam
311 2143 570 2192 consilium
605 2158 782 2209 meum,
823 2143 953 2206 quod
993 2145 1148 2191 maius
1189 2149 1264 2191 est
1302 2141 1552 2190 vinculum
1591 2141 1649 2189 ad
1688 2155 1798 2205 per-

119 2218 410 2280 petuitatem
442 2224 670 2282 vestram,
710 2231 856 2280 quam
896 2215 974 2264 illa
1006 2215 1185 2280 quihus
1226 2217 1344 2264 estis
1385 2211 1539 2280 (tum,
1579 2229 1690 2263 cum
1730 2215 1798 2278 gi-

121 2289 450 2356 gnebamini,>
491 2285 770 2353 conligati.“.
841 2289 968 2338 Ecce
1003 2289 1121 2338 deos
1152 2289 1290 2337 Plato
1330 2288 1449 2337 dicit
1490 2294 1538 2336 et
1577 2288 1797 2351 corporis

1830 908 1882 947 10

1831 1273 1886 1314 15

1830 1639 1887 1677 20

1830 2003 1886 2042 25

122 2364 408 2426 animaeque
450 2363 773 2427 conligatione
813 2362 1068 2428 mortaleS,
1108 2370 1157 2411 et
1196 2370 1358 2411 tamen
1398 2360 1679 2409 inmortales
1719 2359 1797 2406 dei
1829 2368 1888 2406 30

122 2451 148 2484 a
188 2451 285 2500 quo
334 2436 450 2484 sacti
498 2443 614 2485 sunt
660 2436 908 2485 voluntate
957 2443 1102 2500 atque
1153 2435 1370 2484 consili0.
1450 2433 1501 2481 Si
1541 2448 1656 2496 ergo
1697 2433 1794 2479 ani-

239 2551 284 2603 4)
317 2548 364 2592 C.
402 2553 467 2592 15.
532 2550 575 2602 5)
609 2548 714 2604 Sap.
750 2553 790 2603 9,
827 2553 892 2591 15.
958 2551 1029 2603 17)
1063 2547 1179 2590 Tim.
1212 2562 1257 2602 p.
1292 2551 1342 2588 41
1364 2545 1416 2588 A.
1482 2547 1554 2599 18)
1588 2543 1635 2586 C.
1671 2549 1737 2585 11.

239 2670 267 2708 4
307 2665 534 2721 superiori
572 2678 598 2708 v
640 2668 740 2718 (52,
772 2670 859 2718 21;
892 2669 973 2721 54,
1013 2669 1092 2721 14)
1135 2667 1151 2720 ΙΙ
1197 2669 1251 2707 23
1292 2663 1465 2707 bonum
1521 2661 1796 2704 VAFParr.

117 2724 276 2779 pleriq.
289 2740 305 2776 ,·
349 2723 460 2767 boni
492 2725 543 2767 bv
590 2725 605 2780 ΙΙ
651 2729 706 2766 25
754 2738 810 2767 ne
850 2723 1061 2779 utiquam
1110 2723 1264 2774 VA¹e,·
1301 2734 1386 2765 nec
1425 2733 1644 2774 umquam
1685 2718 1800 2772 A²f‚·

119 2795 373 2837 numquam
413 2782 487 2835 F,·
525 2796 818 2837 nequaquam
852 2797 877 2826 v
923 2785 938 2839 fl
984 2787 1039 2826 28
1079 2783 1180 2824 tum
1221 2794 1324 2824 cum
1363 2777 1677 2835 gignebamini
1712 2791 1795 2820 om.

131 2839 269 2883 VAF
294 2841 341 2895 (l.
372 2844 439 2886 22
472 2854 506 2885 c.
539 2844 624 2895 26)
