2020 3122
239 125 346 178 582
909 137 945 171 s.
970 136 1245 173 Aneus'rnn

239 249 530 315 corporibus
585 250 920 315 consortium,
981 249 1257 314 pollicetur.
1335 250 1531 316 Optime
1587 256 1750 300 autem
1805 265 1917 300 cum
2004 243 2006 245 ¹

237 323 518 372 hominibus
552 324 627 388 agi
659 321 927 372 arbitratur
965 323 1096 372 idem
1134 322 1287 390 Plato,
1326 326 1368 373 si
1406 330 1568 374 tamen
1607 323 1733 373 hanc
1773 325 1919 374 vitam

238 398 316 461 pie
358 398 585 461 iusteque
625 398 932 462 peregerint,
983 404 1035 446 ut
1076 413 1102 446 a
1143 399 1245 447 suis
1286 397 1577 463 corporibus
1618 399 1830 463 separati
1867 399 1918 447 in

237 472 459 535 ipsorum
492 469 713 536 deorum,
753 472 839 535 qui
871 486 958 520 sua
999 486 1206 536 corpora
1246 486 1514 536 numquam
1553 471 1804 536 deserunt,
1842 486 1918 520 re-

177 553 203 592 5
238 545 482 608 cipiantur
522 545 700 611 sinum,

385 648 583 697 Scilicet
620 649 918 697 inmemores
959 664 1142 711 supera
1180 652 1238 697 ut
1276 664 1491 698 convexa
1529 648 1750 697 revisant

384 722 574 770 Rursus
617 725 667 770 et
706 723 946 785 incipiant
986 723 1037 770 in
1076 737 1283 784 corpora
1321 724 1452 771 velle
1490 721 1697 784 reverti3

236 824 367 888 quod
398 823 643 889 Vergilius
683 840 742 873 ex
781 823 1033 874 Platonico
1075 824 1300 889 dogmate
1341 824 1521 874 dixisse
1561 823 1787 873 laudatur
1827 819 1917 890 (ita

236 899 416 963 quippe
465 899 650 946 animas
698 898 979 947 mortalium
1028 914 1118 947 nec
1157 900 1208 947 in
1249 900 1351 947 suis
1391 897 1684 963 corporibus
1723 912 1919 962 semper

148 980 204 1021 10
235 986 343 1019 esse
382 986 528 1036 posse
569 973 839 1038 existimat,
887 971 973 1020 sed
1012 973 1186 1021 mortis
1225 973 1519 1021 necessitate
1559 970 1778 1036 dissolvi,
1825 986 1917 1020 nec

235 1046 340 1093 sine
389 1045 681 1110 corporibus
729 1045 907 1094 durare
954 1052 1221 1112 perpetu0‚
1273 1046 1359 1094 sed
1406 1043 1763 1094 alternantibus
1803 1046 1916 1093 vici-

233 1117 326 1166 bus
382 1118 720 1168 indesinenter
774 1120 908 1168 vivos
965 1136 1023 1168 ex
1079 1121 1288 1169 mortuis
1337 1126 1386 1168 et
1433 1135 1494 1168 ex
1530 1120 1652 1167 vivis
1693 1124 1915 1167 mortuos

233 1192 342 1240 fieri
371 1187 559 1259 putat);
600 1200 655 1242 ut
687 1208 713 1241 a
746 1194 925 1242 ceteris
965 1192 1248 1243 hominibus
1287 1193 1383 1242 hoc
1422 1193 1679 1242 videantur
1718 1191 1917 1240 differre

234 1267 501 1330 sapienteS‚
550 1266 681 1331 quod
728 1273 842 1332 post
890 1274 1099 1317 mortem
1146 1267 1371 1316 ferantur
1409 1266 1468 1316 ad
1509 1266 1691 1332 sidera,
1738 1272 1793 1315 ut
1832 1265 1914 1314 ali-

146 1348 199 1389 15
234 1346 416 1403 quanto
463 1339 649 1390 diutius
695 1342 746 1389 in
793 1347 926 1390 astro
975 1340 1070 1390 sibi
1117 1356 1336 1406 congruo
1386 1342 1596 1405 quisque
1636 1340 1915 1404 requiescat

231 1418 378 1476 atque
418 1413 531 1462 inde
579 1429 755 1463 rursus
795 1416 1020 1463 miseriae
1060 1416 1297 1480 pristinae
1338 1414 1518 1464 oblitus
1558 1420 1607 1462 et
1647 1412 1915 1478 cupiditate

230 1485 443 1535 habendi
498 1489 721 1554 corporis
775 1490 935 1538 victus
982 1488 1151 1537 redeat
1202 1488 1261 1537 ad
1307 1487 1500 1537 labores
1557 1501 1917 1551 aerumnasque

231 1559 535 1626 mortalium3
575 1561 646 1610 illi
684 1577 823 1626 vem,
864 1563 948 1627 qui
988 1561 1188 1611 stultam
1227 1561 1461 1610 duxerint
1498 1562 1668 1626 vitam,
1709 1559 1768 1608 ad
1808 1575 1914 1609 cor-

230 1647 351 1697 pora
390 1635 493 1683 suis
533 1636 724 1684 meritis
763 1634 928 1684 debita
967 1637 1068 1684 sive
1108 1634 1364 1684 hominum
1403 1636 1504 1684 sive
1544 1633 1816 1683 bestiarum
1855 1633 1914 1682 de

143 1716 200 1757 2ο
230 1708 453 1771 proximo
486 1707 813 1758 revolvantur.
890 1708 945 1757 In
984 1708 1076 1758 hac
1115 1710 1281 1774 itaque
1321 1709 1585 1758 durissima
1625 1707 1914 1756 condicione

233 1782 490 1830 constituit
520 1783 666 1831 etiam
697 1781 850 1831 bonas
883 1788 1029 1847 atque
1069 1784 1315 1847 sapientes
1355 1783 1555 1847 animaS,
1595 1780 1774 1845 quibus
1814 1796 1913 1830 non

230 1853 344 1902 talia
391 1869 599 1919 corpora
646 1855 906 1905 distributa
955 1862 1093 1922 sunt,
1139 1871 1252 1905 cum
1300 1855 1481 1920 quibus
1532 1869 1728 1920 semper
1767 1861 1913 1919 atque

230 1927 559 1977 inmortaliter
604 1930 847 1995 viverent,
901 1935 957 1979 ut
1003 1945 1165 1994 neque
1203 1931 1255 1979 in
1295 1928 1587 1994 corporibus
1624 1942 1915 1993 permanere

233 2015 397 2065 neque
452 2004 557 2051 sine
612 2002 689 2052 his
735 2005 929 2067 possint
975 2005 1025 2052 in
1074 2009 1274 2052 aeterna
1318 2004 1535 2068 puritate
1576 2001 1770 2051 durare.
1847 2001 1914 2050 De

146 2082 203 2123 25
235 2088 332 2138 quo
364 2074 616 2125 Platonico
657 2076 882 2141 dogmate
921 2078 1018 2126 iam
1056 2078 1108 2126 in
1146 2076 1286 2126 libris
1326 2075 1666 2142 superioribus
1706 2075 1916 2124 diximus

233 2146 511 2197 Christiano
560 2152 772 2215 tempori
825 2149 1084 2199 erubuisse
1131 2149 1461 2215 Porphyrium
1512 2156 1562 2198 et
1607 2163 1706 2197 non
1757 2148 1915 2198 solum

233 2219 293 2269 ab
341 2223 514 2271 animis
562 2223 787 2272 humanis
835 2225 1102 2273 removisse
1151 2238 1359 2288 corpora
1405 2222 1697 2288 bestiarum,
1745 2237 1917 2271 verum

233 2295 379 2343 etiam
414 2297 707 2360 sapientium
741 2298 925 2346 animas
956 2299 1023 2346 ita
1062 2297 1275 2346 voluisse
1315 2297 1375 2346 de
1417 2297 1669 2361 corporeis
1708 2294 1916 2344 nexibus

231 2366 459 2434 liberari,
513 2376 569 2419 ut
614 2385 796 2434 corpus
843 2386 988 2419 omne
1035 2371 1282 2435 fugientes
1327 2368 1499 2420 beatae
1546 2368 1674 2434 apud
1720 2368 1917 2418 Patrem

145 2451 201 2491 30
235 2443 340 2490 sine
379 2443 476 2491 fine
525 2449 802 2492 teneantur.
879 2443 1048 2508 Itaque
1095 2459 1158 2493 ne
1198 2460 1226 2493 a
1265 2442 1460 2493 Christo
1498 2443 1628 2493 vinci
1665 2441 1917 2492 videretur

349 2555 394 2610 5)
425 2554 597 2601 Phaed.
622 2570 668 2612 p.
694 2559 793 2610 108,
826 2555 895 2610 C.;
928 2556 1125 2600 Phaedr.
1157 2571 1202 2613 p.
1235 2560 1338 2611 248,
1370 2555 1416 2600 C.
1481 2557 1525 2612 7)
1556 2555 1695 2612 Verg.
1727 2554 1841 2599 Aen.
1875 2560 1915 2610 6,

233 2616 319 2656 750
352 2627 418 2669 sq.
481 2616 554 2670 20)
587 2614 783 2658 Phaedr.
817 2630 861 2671 p.
895 2619 998 2671 247,
1029 2614 1066 2658 Ε
1099 2629 1197 2671 sqq.
1261 2617 1336 2671 25)
1369 2615 1418 2660 L.
1455 2619 1522 2659 10.
1557 2628 1591 2659 c.
1626 2618 1697 2658 30.

354 2750 408 2788 14
438 2745 651 2790 feruntur
690 2746 829 2790 VAF
854 2748 933 2801 (cf.
957 2751 1021 2791 20
1052 2747 1366 2803 revolvantur)
1390 2748 1406 2804 ΙΙ
1433 2751 1486 2791 15
1517 2746 1622 2803 quis
1652 2746 1698 2790 A
1719 2747 1736 2802 ΙΙ
1759 2751 1814 2790 22
1848 2747 1915 2790 at-

230 2817 447 2918 {ggeofdtb
477 2805 521 2847 V
553 2806 570 2860 ΙΙ
600 2810 657 2850 26
687 2805 889 2862 tempori
930 2805 973 2849 V
998 2808 1128 2859 (385,
1159 2809 1225 2851 25
1233 2822 1249 2859 ;
1280 2809 1389 2859 442,
1427 2810 1516 2858 12,·
1547 2810 1626 2858 92,
1658 2809 1767 2860 32),·
1795 2807 1914 2850 tem-
