2020 3122
527 160 595 192 DE
620 158 860 192 CIVITATE
883 159 973 191 Dm
997 160 1038 191 L.
1063 159 1109 191 x.
1134 158 1170 191 0.
1197 159 1250 192 30.
1274 160 1327 191 31.
1660 146 1769 198 453

93 281 193 324 tate
225 267 492 338 gaudebit?
552 269 683 319 Vidit
713 269 808 318 hoc
839 269 1144 334 Porphyrius
1175 276 1531 335 purgatamque
1564 271 1775 318 animam

94 346 157 398 ob
188 345 281 395 hoc
312 345 497 393 reverti
528 343 650 392 dixit
682 343 741 391 ad
772 342 985 408 Patrem,
1018 358 1080 391 ne
1114 343 1372 407 aliquando
1406 345 1502 392 iam
1533 343 1776 392 malorum

91 419 278 485 polluta
315 418 620 482 'contagione
678 422 919 465 teneatur.
1010 415 1152 464 Falso
1207 418 1360 481 igitur
1408 433 1434 465 a
1481 416 1778 481 quibusdam

93 500 168 542 est
219 491 486 540 Platonicis
541 489 759 539 creditus
814 490 954 552 quasi
1008 491 1319 539 necessarius
1375 489 1508 538 orbis
1578 490 1658 538 ille
1714 488 1774 538 ab

91 565 277 615 eisdem
323 563 535 613 abeundi
582 569 631 611 et
677 563 737 611 ad
784 562 955 611 eadem
1000 563 1296 611 revertendi.
1383 563 1524 620 Quod
1581 563 1772 612 etiamsi
1807 572 1832 611 5

89 654 262 688 verum
293 644 446 703 esset,
486 636 605 701 quid
643 635 738 684 hoc
771 637 899 684 scire
938 635 1221 701 prodesset,
1262 637 1356 684 nisi
1396 636 1522 684 forte
1555 637 1667 685 inde
1718 651 1771 685 se

93 711 235 761 nobis
268 711 509 760 auderent
540 709 794 774 praeferre
826 708 1081 775 Platonici,
1123 710 1236 773 quia
1266 709 1315 757 id
1348 723 1438 757 nos
1472 710 1523 757 in
1555 709 1646 758 hac
1678 711 1775 758 vita

88 787 185 835 iam
218 786 540 849 nesciremus,
580 782 711 847 quod
742 784 838 847 ipsi
869 784 920 831 in
953 781 1042 831 alia
1074 782 1276 831 meliore
1311 783 1408 831 vita
1439 783 1776 847 purgatissimi

90 866 140 908 et
171 858 520 923 sapientissimi
558 857 755 905 fuerant
785 857 1023 905 nescituri
1062 862 1111 904 et
1148 856 1325 905 falsum
1357 855 1605 905 credendo
1644 855 1776 904 beati

89 928 280 981 futuri?
334 929 476 988 Quod
511 931 552 979 si
582 929 992 979 absurdissimum
1025 936 1074 978 et
1108 929 1454 978 stultissimum
1487 935 1562 978 est
1594 929 1775 990 dicere,
1812 940 1866 979 10

87 1005 347 1069 Porphyrii
385 1004 610 1068 profecto
650 1010 725 1052 est
763 1002 1087 1067 praeferenda
1127 1005 1371 1052 sententia
1409 999 1509 1064 his,
1550 1004 1634 1067 qui
1674 1005 1774 1051 ani-

88 1093 280 1127 marum
335 1077 548 1126 circulos
601 1076 874 1125 alternante
935 1091 1128 1141 semper
1182 1076 1413 1126 beatitate
1473 1083 1522 1125 et
1579 1077 1777 1125 miseria

89 1153 326 1216 suspicati
365 1157 494 1200 sunt.
559 1149 702 1208 Quod
741 1151 782 1198 si
820 1151 887 1198 ita
922 1156 1011 1216 est,
1051 1165 1166 1198 0000
1198 1149 1481 1198 Platonicus
1514 1152 1564 1198 in
1598 1149 1776 1199 melius

89 1239 115 1274 a
152 1224 356 1274 Platone
403 1224 651 1288 dissentit3
699 1238 814 1271 ecce
855 1223 998 1289 vidit,
1046 1224 1177 1287 quod
1223 1223 1304 1271 ille
1353 1238 1451 1271 11011
1491 1223 1635 1289 vidit,
1682 1238 1775 1272 1100

86 1305 200 1363 post
237 1297 385 1347 talem
417 1313 472 1346 ac
512 1303 704 1346 tantum
735 1298 1026 1360 magistrum
1058 1297 1241 1361 refugit
1272 1298 1650 1364 correctionem,
1688 1296 1775 1346 sed
1811 1306 1865 1346 15

87 1371 276 1421 homini
313 1372 600 1436 praeposuit
639 1371 908 1418 veritatem.

718 1526 915 1580 CAPUT
955 1526 1151 1580 XXXI.

95 1637 283 1686 Contra
316 1640 668 1695 armamentum
693 1635 1088 1700 Platonicorum,
1120 1648 1218 1694 quo
1251 1637 1471 1683 animam
1504 1636 1777 1684 humanam

474 1709 580 1757 Deo
620 1714 859 1758 asserunt
896 1722 1003 1756 esse
1043 1714 1380 1757 coaeternam.

236 1810 335 1860 Cur
367 1826 485 1875 ergo
517 1826 615 1859 11011
647 1812 812 1874 potius
845 1810 1085 1858 divinitati
1118 1809 1366 1858 credimus
1399 1809 1459 1858 de
1492 1810 1568 1859 his
1600 1810 1766 1877 rebuS,
1803 1819 1859 1859 20

88 1900 208 1950 quas
261 1884 474 1933 humano
522 1885 719 1947 ingenio
768 1884 1102 1948 pervestigare
1152 1897 1250 1931 non
1303 1898 1592 1950 possumuS,
1648 1899 1773 1948 quae

91 1960 302 2007 animam
341 1972 538 2021 quoque
578 1959 735 2021 ipsam
775 1971 874 2004 non
914 1955 1015 2004 Deo
1056 1962 1390 2022 coaeternam,
1432 1956 1517 2005 sed
1558 1963 1774 2006 creatam

87 2031 206 2080 dicit
245 2045 382 2096 esse,
421 2045 546 2094 quae
579 2045 678 2078 non
711 2026 856 2078 erat‘?
918 2028 981 2078 Ut
1020 2031 1151 2078 enim
1190 2029 1283 2078 hoc
1315 2029 1555 2078 Platonici
1587 2030 1774 2079 nollent

87 2105 312 2171 credere,
352 2103 477 2153 hanc
516 2105 688 2167 utique
729 2117 941 2173 causam*
964 2102 1194 2151 idoneam
1234 2101 1327 2151 sihi
1365 2102 1658 2152 videbantur
1690 2103 1770 2152 ad-

87 2178 240 2240 ferre,
279 2179 415 2243 quia,
455 2178 550 2226 nisi
590 2176 722 2241 quod
763 2191 959 2241 semper
990 2182 1133 2224 antea
1172 2176 1370 2241 fuisset,
1411 2178 1768 2241 sempiternum
1805 2186 1859 2225 25

86 2251 319 2316 deinceps
359 2266 468 2299 esse
508 2265 607 2298 non
646 2256 836 2316 posset3
878 2264 1171 2313 quamquam
1214 2255 1263 2298 et
1302 2250 1361 2298 de
1403 2250 1587 2300 mundo
1621 2257 1671 2299 et
1710 2251 1769 2299 de

84 2326 175 2391 his,
215 2339 339 2388 quos
378 2326 428 2372 in
461 2323 646 2372 mundo
687 2323 805 2372 deos
838 2338 863 2371 a
895 2322 996 2372 Deo
1037 2323 1192 2372 factos
1233 2322 1407 2372 scribit
1437 2323 1591 2390 Plato,
1631 2339 1768 2388 aper-

85 2399 272 2446 tissime
319 2397 450 2446 dicat
496 2412 580 2445 eos
621 2411 729 2445 esse
771 2398 993 2461 coepisse
1034 2403 1083 2445 et
1128 2395 1311 2445 habere
1352 2398 1573 2462 initium,
1621 2397 1768 2445 finem

85 2477 245 2519 tamen
292 2485 391 2519 non
437 2470 715 2535 habiturOS,
770 2470 856 2518 sed
909 2485 1001 2534 per
1048 2469 1318 2518 conditoris
1377 2471 1768 2534 potentissimam

84 2544 386 2593 voluntatem
424 2545 475 2592 in
515 2550 772 2592 aeternum
811 2558 1070 2592 mansuros
1104 2558 1211 2591 esse
1252 2541 1522 2607 perhibeat.
1584 2542 1767 2591 Verum
1800 2553 1857 2592 30

83 2616 131 2665 id
165 2632 261 2681 quo
293 2617 438 2666 modo
470 2616 756 2680 intellegant
786 2618 1098 2682 invenerunt,
1137 2631 1235 2664 non
1269 2631 1377 2665 esse
1411 2615 1503 2664 hoc
1537 2603 1764 2665 videlidet

202 2745 280 2800 27)
315 2743 432 2788 Tim.
464 2758 508 2799 p.
542 2748 596 2786 41
630 2743 682 2790 B.

203 2879 259 2919 30
290 2888 612 2932 permansuros
644 2888 670 2918 v
