2020 3122
282 133 388 185 526
959 141 993 175 s,
1017 142 1290 176 AUGUSTINI

282 256 341 305 ad
381 255 580 304 modum
631 261 801 303 exorta
849 257 937 321 sit,
993 256 1120 304 sicut
1160 255 1219 304 de
1260 255 1444 320 angelis
1484 255 1671 305 dictum
1710 262 1811 320 est,
1865 256 1960 304 iam

281 330 420 379 video
462 344 569 378 esse
602 328 878 378 dicendum.
954 329 1028 378 Ex
1065 337 1165 377 uno
1206 331 1387 394 quippe
1426 328 1639 389 homine,
1679 344 1826 393 quem
1863 330 1963 393 pri·

280 418 415 452 mum
463 402 595 451 Deus
642 402 879 468 condidit,
923 403 1193 452 humanum
1239 418 1395 467 genus
1443 404 1654 467 sumpsit
1707 402 1964 451 exordium

284 476 554 525 secundum
588 475 793 526 sanctae*
817 478 1091 542 scripturae
1125 476 1286 542 fidem,
1327 491 1450 540 quae
1482 475 1756 525 mirabilem
1796 482 1961 525 aucto—

224 559 250 599 5
282 551 478 598 ritatem
533 565 630 599 non
684 551 914 599 inmerito
968 550 1116 599 habet
1169 552 1220 598 in
1267 549 1386 598 orbe
1433 556 1679 599 terrarum
1726 555 1872 613 atque
1911 551 1963 598 in

283 623 510 672 omnibus
557 623 813 691 gentibus,
860 639 980 688 quas
1029 624 1122 672 sibi
1162 639 1270 672 esse
1312 623 1587 672 credituras
1626 625 1756 672 inter
1797 629 1962 672 cetera

281 712 408 764 vera,
449 713 572 761 quae
612 697 747 764 dixit,
786 713 900 746 vera
940 698 1191 746 divinitate
1231 697 1487 761 praedixit.

970 840 1165 894 CAPUT
1195 840 1260 894 X.

282 949 358 997 De
411 951 643 1011 opinione
690 963 888 1008 eorum,
945 951 1034 1010 qui
1083 951 1357 998 humanum
1407 963 1570 1009 qenus
1618 951 1752 997 sicut
1801 950 1962 1010 ipsum

197 1032 250 1071 10
420 1077 432 1084 ,
621 1024 861 1070 mundum
898 1037 1094 1085 semper
1128 1021 1289 1083 fuisse
1329 1025 1631 1071 existimant.

430 1124 723 1175 Omittamus
770 1126 922 1190 igitur
972 1127 1282 1175 coniecturas
1330 1124 1585 1193 hominum
1636 1126 1964 1174 nescientium

283 1199 399 1263 quid
437 1199 703 1263 loquantur
735 1199 794 1248 de
834 1205 1010 1248 natura
1049 1199 1124 1248 vel
1163 1192 1473 1248 institutione
1513 1200 1709 1263 generis
1748 1198 1963 1247 humani.

280 1272 373 1321 Alii
420 1288 656 1340 namque,
709 1274 838 1322 sicut
884 1273 943 1322 de
991 1275 1099 1338 ipso
1146 1273 1329 1322 mundo
1379 1272 1719 1338 crediderunt,
1771 1287 1967 1336 semper

282 1347 435 1395 fuisse
467 1347 693 1395 homines
724 1348 1002 1411 opinantur.
1081 1347 1218 1396 Unde
1253 1349 1319 1396 ait
1359 1353 1407 1399 et
1431 1346 1680 1412 ApuleiuS,
1721 1361 1833 1395 cum
1873 1345 1965 1395 hoc

195 1429 250 1469 15
282 1422 600 1469 animantium
640 1435 797 1484 genus
831 1419 1160 1470 describeret:
1197 1420 1523 1487 „Singillatim
1562 1419 1809 1485 mortaleS,
1849 1434 1966 1468 cun-

283 1496 350 1543 cti
380 1500 544 1542 tamen
569 1496 800 1543 universo
826 1509 1007 1558 genere
1040 1489 1315 1558 perpetui.“
1389 1494 1452 1543 Et
1491 1509 1603 1543 cum
1644 1493 1739 1542 illis
1780 1493 1965 1542 dictum

283 1567 455 1634 suerit,
512 1569 553 1616 si
609 1582 804 1632 semper
858 1568 950 1618 fuit
1004 1567 1274 1617 humanum
1324 1583 1506 1635 gemm,
1561 1582 1774 1632 quonam
1821 1566 1966 1616 modo

282 1656 452 1690 verum
494 1657 665 1690 eorum
712 1641 942 1705 loquatur
989 1641 1194 1690 historia
1248 1657 1453 1690 narrans
1502 1643 1586 1705 qui
1626 1642 1812 1690 fuerint
1850 1656 1966 1705 qua·

285 1729 495 1778 rumque
543 1730 714 1764 rerum
758 1717 1066 1782 inventoreS,
1114 1718 1198 1779 qui
1244 1717 1391 1780 primi
1436 1714 1713 1764 liberalium
1752 1714 1964 1779 discipli-

199 1797 255 1837 20
287 1803 461 1836 narum
509 1788 811 1853 aliarumque
860 1791 1039 1838 artium
1078 1791 1391 1838 institutores
1402 1830 1416 1856 ,
1466 1789 1543 1837 vel
1582 1804 1608 1837 a
1648 1787 1829 1853 quibus
1866 1790 1966 1853 pri-

284 1877 418 1910 mum
468 1861 549 1910 illa
595 1862 669 1911 vel
719 1863 799 1911 illa
837 1865 974 1927 regio
1013 1878 1227 1928 parsque
1267 1870 1535 1929 terrarum,
1581 1862 1661 1911 illa
1702 1869 1847 1926 atque
1886 1861 1968 1910 illa

284 1935 443 1984 insula
480 1935 627 1985 incoli
668 1938 913 2003 coeperit,
965 1938 1267 2001 respondent
1305 1937 1500 1986 diluviis
1540 1943 1590 1985 et
1629 1935 1964 2000 conflagratio-

284 2008 429 2057 nibus
475 2025 565 2073 per
614 2017 748 2058 certa
794 2010 1047 2059 intervalla
1093 2018 1374 2076 temporum
1412 2026 1511 2059 non
1552 2010 1750 2074 quidem
1789 2011 1966 2076 omnia,

284 2082 369 2130 sed
416 2082 627 2147 plurima
674 2090 923 2133 terrarum
967 2086 1035 2133 ita
1073 2087 1274 2150 vastari,
1321 2090 1377 2134 ut
1416 2084 1703 2148 redigantur
1742 2083 1965 2132 homines

194 2163 249 2203 25
282 2155 340 2203 ad
381 2157 605 2220 exiguam
644 2160 963 2224 paucitatem,
1004 2174 1062 2207 ex
1103 2173 1316 2222 quorum
1352 2160 1588 2223 progenie
1627 2172 1804 2206 rursus
1843 2157 1964 2206 mul-

282 2228 440 2277 titudo
480 2231 687 2294 pristina
719 2239 1001 2298 reparetur,
1042 2247 1096 2281 ac
1137 2234 1207 2281 sic
1246 2231 1516 2281 identidem
1555 2233 1766 2296 reperiri
1805 2237 1854 2279 et
1891 2232 1964 2279 in-

283 2304 421 2351 stitui
461 2304 599 2366 quasi
638 2306 816 2370 prima,
857 2321 969 2354 cum
1015 2307 1340 2355 restituantur
1378 2308 1566 2371 potiUS,
1607 2311 1729 2369 quae
1770 2304 1966 2353 fuerant

282 2375 378 2424 illis
423 2378 588 2425 nimiis
634 2378 987 2428 vastationibus
1034 2381 1311 2444 interrupta
1359 2386 1407 2427 et
1445 2381 1694 2444 'extincta3
1743 2383 1965 2426 ceterum

281 2449 530 2498 hominem
569 2451 665 2498 nisi
705 2466 764 2499 ex
803 2451 999 2501 homine
1041 2455 1252 2502 existere
1293 2454 1491 2501 omnino
1533 2467 1631 2501 non
1669 2466 1830 2517 posse.
1885 2450 1964 2499 Di·

196 2532 250 2571 30
283 2530 401 2572 cunt
440 2529 605 2572 autem
645 2525 775 2588 quod
815 2532 1004 2589 putant,
1043 2542 1142 2575 non
1182 2527 1313 2591 quod
1354 2528 1530 2575 sciunt.

402 2623 473 2676 14)
507 2621 575 2665 De
608 2622 693 2666 deo
729 2622 852 2666 Socr.
885 2638 929 2679 p.
964 2628 1032 2666 43.

399 2758 424 2796 9
460 2767 526 2809 sq.
559 2759 610 2797 ut
640 2755 790 2799 editur
837 2755 948 2808 VA;
986 2756 1118 2811 vulyo
1157 2756 1229 2799 hic
1271 2756 1498 2811 leyebatm
1527 2755 1768 2810 inscriptio
1799 2753 1964 2809 capitis

286 2811 389 2855 XI:
421 2812 490 2855 De
521 2812 725 2857 falsitate
756 2826 846 2870 sqq.
872 2815 887 2870 ΙΙ
914 2817 965 2857 15
1001 2813 1155 2858 cuncti
1186 2827 1296 2867 mss;
1329 2813 1531 2858 cunctim
1561 2828 1586 2857 v
1611 2815 1627 2870 ΙΙ
1650 2818 1705 2857 26
1737 2809 1964 2868 repperiri

283 2870 379 2912 AF
405 2874 574 2927 (proyr.
600 2886 649 2927 p.
685 2875 756 2927 5),·
787 2873 971 2929 repperi
1012 2873 1076 2926 V,-
1106 2873 1315 2929 reparari
1345 2887 1371 2916 v
