2020 3122
270 114 377 166 518
944 124 978 157 s.
1002 124 1279 158 Aucus'rrm

962 291 1158 345 CAPUT
1191 293 1256 346 V.

330 401 477 459 Quod
514 402 566 448 in
606 400 743 448 omni
778 404 998 448 naturae
1036 403 1203 461 specie
1241 414 1306 449 ae
1344 402 1487 449 modo
1527 402 1798 450 laudabilis
1836 404 1924 451 sit.

998 474 1222 523 Creator.

414 575 627 625 Naturae
668 577 819 640 igitur
858 591 1052 643 omneS,
1105 578 1334 640 quoniam
1376 583 1492 625 sunt
1531 583 1581 626 et
1618 576 1728 626 ideo
1768 575 1951 627 habent

208 661 232 698 5
266 649 466 698 modum
514 665 685 715 suum,
740 651 958 714 speciem
1005 665 1142 698 suam
1191 656 1240 698 et
1289 650 1532 714 quandam
1571 665 1741 700 secum
1778 666 1951 716 pacem

266 739 419 784 suam,
458 723 680 787 profecto
712 722 869 772 bonae
903 730 1040 789 sunt3
1081 730 1129 772 et
1162 738 1274 772 cum
1313 723 1382 772 ibi
1420 731 1551 789 sunt,
1590 723 1822 774 ubi'esse
1861 740 1951 790 per

265 805 467 846 naturae
509 797 733 845 ordinem
773 796 976 862 debent,
1017 803 1254 860 quantum
1294 804 1614 863 acceperunt,
1655 813 1801 847 suum
1841 813 1950 848 esse

265 871 572 936 custodiunt3
614 877 662 918 et
696 886 819 933 quae
854 885 1049 935 semper
1082 885 1191 919 esse
1232 886 1332 919 non
1371 877 1684 937 acceperunt,
1724 887 1814 936 pro
1853 887 1950 921 usu

264 951 499 1008 motuque
539 959 729 1010 rerum,
770 943 949 1008 quibus
991 942 1237 993 Creatoris
1276 944 1382 1009 lege
1424 945 1719 1011 subduntur,
1757 947 1809 994 in
1848 960 1947 995 me-

177 1029 230 1066 16
262 1018 357 1066 lius
398 1018 676 1084 deteriusve
716 1023 993 1084 mutantur,
1038 1019 1090 1066 in
1138 1033 1251 1067 eum
1299 1018 1459 1067 divina
1497 1019 1804 1083 providentia
1843 1025 1948 1068 ten-

263 1091 436 1140 dentes
484 1092 691 1156 exitum,
746 1106 892 1155 quem
939 1093 1063 1140 ratio
1115 1091 1461 1156 gubernandae
1502 1094 1837 1141 universitatis
1875 1095 1948 1142 in-

263 1164 437 1230 cludit3
485 1166 552 1213 ita
598 1171 654 1212 ut
704 1180 795 1213 nec
843 1171 977 1214 tanta
1023 1168 1300 1232 corruptio,
1348 1174 1529 1230 quanta
1579 1181 1736 1230 usque
1778 1166 1837 1215 ad
1876 1168 1948 1215 in·

260 1240 463 1287 teritum
503 1244 702 1287 naturas
742 1238 1001 1287 mutabiles
1040 1239 1371 1304 mortalesque
1411 1239 1655 1306 perducit,
1695 1241 1764 1288 sic
1805 1240 1950 1289 faciat

262 1327 361 1360 non
402 1327 509 1360 esse
551 1312 683 1376 quod
723 1318 850 1378 erat,
900 1319 956 1361 ut
995 1328 1095 1361 non
1134 1313 1247 1361 inde
1288 1314 1371 1362 fiat
1411 1319 1775 1378 consequenter
1815 1313 1948 1378 quod

177 1396 228 1433 15
263 1401 372 1434 esse
419 1384 641 1434 debebat.
721 1385 856 1443 Quae
897 1401 1011 1435 cum
1049 1388 1115 1435 ita
1156 1389 1277 1453 sint,
1317 1386 1476 1453 Deus,
1517 1389 1602 1451 qui
1641 1402 1832 1436 summe
1872 1393 1950 1436 est

261 1465 407 1523 atque
449 1458 510 1508 ob
550 1459 645 1507 hoc
691 1458 750 1507 ab
798 1458 880 1508 illo
920 1461 1047 1509 facta
1087 1466 1163 1509 est
1202 1462 1360 1509 omnis
1402 1462 1636 1526 essentia,
1684 1475 1807 1525 quae
1848 1475 1948 1509 non

261 1548 451 1581 summe
504 1539 578 1581 est
629 1528 769 1598 (quia
815 1548 976 1597 neque
1024 1533 1094 1597 illi
1140 1533 1358 1598 aequalis
1398 1550 1507 1583 esse
1548 1533 1775 1601 deberet,
1823 1549 1947 1598 quae

261 1605 320 1654 de
361 1606 513 1655 nihilo
547 1606 673 1654 facta
713 1614 867 1673 esset,
906 1622 1069 1671 neque
1110 1607 1209 1656 ullo
1249 1608 1393 1656 modo
1434 1623 1543 1657 esse
1583 1614 1766 1674 posset,
1806 1609 1847 1656 si
1886 1606 1946 1656 ab

259 1679 341 1728 illo
396 1680 522 1728 facta
576 1695 676 1728 non
732 1675 912 1746 esset),
974 1696 1065 1729 nec
1121 1681 1334 1730 ullorum
1387 1683 1620 1731 vitiorum
1675 1681 1947 1730 offensione

171 1762 227 1802 20
259 1753 612 1818 vituperandus
645 1761 695 1802 et
727 1756 947 1803 omnium
986 1761 1276 1804 naturarum
1316 1755 1709 1804 consideratione
1749 1754 1946 1804 laudan-

260 1825 352 1875 dus
392 1833 481 1876 est.

943 1940 1139 1996 CAPUT
1172 1942 1268 1996 VI.

193 2061 210 2077 .
268 2034 408 2091 Quae
448 2047 606 2082 causa
645 2036 711 2082 sit
747 2035 1072 2083 beatitudinis
1112 2038 1407 2096 anqelorum
1448 2036 1690 2084 bonorum
1729 2039 1779 2083 et
1815 2048 1948 2095 quae

520 2122 679 2156 causa
718 2111 785 2157 sit
821 2110 1058 2157 miseriae
1097 2112 1392 2170 anqelorum
1431 2111 1691 2157 malorum.

171 2219 226 2257 25
407 2207 622 2257 Proinde
671 2224 817 2259 causa
863 2208 1182 2261 beatitudinis
1229 2210 1515 2275 angelorum
1578 2210 1824 2259 bonorum
1889 2225 1946 2259 ea

260 2283 514 2330 verissima
570 2285 839 2349 reperitur,
895 2285 1026 2348 quod
1084 2287 1128 2334 ei
1175 2285 1442 2334 adhaerent
1490 2286 1575 2348 qui
1623 2299 1812 2333 summe
1853 2290 1944 2333 est.

257 2354 383 2404 Cum
429 2370 545 2403 vero
594 2371 740 2405 causa
788 2359 1015 2406 miseriae
1066 2359 1307 2408 malorum
1347 2357 1634 2422 angelorum
1673 2358 1946 2423 quaeritur,

260 2443 315 2477 ea
365 2430 541 2478 merito
590 2433 830 2496 occurrit,
871 2431 1001 2494 quod
1042 2432 1101 2481 ab
1140 2432 1245 2499 illo,
1293 2433 1378 2496 qui
1418 2446 1606 2480 summe
1648 2437 1744 2498 est,
1785 2431 1943 2480 aversi

258 2502 316 2550 ad
357 2518 409 2551 se
449 2503 583 2567 ipsos
631 2506 856 2553 conversi
904 2512 1039 2572 sunt,
1087 2508 1172 2570 qui
1211 2521 1311 2555 non
1350 2520 1540 2554 summe
1581 2511 1721 2571 sunt3
1761 2511 1811 2553 et
1847 2504 1942 2552 hoo

170 2587 226 2625 30
260 2577 433 2624 vitium
488 2576 605 2640 quid
660 2577 790 2626 aliud
846 2592 992 2642 quam
1040 2578 1269 2644 superbia
1320 2575 1673 2644 nuncupetur?
1735 2579 1943 2627 Initium

377 2738 402 2776 2
444 2733 651 2777 omnium
692 2734 860 2777 natura
898 2735 947 2777 et
985 2733 1137 2790 specie
1177 2747 1231 2778 ac
1262 2735 1400 2779 modo
1442 2734 1527 2778 VA
1558 2735 1769 2790 (fortasse
1800 2734 1938 2789 leyen-

258 2792 366 2834 dum
398 2791 606 2835 omnium
635 2794 906 2836 naturarum
939 2793 1115 2848 specie3
1155 2794 1213 2847 cf.
1246 2797 1275 2836 4
1304 2797 1389 2850 sq.)
1433 2795 1448 2849 u
1496 2798 1550 2837 15
1582 2793 1752 2837 debeat
1779 2806 1806 2836 v
1836 2793 1853 2848 u
1882 2795 1940 2835 30

259 2852 549 2906 nuncupetur
589 2851 701 2904 VF‚·
731 2853 1025 2908 nuncupatur
1056 2865 1081 2894 v
