2020 3122
608 144 674 176 DE
699 142 936 177 CIVITATE
959 144 1048 176 nm
1071 145 1113 176 L.
1138 144 1188 176 11.
1213 145 1252 177 c,
1278 146 1311 179 5.
1337 147 1368 179 s.
1753 135 1822 187 59

143 271 258 305 rum
289 257 544 318 pretiosas
583 256 781 304 animas
819 260 1014 318 captat,
1054 261 1109 304 ut
1146 255 1226 304 ille
1266 271 1467 321 magnae
1507 257 1684 306 indolis
1724 260 1822 308 ani-

145 344 255 379 mus
301 329 395 378 hoc
443 327 576 377 velut
632 327 796 377 divino
852 329 1135 377 testimonio
1183 328 1464 379 sublevatus
1510 338 1561 380 et
1605 346 1719 380 vere
1771 347 1822 380 se

145 404 384 468 optimum
440 403 726 451 existimans
787 416 954 450 veram
1005 402 1240 467 pietatem
1293 403 1680 469 religionemque
1726 399 1825 453 non

143 482 432 542 quaereret,
487 477 592 524 sine
649 490 745 540 qua
798 490 942 524 omne
1006 477 1227 540 quamvis
1280 475 1519 526 laudabile
1572 479 1825 542 ingenium

145 549 378 615 superbia
427 550 646 598 vanescit
692 555 742 598 et
780 548 976 598 decidit.
1054 548 1162 607 Quo
1202 550 1347 599 modo
1386 553 1537 615 igitur
1576 552 1671 600 nisi
1708 553 1823 600 insi·
1857 561 1881 600 5

141 622 278 672 diose
318 630 581 687 quaereret
619 622 709 671 dea
738 621 826 671 illa
866 624 1106 688 optimum
1144 625 1326 690 virum,
1376 639 1489 673 cum
1527 625 1640 674 talia
1679 640 1823 689 quae-

141 702 218 746 rat
262 699 313 746 in
361 698 464 746 suis
512 698 687 762 sacris,
736 695 895 763 qualia
943 698 1036 746 viri
1082 698 1255 762 optimi
1294 696 1562 747 abhorrent
1602 700 1705 747 suis
1743 698 1823 747 ad-

140 768 312 820 hibere
352 766 622 820 conviviis?

823 883 1021 939 CAPUT
1055 885 1149 938 VI.

245 991 376 1042 Deos
408 1006 734 1054 paqanorum
773 1007 1043 1054 numquam
1082 993 1207 1042 bene
1246 994 1446 1042 vivendi
1481 995 1714 1042 sanxisse
1859 1002 1912 1041 10

839 1068 1139 1116 doctrinam.

289 1167 414 1216 Hinc
470 1175 546 1216 est
597 1167 727 1232 quod
779 1168 838 1216 de
886 1171 983 1218 vita
1031 1175 1080 1218 et
1125 1168 1346 1218 moribus
1387 1171 1639 1218 civitatum
1679 1175 1824 1234 atque

140 1240 435 1306 populorum
475 1257 501 1290 a
534 1240 713 1305 quibus
746 1241 1035 1291 colebantur
1076 1242 1156 1290 illa
1199 1245 1399 1291 numina
1443 1258 1540 1291 non
1574 1250 1827 1308 curarunt,

141 1322 197 1364 ut
234 1322 335 1364 tam
372 1314 635 1364 horrendis
675 1329 760 1364 eos
800 1321 850 1364 et
888 1315 1262 1365 detestabilibus
1301 1315 1440 1365 malis
1480 1331 1579 1364 non
1618 1318 1668 1364 in
1708 1331 1825 1381 agro

142 1395 191 1438 et
220 1388 418 1455 vitibuS‚
448 1404 547 1437 non
571 1390 623 1437 in
648 1389 791 1438 domo
818 1395 964 1454 atque
1002 1391 1227 1455 pecunia,
1260 1405 1359 1438 non
1390 1389 1603 1454 denique
1635 1391 1687 1438 in
1717 1392 1824 1454 ipso
1861 1398 1913 1437 15

139 1477 365 1529 corpore,
404 1462 534 1526 quod
574 1465 728 1512 menti
767 1462 1010 1529 subditur,
1050 1464 1136 1512 sed
1175 1465 1225 1511 in
1264 1465 1370 1528 ipsa
1409 1470 1588 1528 mente,
1628 1465 1679 1511 in
1717 1465 1825 1528 ipso

140 1543 335 1585 rectore
377 1537 539 1585 carnis
587 1538 771 1602 animo,
817 1552 903 1586 eos
949 1536 1144 1602 impleri
1190 1552 1245 1585 ac
1292 1538 1533 1601 pessimos
1573 1537 1680 1585 fieri
1720 1539 1825 1586 sine

143 1609 239 1659 ulla
279 1625 366 1659 sua
399 1609 608 1659 terribili
631 1609 965 1675 prohibitione
1005 1612 1366 1675 permitterent.
1443 1611 1540 1660 Aut
1580 1612 1622 1659 si
1659 1610 1825 1675 prohi-

142 1682 343 1750 bebant,
382 1682 476 1732 hoc
515 1683 804 1734 ostendatur
841 1686 1030 1750 potiuS‚
1079 1684 1172 1733 hoc
1212 1684 1465 1749 probetur.
1541 1683 1644 1733 Nec
1683 1684 1825 1733 nobis

142 1759 309 1806 nescio
350 1772 474 1821 quos
513 1773 746 1807 susurros
791 1760 1206 1822 paucissimorum
1243 1757 1446 1807 auribus
1484 1757 1735 1806 anhelatos
1775 1765 1826 1806 et
1859 1767 1913 1806 20

141 1845 318 1880 arcana
348 1830 482 1880 velut
513 1831 749 1896 religione
789 1831 997 1881 traditos
1035 1833 1234 1898 iactent,
1274 1831 1455 1896 quibus
1496 1833 1619 1880 vitae
1659 1830 1824 1896 probi·

140 1911 216 1954 tas
249 1906 544 1969 castitasque
567 1905 810 1971 discatur3
849 1904 935 1954 sed
975 1905 1378 1954 demonstrentur
1416 1904 1493 1953 vel
1533 1919 1826 1954 commemo-

146 1986 321 2028 rentur
375 1977 482 2027 loca
541 1978 722 2028 talibus
783 1978 1044 2043 aliquando
1108 1978 1463 2028 conventiculis
1526 1985 1826 2043 consecrata,

143 2067 242 2101 non
287 2051 375 2101 ubi
421 2051 524 2101 ludi
574 2059 840 2116 agerentur
885 2051 1113 2102 obscenis
1160 2052 1364 2102 vocibus
1412 2059 1462 2102 et
1499 2052 1715 2101 motibus
1754 2051 1825 2100 hi-

142 2127 411 2192 strionum,
458 2141 550 2174 nec
597 2125 683 2175 ubi
728 2125 927 2191 Fugalia
974 2125 1345 2176 celebrarentur
1392 2127 1546 2175 effusa
1592 2127 1726 2175 omni
1770 2125 1825 2173 li·
1859 2134 1913 2173 25

143 2201 303 2248 centia
334 2199 701 2263 turpitudinum
732 2194 808 2268 (et
838 2215 952 2249 vere
985 2200 1198 2266 Fugalia,
1240 2200 1327 2249 sed
1357 2200 1561 2266 pudoris
1594 2207 1644 2248 et
1675 2199 1823 2247 hone-

142 2268 331 2340 statis);
379 2272 466 2322 sed
512 2272 598 2322 ubi
646 2274 815 2339 populi
853 2274 1081 2323 audirent
1122 2274 1238 2338 quid
1278 2274 1346 2323 dii
1383 2274 1727 2338 praeceperint
1764 2271 1824 2320 de

147 2345 418 2396 cohibenda
456 2349 670 2414 avaritia,
710 2347 974 2396 ambitione
1015 2348 1298 2412 frangenda,
1338 2347 1533 2396 luxuria
1573 2347 1823 2395 refrenan-

144 2419 224 2485 da',
269 2419 356 2469 ubi
395 2420 643 2470 discerent
690 2423 880 2487 miseri,
928 2421 1060 2485 quod
1099 2421 1388 2471 discendum
1428 2420 1629 2469 Persius
1668 2421 1826 2468 incre-

145 2498 227 2556 pat
265 2494 458 2543 dicens:
1858 2499 1913 2538 30

264 2622 306 2676 1)
337 2620 471 2666 Prov.
505 2627 545 2677 6
577 2627 647 2668 26.

261 2758 287 2796 2
321 2754 590 2798 subleuabus
624 2754 684 2807 G;
715 2754 989 2799 sublimatus
1022 2754 1193 2798 AKFv
1231 2756 1246 2810 ΙΙ
1287 2758 1311 2796 7
1344 2751 1563 2796 adhibere
1596 2749 1716 2800 AK;
1748 2747 1826 2791 ad·

144 2810 294 2855 hiberi
323 2812 396 2857 Fv
420 2815 435 2869 [l
462 2819 516 2857 14
548 2827 626 2858 eos
657 2827 769 2866 mss;
800 2827 882 2859 om.
924 2828 949 2858 v
973 2815 988 2869 u
1012 2818 1066 2857 27
1100 2811 1421 2869 praeceperint
1453 2809 1560 2861 CK,·
1590 2806 1825 2864 praecipe-

145 2870 249 2914 rent
276 2871 398 2916 AFv
421 2874 436 2929 ΙΙ
461 2877 515 2916 29
546 2871 807 2928 increpauit
828 2886 854 2916 v
