2020 3122
564 170 631 202 DE
656 170 896 203 CIVITATE
918 170 1006 208 DEI
1029 171 1073 204 L.
1098 172 1170 205 111.
1195 171 1232 205 o.
1257 172 1312 206 21.
1689 163 1793 216 133

110 286 253 334 istam
304 280 640 332 tantummodo
692 281 924 331 coluntur
963 282 1262 333 felicitatem.
1341 284 1436 334 Sed
1476 287 1591 350 quia
1640 285 1793 336 Sallu·

110 360 233 408 stius
273 372 331 406 eo
357 363 579 420 tempore
605 355 674 404 ibi
706 355 829 405 dixit
866 371 1031 405 mores
1071 359 1284 421 optimos
1324 359 1493 426 fuisse,
1530 366 1795 425 propterea

107 431 201 480 hoc
240 431 300 480 de
340 430 516 479 Asiana
562 428 756 478 luxuria
803 430 1287 480 commemorandum
1325 435 1517 499 putavi,
1556 440 1611 483 ut
1650 434 1793 483 intel-

107 506 298 571 legatur
336 505 483 552 etiam
523 501 642 551 illud
682 518 708 551 a
750 502 982 554 Sallustio
1029 505 1080 552 in
1128 507 1545 570 comparationem
1585 507 1794 556 aliorum

106 587 386 644 temporum
436 577 644 643 dictum,
700 576 880 642 quibus
926 577 1234 642 temporibus
1280 580 1476 643 peiores
1529 582 1699 645 utique
1740 582 1791 629 in

23 675 29 679 ·
106 653 405 719 gravissimis
454 650 713 699 discordiis
759 666 923 700 mores
972 652 1188 701 suerunt.
1264 651 1387 701 Nam
1434 659 1576 720 tunc,
1629 655 1679 703 id
1720 662 1795 704 est

110 729 241 776 inter
280 724 554 775 secundum
586 731 636 773 et
674 731 985 789 postremum
1023 724 1208 774 bellum
1242 725 1661 794 Carthaginiense,
1699 727 1795 777 lata

108 807 183 850 est
221 801 369 850 etiam
407 798 488 847 illa
526 797 605 847 lex
643 798 878 860 Voconia,
927 814 988 847 ne
1029 800 1140 863 quis
1179 799 1415 849 heredem
1455 801 1686 850 seminam
1727 802 1793 850 sa-

107 882 259 941 ceret‚
297 888 388 922 nec
414 874 609 921 unicam
633 871 794 921 filiam.
872 871 977 930 Qua
1009 872 1116 937 lege
1157 873 1274 938 quid
1314 875 1532 938 iniquius
1573 874 1669 924 dici
1709 883 1793 925 aut

108 949 313 1013 cogitari
350 948 530 1012 possit,
581 948 769 1010 ignoro.
846 945 1027 995 Verum
1068 954 1232 996 tamen
1272 954 1375 997 toto
1414 947 1497 997 illo
1537 949 1794 998 intervallo

110 1023 323 1072 duorum
370 1019 613 1070 bellorum
667 1019 970 1068 Punicorum
1024 1020 1327 1070 tolerabilior
1375 1021 1636 1071 infelicitas
1686 1023 1792 1073 fuit.

108 1095 257 1145 Bellis
295 1093 634 1144 tantummodo
687 1094 807 1142 soris
863 1093 1214 1144 conterebatur
1269 1097 1542 1162 exercituS,
1589 1096 1675 1145 sed
1726 1098 1794 1146 vi—

109 1171 279 1219 ctoriis
320 1166 688 1233 consolabatur3
737 1167 868 1216 domi
909 1175 1074 1217 autem
1114 1168 1291 1236 nullae,
1332 1171 1461 1218 sicut
1500 1169 1617 1218 alias
1629 1210 1643 1236 ,
1697 1169 1794 1220 dis·

108 1243 302 1293 cordiae
343 1241 637 1290 saeviebant.
716 1241 813 1290 Sed
858 1241 1030 1290 ultimo
1071 1241 1199 1290 bello
1238 1241 1428 1292 Punico
1467 1258 1567 1291 uno
1606 1246 1795 1308 impetu

108 1317 310 1366 alterius
336 1315 596 1381 ScipioniS,
637 1316 720 1378 qui
746 1314 808 1363 ob
832 1315 927 1364 hoc
953 1317 1100 1364 etiam
1131 1318 1236 1380 ipse
1262 1315 1479 1364 Africani
1519 1331 1793 1381 cognomen

108 1392 317 1457 invenit,
364 1388 552 1438 aemula
599 1390 794 1453 imperii
841 1388 1049 1438 Romani
1095 1388 1154 1438 ab
1203 1391 1355 1454 stirpe
1406 1389 1566 1439 deleta
1605 1398 1701 1457 est,
1741 1406 1796 1440 ac

111 1464 287 1515 deinde
339 1464 488 1512 tantis
546 1462 788 1512 malorum
848 1462 1110 1528 aggeribus
1161 1478 1396 1529 oppressa
1447 1463 1666 1513 Romana
1715 1480 1797 1514 res

108 1538 318 1604 publica,
356 1544 413 1587 ut
446 1538 772 1602 prosperitate
806 1552 861 1586 ac
894 1539 1158 1587 securitate
1199 1553 1382 1604 rerum,
1421 1538 1551 1587 unde
1592 1539 1799 1588 nimium

113 1613 361 1676 corruptis
401 1610 622 1660 moribus
670 1610 793 1659 mala
840 1610 920 1659 illa
960 1618 1191 1676 congesta
1232 1619 1368 1678 sunt,
1415 1611 1527 1676 plus
1567 1614 1797 1661 nocuisse

111 1691 474 1735 monstraretur
523 1691 626 1734 tam
673 1686 769 1734 cito
811 1700 1002 1752 eversa,
1049 1701 1194 1750 quam
1241 1687 1381 1750 prius
1422 1693 1660 1735 nocuerat
1698 1693 1798 1735 tam

111 1760 195 1810 diu
243 1759 446 1809 adversa
486 1757 741 1823 Carthago.
818 1758 922 1808 Hoc
969 1766 1073 1808 toto
1120 1767 1343 1824 tempore
1383 1774 1540 1823 usque
1582 1759 1640 1808 ad
1681 1758 1797 1808 Cae-

113 1849 273 1883 sarem
328 1833 630 1898 Augustum,
691 1834 776 1896 qui
830 1833 1025 1882 videtur
1078 1849 1178 1882 non
1232 1832 1391 1882 adhuc
1446 1832 1522 1881 vel
1576 1835 1800 1897 ipsorum

112 1908 341 1972 opinione
374 1907 651 1972 gloriosam,
692 1906 777 1954 sed
810 1908 1168 1955 contentiosam
1200 1913 1250 1956 et
1282 1908 1535 1956 exitiosam
1570 1912 1619 1955 et
1655 1906 1798 1971 plane

112 1983 208 2030 iam
248 1995 480 2029 enervem
527 1995 582 2028 ac
630 1979 909 2044 languidam
958 1979 1238 2030 libertatem
1277 1982 1411 2029 omni
1450 1979 1595 2029 modo
1637 1987 1796 2029 extor-

114 2056 236 2104 sisse
291 2054 524 2103 Romanis
580 2060 628 2102 et
682 2053 741 2101 ad
792 2053 954 2118 regale
1006 2053 1264 2104 arbitrium
1316 2061 1493 2103 cuncta
1540 2068 1796 2102 revocasse

115 2135 164 2178 et
219 2130 359 2192 quasi
406 2126 627 2175 morbida
673 2133 915 2176 vetustate
966 2128 1244 2193 conlapsam
1292 2128 1442 2177 veluti
1496 2129 1798 2177 instaurasse

115 2217 169 2251 ac
202 2216 463 2250 renovasse
496 2215 603 2249 rem
634 2200 907 2267 publicam3
947 2208 1050 2250 toto
1092 2217 1209 2267 ergo
1242 2204 1337 2252 isto
1370 2209 1593 2266 tempore
1627 2202 1798 2250 omitto

115 2290 174 2324 ex
214 2275 320 2324 aliis
360 2282 506 2338 atque
533 2274 638 2323 aliis
671 2275 832 2324 causis
865 2277 1013 2324 etiam
1045 2283 1192 2340 atque
1226 2278 1372 2325 etiam
1403 2274 1603 2324 bellicas
1636 2273 1799 2323 clades

117 2356 166 2398 et
219 2347 573 2398 Numantinum
621 2348 794 2398 foedus
850 2348 1097 2399 horrenda
1150 2351 1418 2414 ignominia
1472 2347 1800 2412 maculosum3

116 2422 394 2471 volaverant
441 2423 573 2470 enim
625 2422 746 2486 pulli
800 2422 859 2471 de
916 2415 1060 2472 cavea
1107 2430 1156 2472 et
1205 2423 1430 2472 Mancino
1482 2421 1702 2488 consuli,
1747 2427 1801 2470 ut

117 2497 279 2562 aiunt,
333 2497 595 2559 augurium
649 2496 831 2545 malum
885 2496 1127 2563 fecerant3
1179 2499 1320 2562 quasi
1374 2511 1463 2562 per
1511 2502 1586 2544 tot
1632 2509 1801 2559 annOS‚

119 2568 297 2632 quibus
334 2568 415 2617 illa
441 2571 613 2634 exigua
653 2571 823 2618 civitas
848 2569 1122 2619 Romanum
1164 2573 1489 2620 circumsessa
1530 2569 1802 2617 exercitum

239 2789 266 2826 4
299 2783 692 2839 comparationem
727 2784 786 2838 C';
819 2785 1164 2842 comparatione
1196 2782 1345 2827 AKF
1344 2799 1369 2828 υ
1393 2787 1408 2840 ΙΙ
1433 2790 1457 2828 9
1490 2784 1566 2827 uel
1597 2796 1681 2827 nec
1712 2783 1758 2826 A
1788 2781 1805 2840 ΙΙ

123 2847 176 2884 13
211 2842 367 2885 domui
398 2843 465 2884 A¹
503 2845 518 2897 Η
555 2848 608 2886 15
642 2843 701 2886 ob
726 2856 807 2887 om.
834 2844 879 2886 A
918 2846 933 2899 ΙΙ
973 2849 1028 2887 20
1053 2845 1390 2887 monstraretur
1432 2842 1490 2896 Ο,-
1522 2843 1806 2885 monstretur

117 2899 290 2943 AKFv
314 2903 328 2956 ss
353 2906 409 2943 24
441 2914 659 2945 eneruam
691 2904 735 2944 A

1830 959 1884 999 10

1828 1326 1883 1367 15

1832 1695 1888 1736 20

1832 2063 1887 2104 25

1832 2431 1890 2471 30
