2020 3122
516 159 583 190 DE
608 158 850 192 CIVITATE
871 159 961 195 DEI
983 159 1024 190 L.
1049 159 1121 192 111.
1147 159 1184 192 c.
1209 161 1262 193 23.
1287 162 1339 193 24.
1675 150 1777 203 135

721 306 916 387 CAPUT
948 324 1151 381 XXIII.

90 443 168 520 De
199 444 527 497 interioribus
558 449 716 508 malis,
756 448 936 509 quibus
968 447 1203 496 Romana
1236 463 1319 497 res
1349 450 1559 510 publica
1600 454 1775 512 exaqi-

128 525 235 570 tata
275 526 368 581 est,
402 522 748 583 praecedente
778 523 1042 583 prodiin,
1081 523 1219 582 quod
1255 523 1306 570 in
1344 524 1491 572 rabie
1530 527 1747 573 omnium

313 596 627 654 animalium,
668 609 800 675 quae
838 595 1119 643 hominibus
1157 597 1400 660 serviunt,
1435 594 1551 656 fuzsst

241 712 339 762 Sed
368 714 464 761 iam
495 711 576 761 illa
614 711 739 762 mala
777 711 1012 778 breviter,
1050 719 1290 777 quantum
1326 729 1774 779 possum11S,com-
1809 724 1834 764 5

91 801 444 852 memoremuS‚
500 801 622 851 quae
673 793 855 850 quanto
907 787 1166 853 interiora,
1212 793 1349 836 tanto
1400 789 1658 838 miseriora
1698 804 1776 838 ex-

93 862 348 911 stiterunt:
395 860 668 909 discordiae
721 859 888 909 civiles
935 859 1011 908 vel
1048 862 1215 925 potius
1252 860 1497 927 inciviles,
1551 876 1642 911 nec
1683 864 1779 912 iam

93 933 376 999 seditiones,
415 933 502 984 sed
534 936 681 984 etiam
711 935 819 998 ipsa
841 933 968 983 bella
1007 933 1210 1000 urbana,
1249 933 1335 983 ubi
1373 941 1540 984 tantus
1579 938 1777 1000 sanguis

93 1008 279 1058 effusus
327 1014 423 1073 cst,
470 1006 555 1057 ubi
595 1009 811 1072 partium
849 1007 1010 1056 studia
1048 1022 1148 1057 non
1187 1010 1476 1058 contionum
1514 1009 1776 1059 dissensio-

92 1080 239 1131 nibus
293 1083 538 1146 variisque
602 1080 804 1131 vocibus
854 1082 905 1130 in
957 1081 1276 1147 alterutrum,
1332 1081 1415 1131 sed
1478 1082 1620 1146 plane
1682 1085 1780 1132 iam
1812 1095 1866 1136 10

92 1155 226 1223 tferro
282 1156 530 1219 armisque
586 1154 885 1219 saeviebant3
936 1154 1065 1203 bella
1113 1155 1332 1221 socialia,
1385 1155 1514 1204 bella
1568 1156 1778 1222 servilia,

92 1227 219 1278 bella
258 1228 415 1279 civilia
454 1235 695 1293 quantum
734 1228 1009 1278 Romanum
1050 1244 1281 1278 cruorem
1319 1229 1578 1295 fuderunt,
1625 1245 1776 1294 quan-

93 1307 194 1353 tam
247 1302 412 1352 Italiae
459 1303 782 1352 vastationem
833 1302 1266 1368 desertionemque
1322 1302 1572 1352 fecerunt!
1635 1303 1778 1353 Nam-

93 1390 188 1443 que
236 1382 498 1440 antequam
543 1391 597 1424 se
645 1375 906 1426 adversum
944 1375 1149 1427 Romam
1195 1376 1374 1426 sociale
1414 1374 1609 1426 Latium
1648 1392 1777 1426 com-

93 1456 338 1516 moveret,
384 1456 564 1500 cuncta
610 1449 834 1500 animalia
881 1449 1109 1500 humanis
1148 1449 1322 1500 usibus
1362 1449 1583 1517 subdita,
1633 1466 1778 1500 canes
1813 1462 1865 1502 15

94 1525 230 1590 equi,
281 1525 405 1573 asini
454 1523 628 1589 boveS,
679 1531 730 1573 et
768 1539 992 1588 quaeque
1033 1523 1124 1572 alia
1171 1539 1352 1589 pecora
1391 1523 1483 1573 sub
1513 1524 1779 1574 hominum

96 1597 311 1647 dominio
359 1598 585 1664 fuerunt,
640 1597 803 1647 subito
859 1599 1058 1649 efferata
1113 1604 1162 1647 et
1213 1597 1510 1647 domesticae
1562 1598 1779 1648 lenitatis

92 1670 242 1720 oblita
282 1672 467 1721 relictis
514 1673 660 1720 tectis
705 1671 860 1720 libera
898 1669 1199 1736 vagabantur
1239 1678 1288 1721 et
1327 1687 1523 1720 omnem
1562 1687 1662 1720 non
1702 1687 1778 1720 so·

93 1743 195 1794 lum
226 1745 449 1812 aliorum,
487 1760 661 1794 verum
693 1747 840 1794 etiam
872 1745 1186 1806 dominorum
1225 1744 1576 1795 aversabantur
1615 1761 1777 1794 acces-

93 1834 230 1886 sum,
285 1835 384 1868 non
440 1821 546 1868 sine
598 1820 746 1868 exitio
798 1819 873 1867 vel
922 1819 1143 1884 periculo
1185 1819 1434 1882 audentiS‚
1486 1821 1527 1867 si
1567 1820 1677 1883 quis
1717 1818 1776 1868 de
1811 1831 1866 1870 20

93 1894 318 1957 proximo
354 1899 571 1957 urgeret.
641 1892 823 1950 Quanti
858 1892 972 1941 mali
1016 1894 1212 1957 signum
1243 1893 1351 1959 fuit,
1384 1894 1426 1941 si
1458 1891 1551 1941 hoc
1583 1894 1779 1957 signum

95 1966 203 2033 fuit,
243 1967 374 2031 quod
414 1973 605 2016 tantum
644 1965 826 2015 malum
865 1965 983 2031 fuit,
1023 1967 1066 2014 si
1105 1967 1251 2015 etiam
1291 1968 1486 2031 signum
1525 1981 1625 2014 non
1665 1965 1776 2015 fuit!

96 2038 201 2089 Hoc
234 2042 277 2090 si
308 2041 492 2089 nostris
526 2039 832 2105 temporibus
864 2039 1140 2105 accidisset,
1172 2039 1445 2089 rabidiores
1477 2041 1599 2089 istos
1632 2055 1779 2104 quam

94 2127 185 2165 sua
222 2113 293 2163 illi
331 2113 555 2163 animalia
593 2120 890 2179 pateremur.

717 2300 927 2374 Ostur
946 2300 1145 2364 XXIV.
1243 2298 1245 2301 ’
1811 2314 1866 2354 25

99 2440 104 2458 ‚2
170 2409 246 2457 De
285 2410 544 2458 discordia
584 2410 741 2469 civili,
789 2422 940 2469 quam
984 2408 1271 2458 Gracchiae
1308 2409 1580 2457 seditiones
1619 2422 1704 2458 ex-

790 2484 1091 2532 citaverunt.

167 2583 169 2586 ’
243 2582 445 2633 Initium
476 2591 641 2634 autem
673 2583 887 2633 civilium
928 2583 1169 2633 malorum
1208 2583 1300 2632 suit
1340 2582 1606 2632 seditiones
1633 2582 1778 2631 Grac·

99 2649 306 2706 chorum
350 2659 555 2722 agrariis
600 2656 791 2722 legibus
838 2659 1090 2707 excitatae.
1174 2655 1411 2705 Volebant
1459 2658 1590 2705 enim
1637 2670 1779 2720 agros

95 2883 116 2927 1
222 2832 276 2872 14
306 2827 547 2873 adversus
558 2841 584 2873 υ
607 2830 623 2885 ΙΙ
646 2833 719 2875 20
735 2828 950 2873 adeuntis
974 2827 1043 2872 A2
1065 2829 1080 2884 fl
1105 2833 1160 2872 28
1193 2827 1422 2875 malorum
1448 2825 1652 2879 0AKF;
1683 2825 1779 2870 bel·

118 2897 249 2929 orum
278 2899 304 2930 v
