2020 3122
548 169 615 200 m:
639 166 879 202 CIVITA'PE
902 168 992 200 DEI
1015 169 1056 200 L.
1081 169 1127 201 v.
1152 171 1188 205 c.
1213 173 1245 204 4.
1270 172 1301 205 5.
1662 158 1767 212 195

80 280 400 345 moribusque
441 280 657 346 diversa,
697 286 832 329 tanta
868 282 920 328 in
960 279 1151 330 actibus
1195 282 1506 348 disparilitas,
1545 290 1679 332 tanta
1717 284 1768 331 in

80 360 342 422 parentum
373 367 538 403 amore
564 353 927 420 dissimilitudO,
965 360 1021 402 ut
1061 357 1207 404 etiam
1248 357 1474 406 inimicos
1514 372 1599 406 eos
1637 359 1768 405 inter

81 444 134 479 se
173 429 359 478 faceret
397 430 503 493 ipsa
534 427 778 477 distantia.
855 427 1106 492 Numquid
1143 429 1240 477 hoc
1281 429 1476 496 dicitur,
1517 432 1629 495 quia
1666 445 1768 479 uno

83 501 362 552 ambulante
403 501 527 551 alius
567 500 787 568 sedebat,
823 508 873 550 et
912 501 1004 550 alio
1045 500 1322 551 dormiente
1364 503 1488 552 alius
1527 503 1769 570 vigilabat,

82 575 174 626 alio
213 576 445 640 loquente
485 574 678 624 tacebat
717 575 862 641 alius3
914 590 1037 639 quae
1077 577 1330 641 pertinent
1368 576 1426 625 ad
1465 576 1570 626 illas
1610 579 1768 626 minu-

81 652 196 716 tiaS,
244 664 368 714 quae
408 663 508 698 non
546 655 756 714 possunt
795 648 855 698 ab
895 651 966 698 eis
1007 649 1368 716 conprehendi,
1407 652 1493 714 qui
1533 652 1768 700 constitu-

79 726 268 774 tionem
319 723 565 790 siderum,
621 738 715 788 qua
771 724 979 787 quisque
1035 725 1281 789 nascitur,
1338 722 1584 789 scribunt,
1639 724 1768 773 unde

81 797 414 848 mathematici
452 794 811 846 consulantur?
879 796 1018 846 Unus
1058 797 1198 846 duxit
1236 799 1628 847 mercennariam
1669 813 1768 846 ser-

81 873 304 938 vitutem,
343 871 467 920 alius
491 886 591 920 non
618 873 840 936 servivit3
881 886 1010 920 unus
1043 886 1070 920 a
1096 877 1265 920 -matre
1299 870 1606 938 diligebatur,
1647 871 1770 920 alius

81 960 181 994 non
238 944 556 1010 diligebatur3
612 960 742 994 unus
795 944 1057 1011 honorem,
1112 946 1197 1009 qui
1249 960 1456 1009 magnus
1506 944 1634 1010 apud
1686 959 1771 994 eos

83 1018 382 1085 habebatur,
432 1020 616 1085 amisit,
662 1018 786 1068 alter
831 1018 1064 1084 indeptus
1112 1025 1200 1067 est.
1294 1018 1422 1076 Quid
1484 1018 1544 1067 de
1606 1019 1770 1068 uxori-

87 1092 204 1159 buS,
252 1093 371 1156 quid
411 1092 470 1141 de
511 1092 644 1158 filiis,
693 1091 811 1156 quid
850 1092 910 1141 de
950 1091 1116 1158 reb11S,
1157 1098 1338 1156 quanta
1377 1091 1656 1141 diversitas!
1721 1091 1773 1140 Si

83 1181 201 1231 ergo
254 1166 376 1215 haec
431 1165 490 1214 ad
544 1165 650 1214 illas
703 1167 958 1230 pertinent
1011 1167 1242 1215 minutias
1297 1172 1599 1232 temporum,
1647 1179 1771 1231 quae

83 1242 214 1290 inter
264 1255 317 1289 36
364 1238 548 1288 habent
595 1241 801 1305 gemini,
853 1246 902 1288 et
949 1238 1403 1288 constellationibus
1443 1254 1542 1288 non
1590 1239 1773 1288 adscri-

83 1313 291 1363 buntur:
338 1328 490 1378 quare
532 1313 739 1362 aliorum
784 1311 1241 1362 constellationibus
1287 1314 1524 1378 inspectis
1570 1314 1663 1361 ista
1703 1313 1771 1361 di-

83 1384 301 1437 cuntur?
341 1386 394 1436 Si
433 1395 596 1436 autem
635 1387 746 1436 ideo
779 1386 1028 1448 dicuntur,
1068 1388 1182 1451 quia
1225 1401 1325 1435 non
1367 1386 1427 1434 ad
1473 1387 1662 1435 minuta
1700 1388 1771 1434 in-

86 1460 550 1527 conprehensibilia,
598 1460 684 1510 sed
726 1460 785 1510 ad
820 1467 1101 1526 temporum
1146 1462 1302 1525 spatia
1339 1462 1608 1526 pertinent,
1649 1475 1772 1524 quae

85 1534 337 1585 observari
376 1537 636 1599 notarique
668 1541 902 1601 possunt:
942 1535 1060 1599 quid
1099 1534 1179 1583 hic
1221 1536 1318 1598 agit
1357 1541 1463 1582 rota
1505 1533 1584 1582 illa
1625 1533 1774 1599 figuli,

85 1610 182 1658 nisi
219 1615 276 1659 ut
298 1608 524 1658 homines
562 1608 753 1658 luteum
793 1623 878 1658 cor
916 1607 1156 1658 habentes
1197 1609 1248 1656 in
1288 1622 1462 1673 gyrum
1501 1609 1773 1667 mittantur,

85 1697 146 1732 116
186 1683 645 1732 mathematicorum
683 1682 961 1747 vaniloquia
1000 1678 1393 1731 convincantur?

782 1854 977 1908 CAPUT
1010 1854 1077 1908 V.

95 1964 284 2023 Quibus
316 1965 474 2012 modis
506 1964 876 2012 convincantur
907 1962 1253 2011 mathematici
1289 1974 1472 2010 vanam
1511 1962 1774 2010 scientiam

802 2038 1051 2098 profiteri.

236 2139 364 2198 Quid
396 2138 527 2188 idem
551 2140 661 2205 ipsi,
701 2153 913 2203 quorum
953 2136 1156 2187 morbus
1196 2137 1327 2202 quod
1353 2138 1528 2187 eodem
1551 2143 1774 2202 tempore

91 2215 284 2279 gravior
336 2213 588 2277 leviorque
647 2210 913 2277 apparebat
968 2211 1246 2278 amborum,
1296 2210 1653 2261 medicinaliter
1703 2212 1774 2259 in-

92 2289 303 2353 spiciens
342 2286 669 2352 Hippocrates
716 2287 938 2351 geminos
987 2287 1267 2351 suspicatus
1306 2293 1404 2352 est,
1454 2299 1618 2334 nonne
1659 2285 1776 2333 satis

94 2361 215 2411 istos
247 2361 567 2427 redarguunt,
608 2361 693 2426 qui
730 2359 901 2410 volunt
940 2358 1186 2409 sideribus
1227 2359 1359 2426 dare,
1398 2358 1529 2424 quod
1569 2358 1628 2407 de
1670 2373 1774 2406 cor-

94 2449 272 2499 porum
310 2433 457 2484 simili
504 2436 860 2499 temperatione
899 2430 1163 2483 veniebat‘?
1241 2432 1341 2483 Cur
1381 2434 1514 2482 enim
1553 2431 1777 2480 similiter

94 2507 364 2573 eodemque
395 2515 634 2575 tempore,
672 2523 773 2557 non
804 2507 928 2557 alter
964 2509 1120 2573 prior,
1161 2506 1283 2556 alter
1321 2507 1569 2572 posterior
1608 2519 1776 2568 aegro-

94 2579 283 2649 tabant,
334 2583 462 2631 sicut
500 2583 602 2632 nati
639 2582 858 2648 fuerant,
910 2583 1024 2646 quia
1061 2583 1235 2646 utique
1275 2579 1422 2630 simul
1459 2580 1595 2628 nasci
1633 2576 1774 2626 ambo

98 2669 198 2704 non
234 2652 498 2721 poterant?
572 2656 670 2705 Aut
709 2657 751 2705 si
789 2655 911 2705 nihil
957 2657 1195 2704 momenti
1234 2653 1430 2719 adtulit,
1477 2658 1533 2701 ut
1571 2650 1777 2699 diversis

97 2728 402 2794 temporibus
461 2735 798 2795 aegrotarent,
861 2729 993 2793 quod
1055 2728 1261 2778 diversis
1315 2723 1622 2791 temporibus
1676 2724 1778 2773 nati

213 2904 272 2944 24
300 2900 488 2944 morbus
519 2901 588 2954 A‚·
619 2901 833 2946 morbum
863 2915 889 2945 v

1312 2971 1402 3015 13*

1806 955 1860 995 10

1806 1322 1860 1362 15

1805 1690 1861 1730 20

1807 2218 1861 2258 25

1807 2586 1864 2625 30
