2020 3122
623 142 689 174 DE
713 140 951 174 cxvrrA'rE
976 141 1066 172 Dm
1089 141 1130 173 n.
1154 141 1205 173 11.
1230 142 1266 174 c.
1291 144 1322 175 τ.
1738 130 1805 182 61

127 255 192 304 ab
230 253 504 304 humilitate
552 255 604 301 in
650 267 866 316 superna
912 258 1198 316 surgentem
1245 254 1391 302 etiam
1432 256 1642 303 istorum
1681 270 1809 302 com-

132 330 385 394 paratione
426 332 745 391 monstraret,
792 324 922 374 unde
970 332 1141 390 postea
1181 325 1321 375 nobis
1362 329 1455 376 erit
1493 329 1544 375 in
1584 326 1671 375 Dei
1709 330 1812 376 veri

135 402 330 451 Domini
366 400 615 450 voluntate
655 398 963 463 disquirendi
1002 413 1058 447 ac
1097 398 1374 448 disserendi
1412 401 1562 449 locus,
1634 399 1812 449 Verum

133 483 295 525 tamen
336 476 378 523 si
415 472 695 539 philosophi
733 471 916 536 aliquid
955 473 1266 538 invenerunt,
1306 474 1435 537 quod
1476 473 1689 538 agendae
1729 473 1812 522 bo-

133 564 225 598 nae
263 550 391 598 vitae
431 546 700 611 beataeque
725 546 1068 611 adipiscendae
1109 548 1228 594 satis
1268 562 1376 595 esse
1415 549 1592 612 possit:
1634 554 1814 611 quanto
1847 555 1871 595 5

133 623 314 671 iustius
353 620 531 670 talibus
571 620 724 669 divini
761 619 976 668 honores
1017 619 1426 669 decernerentur!
1484 620 1676 677 Quanto
1716 636 1814 669 me-

132 695 229 745 lius
269 702 318 744 et
355 695 612 743 honestius
651 695 701 742 in
740 693 958 742 Platonis
998 692 1180 757 templo
1219 692 1334 742 libri
1374 695 1479 742 eius
1518 694 1816 758 legerentur,

140 784 286 834 quam
333 771 383 818 in
430 767 627 833 templis
673 767 969 816 daemonum
1017 765 1139 815 Galli
1178 765 1608 832 abscinderentur,
1647 767 1816 816 molles

134 848 569 908 consecrarentur,
614 843 776 890 insani
822 847 1133 906 secarentur,
1181 847 1231 889 et
1276 840 1515 905 quidquid
1563 840 1692 889 aliud
1746 840 1818 888 vel

134 915 334 966 crudele
359 914 436 965 vel
459 922 619 981 turpe,
659 915 734 964 vel
767 917 980 979 turpiter
1011 913 1212 963 crudele
1251 914 1328 963 vel
1366 913 1634 964 crudeliter
1672 920 1818 978 turpe
1854 924 1905 962 10

135 992 187 1039 in
234 991 402 1039 sacris.
433 989 604 1038 talium
651 989 858 1038 deorum
905 987 1145 1037 celebrari
1202 986 1347 1037 solet!
1426 988 1619 1046 Quanto
1666 990 1818 1037 satius

136 1070 241 1113 erat
280 1063 338 1112 ad
386 1062 711 1112 erudiendum
757 1063 993 1112 iustitiam
1040 1063 1346 1111 iuventutem
1385 1061 1581 1128 publice
1621 1063 1821 1110 recitari

135 1137 269 1202 leges
309 1137 516 1186 deorum
555 1151 701 1200 quam
748 1136 936 1185 laudari
985 1136 1197 1184 inaniter
1235 1135 1369 1200 leges
1411 1142 1558 1200 atque
1596 1137 1820 1184 instituta

137 1209 399 1260 maiorum!
453 1208 637 1258 Omnes
686 1212 817 1258 enim
864 1209 1081 1258 cultores
1120 1208 1291 1258 talium
1332 1209 1563 1275 deorum,
1616 1225 1728 1258 mox
1766 1215 1820 1257 ut

135 1299 223 1333 eos
246 1283 395 1333 libido
421 1283 696 1348 perpulerit
737 1283 964 1348 ferventi,
1004 1289 1060 1331 ut
1084 1284 1151 1331 ait.
1174 1282 1392 1348 Persius,
1432 1285 1585 1331 tincta
1618 1297 1820 1348 veneno,
1856 1291 1907 1330 15

138 1359 292 1422 magis
331 1359 590 1406 intuentur
614 1357 732 1422 quid
763 1356 985 1422 Iuppiter
1026 1356 1214 1422 fecerit,
1257 1372 1403 1420 quam
1442 1356 1560 1420 quid
1600 1355 1823 1404 docuerit

141 1431 278 1481 Plato
318 1430 393 1480 vel
434 1432 685 1480 censuerit
710 1430 843 1480 Cato,
897 1429 1024 1478 Hinc
1057 1429 1186 1494 apud
1225 1429 1516 1479 Terentium
1553 1429 1823 1494 flagitiosus

140 1504 431 1555 adulescens
471 1511 661 1570 spectat
700 1504 916 1553 tabulam
957 1503 1198 1568 quandam
1238 1506 1421 1568 pictam
1459 1506 1510 1552 in
1548 1505 1750 1568 pariete,

845 1623 934 1670 ubi
972 1623 1135 1670 inerat
1172 1623 1369 1685 pictura
1407 1624 1543 1682 haec,
1582 1623 1751 1670 Iovem

216 1696 322 1755 Quo
360 1700 507 1759 paeto
546 1696 751 1744 Danaae
791 1697 987 1744 misisse
1028 1697 1168 1744 aiunt
1206 1697 1455 1758 quondam
1492 1697 1544 1743 in
1580 1696 1825 1758 gremium
1857 1706 1911 1744 20

1200 1771 1411 1819 imbrem
1450 1785 1676 1829 aureum,

146 1893 292 1952 atque
332 1886 392 1936 ab
430 1887 521 1936 hac
560 1892 695 1936 tanta
734 1888 1027 1935 auctoritate
1067 1885 1265 1936 adhibet
1302 1888 1632 1951 patrocinium
1671 1889 1824 1951 turpi-

143 1961 303 2011 tudini
341 1976 474 2027 suae,
513 1975 626 2010 cum
664 1962 713 2009 in
755 1975 812 2009 ea
851 1975 903 2008 se
944 1961 1091 2009 iactat
1128 1962 1312 2009 imitari
1350 1960 1510 2009 deum.

290 2079 360 2127 At
399 2096 547 2141 quem
587 2079 755 2127 deum!

147 2183 328 2248 inquit,
893 2205 899 2211 ·
1861 2191 1914 2229 25

718 2257 803 2318 qui
824 2258 1015 2318 templa
1040 2258 1163 2305 caeli
1189 2273 1379 2305 summo
1406 2256 1572 2305 sonitu
1596 2255 1826 2304 concutit.

289 2330 397 2392 Ego
436 2330 697 2378 homuncio
737 2331 788 2378 id
827 2346 925 2379 non
963 2331 1212 2379 facerem?
1267 2332 1376 2393 Ego
1416 2347 1534 2379 vero
1573 2329 1698 2376 illud
1737 2329 1829 2376 feci

1121 2420 1177 2454 ac
1215 2405 1389 2453 libens.

266 2546 338 2599 15)
371 2544 464 2589 Sat.
499 2550 540 2599 3,
573 2549 644 2589 37.
706 2547 778 2599 28)
812 2545 927 2589 Eun.
962 2545 1041 2599 111,
1077 2550 1125 2601 5,
1159 2550 1214 2589 36
1249 2559 1338 2599 sq.;
1371 2549 1426 2587 42
1460 2558 1524 2598 sq.

270 2711 322 2750 12
355 2706 659 2751 erudiendum
693 2707 832 2751 Parr.
864 2720 918 2760 υ,·
965 2707 1265 2751 erudiendam
1295 2704 1442 2748 AKF
1472 2706 1488 2759 ΙΙ
1525 2702 1702 2747 iustitia
1733 2702 1785 2745 K
1791 2703 1827 2754 ¹;

151 2763 327 2809 iustitie
357 2765 428 2809 Κ2
451 2768 466 2823 ΙΙ
490 2771 545 2810 20
579 2766 748 2822 quond.
779 2766 986 2823 ingrem.
1021 2766 1094 2834 4,·
1131 2765 1180 2808 in
1210 2778 1353 2822 grem.
1388 2762 1553 2818 quond.
1587 2760 1710 2804 KFv
1733 2762 1748 2818 ΙΙ
1772 2765 1826 2804 27

152 2864 203 2910 ia
229 2867 396 2922 ΛΚΕ·
426 2868 515 2913 hoo
545 2883 570 2913 v
594 2871 688 2925 1128
722 2869 795 2927 ao]
827 2869 922 2913 iam
954 2869 1026 2922 F‚·
1049 2835 1125 2912 ¹33²
1157 2868 1211 2910 K
