2020 3122
266 128 373 180 396
951 137 983 170 s.
1009 137 1283 172 AUGUSTINI

265 253 376 313 tibi,
418 252 533 301 Iesu
574 251 882 300 Nazarene?
971 249 1159 300 Venisti
1188 252 1410 313 perdere
1450 246 1581 299 nos?
1635 247 1831 299 Clarum
1871 258 1955 302 est

263 326 314 373 in
354 324 430 373 his
470 324 634 373 verbis
645 363 660 391 ,
700 323 831 388 quod
870 325 921 373 in
962 325 1032 373 eis
1073 331 1122 373 et
1161 331 1294 373 tanta
1334 325 1538 372 scientia
1577 330 1696 389 erat,
1736 331 1786 373 et
1824 327 1946 374 cari-

264 406 337 447 tas
377 413 476 447 non
516 404 635 447 erat.
712 397 928 446 Poenam
975 413 1113 447 suam
1161 398 1343 462 quippe
1384 396 1711 446 formidabant
1749 397 1808 446 ab
1847 398 1951 464 illo,

264 486 364 520 non
403 473 454 520 in
493 470 575 521 illo
623 473 859 521 iustitiam
908 471 1190 536 diligebant.
1267 470 1479 520 Tantum
1530 485 1646 519 vero
1698 472 1769 520 eis
1807 473 1946 520 inno·
1988 491 1995 498 ’

167 540 231 594 ’5
265 546 374 610 tuit,
414 551 652 610 quantum
692 545 865 612 voluit3
905 551 1096 595 tantum
1121 551 1286 594 autem
1318 544 1486 606 voluit,
1526 550 1763 608 quantum
1804 560 1946 610 opor-

263 620 372 667 tuit.
451 617 547 667 Sed
595 621 811 668 innotuit
860 634 959 668 non
1012 621 1139 667 sicut
1191 618 1375 683 angelis
1431 619 1636 684 sanctiS,
1690 619 1775 682 qui
1826 620 1952 684 eiuS,

264 692 537 742 secundum
574 692 625 742 id
665 693 797 757 quod
828 692 917 742 Dei
948 692 1162 742 Verbum
1203 699 1293 758 est,
1331 693 1618 757 participata
1658 693 1946 741 aeternitate

261 766 617 833 perfruuntur,
673 767 758 815 sed
799 769 927 815 sicut
967 768 1037 815 eis
1083 765 1331 815 terrendis
1377 765 1788 814 innotescendum
1839 766 1948 827 fuit,

263 855 323 888 ex
363 854 573 904 quorum
614 842 866 904 tyrannica
907 839 1117 904 quodam
1158 839 1302 887 modo
1341 845 1585 904 potestate
1623 839 1786 888 fuerat
1822 838 1942 888 libe-

175 923 230 965 10
262 919 461 962 raturus
485 913 875 978 praedestinatos
906 916 958 962 in
989 929 1136 963 suum
1173 928 1383 978 regnum
1422 919 1472 962 et
1509 905 1712 977 gloriam
1752 927 1951 977 semper

260 1002 486 1036 veracem
525 994 575 1036 et
614 989 853 1036 veraciter
893 989 1256 1052 sempiternam.
1333 987 1554 1036 Innotuit
1592 1001 1710 1051 ergo
1750 986 1943 1036 daemo-

260 1059 418 1109 nibus
446 1075 546 1109 non
577 1076 666 1125 per
698 1061 763 1127 id,
803 1061 934 1126 quod
976 1069 1050 1111 est
1091 1063 1188 1110 vita
1227 1067 1427 1110 aeterna
1466 1066 1515 1109 et
1552 1059 1721 1110 lumen
1758 1062 1944 1110 incom-
1984 1108 1986 1110 ,

259 1133 518 1201 mutabile,
569 1134 700 1199 quod
754 1135 1014 1185 inluminat
1066 1137 1197 1201 piOS,
1251 1136 1331 1184 cui
1385 1133 1593 1183 videndo
1643 1149 1734 1199 per
1784 1134 1946 1200 fidem,

261 1223 384 1272 quae
423 1210 475 1256 in
506 1207 588 1257 illo
621 1215 710 1275 est,
750 1209 898 1258 corda
937 1209 1253 1275 mundantur,
1293 1208 1379 1257 sed
1417 1223 1508 1273 per
1547 1206 1786 1272 quaedam
1824 1214 1946 1257 tem-

173 1292 226 1331 15
259 1281 445 1346 poralia
492 1297 608 1331 suae
655 1284 853 1332 virtutis
901 1284 1073 1332 effecta
1123 1289 1173 1332 et
1218 1282 1579 1332 occultissimae
1629 1283 1768 1347 signa
1805 1297 1946 1347 prae-

262 1357 470 1423 sentiae,
521 1371 644 1420 quae
692 1356 924 1420 angelicis
973 1355 1202 1406 sensibus
1251 1357 1399 1404 etiam
1437 1355 1761 1420 malignorum
1803 1357 1945 1421 spiri-

267 1435 408 1478 tuum
469 1431 634 1494 potius
706 1446 850 1494 quam
920 1431 1192 1479 infirmitati
1254 1429 1507 1478 hominum
1569 1435 1775 1494 possent
1836 1444 1945 1478 esse

266 1504 546 1567 conspicua.
623 1503 843 1568 Denique
907 1503 1101 1569 quando
1165 1518 1219 1551 ea
1281 1502 1533 1568 paululum
1596 1503 1946 1567 supprimenda

259 1575 492 1625 iudicavit
539 1582 588 1625 et
635 1577 881 1642 aliquanto
931 1578 1074 1626 altius
1114 1577 1277 1642 latuit,
1323 1575 1563 1625 dubitavit
1609 1576 1668 1624 de
1707 1575 1790 1624 illo
1831 1576 1941 1625 dae-

173 1661 227 1701 20
260 1664 461 1698 monum
493 1651 725 1716 princeps
766 1667 978 1716 eumque
1017 1652 1287 1716 temptavit,
1325 1665 1385 1698 an
1427 1648 1652 1698 Christus
1693 1657 1824 1699 esset
1863 1665 1944 1699 ex-

260 1722 474 1790 ploranS,
514 1730 752 1787 quantum
793 1740 843 1774 se
884 1727 1115 1790 temptari
1153 1726 1259 1789 ipse
1298 1724 1545 1788 permisit,
1587 1729 1641 1772 ut
1677 1722 1942 1790 hominem,

261 1811 407 1860 quem
463 1796 686 1864 gerebat,
741 1798 800 1846 ad
849 1807 1047 1848 nostrae
1098 1799 1384 1847 imitationis
1431 1803 1731 1861 temperaret
1781 1812 1942 1846 exem-

257 1869 408 1934 plum.
487 1870 606 1920 Post
652 1871 783 1921 illam
830 1888 947 1922 vero
995 1873 1388 1937 temptationem,
1436 1886 1549 1919 cum
1588 1869 1767 1936 angeli,
1814 1871 1944 1919 sicut

260 1945 499 2008 scriptum
548 1951 648 2011 est,
701 1947 1042 1995 ministrarent
1087 1947 1153 2012 ei,
1207 1944 1325 1994 boni
1375 1946 1547 2009 utique
1596 1950 1645 1992 et
1693 1945 1848 1993 sancti
1887 1959 1943 1992 ac

171 2027 225 2068 25
258 2031 348 2081 per
387 2016 481 2066 hoc
522 2018 778 2082 spiritibus
816 2019 1066 2069 inmundis
1106 2018 1358 2068 metuendi
1398 2024 1447 2067 et
1484 2017 1750 2083 tremendi,
1790 2019 1943 2082 magis

258 2092 509 2154 magisque
566 2093 906 2142 innotescebat
959 2091 1279 2142 daemonibus
1327 2098 1540 2156 quantus
1589 2097 1740 2157 esset,
1794 2098 1850 2140 ut
1897 2092 1942 2139 ei

257 2162 474 2230 iubenti,
531 2168 751 2228 quamvis
800 2168 851 2215 in
905 2167 987 2215 illo
1044 2165 1425 2231 contemptibilis
1477 2164 1728 2213 videretur
1775 2165 1937 2213 carnis

257 2237 532 2303 infirmitaS,
570 2241 804 2288 resistere
844 2240 1008 2292 nullus
1049 2240 1266 2289 auderet.

378 2381 421 2433 1)
454 2378 537 2424 Mr.
575 2384 614 2434 1,
647 2384 731 2435 243
763 2381 845 2424 Mt.
879 2385 920 2437 8,
954 2387 1023 2425 29.

379 2591 401 2628 1
443 2585 615 2629 uenisti
658 2598 771 2638 mss,·
812 2586 980 2630 venisti
1019 2589 1127 2630 ante
1166 2592 1350 2644 tempus
1382 2601 1407 2631 v
1451 2589 1465 2642 ΙΙ
1513 2592 1566 2631 15
1600 2585 1940 2631 occultissimae

254 2644 831 2748 gAF315b⁰CCUffiSSima
867 2645 1001 2689 Kabe
1046 2648 1060 2700 l}
1105 2647 1398 2702 praesentiae
1441 2645 1718 2699 GAK2Fev;
1757 2645 1939 2703 sapien—

294 2716 349 2747 ae
454 2719 482 2747 a
514 2717 536 2748 c
