2020 3122
542 141 609 172 DE
633 137 870 173 CIVITA'I'E
894 140 982 172 DEI
1006 140 1047 172 L.
1072 141 1178 172 xm.
1203 139 1239 173 c.
1265 142 1317 173 11.
1666 129 1775 181 569

99 261 196 303 tur.
272 252 409 301 Perit
460 251 612 314 igitur
666 251 796 299 inter
850 257 1148 317 utrumque,
1203 267 1299 316 quo
1347 254 1563 301 moriens
1610 252 1684 300 vel
1723 254 1773 301 in

99 332 259 375 morte
306 327 393 390 sit3
441 325 671 388 quoniam
719 324 760 371 si
807 322 965 372 adhuc
1012 327 1149 391 vivit,
1197 332 1308 374 ante
1349 332 1556 374 mortem
1598 333 1692 391 est3
1734 327 1775 374 si

98 402 262 448 vivere
317 398 531 462 destitit,
585 398 680 445 iam
733 403 846 460 post
899 406 1108 446 mortem
1163 405 1251 447 est.
1327 399 1600 463 Numquam
1657 414 1773 463 ergo

103 474 333 538 moriem,
372 471 417 520 id
454 477 528 520 est
566 471 617 518 in
650 476 822 534 morte,
862 485 971 518 esse
1013 471 1443 535 conprehenditur.
1519 472 1588 521 Ita
1629 474 1775 520 etiam

96 548 148 595 in
194 552 485 595 transcursu
531 549 811 608 temporum
857 546 1111 607 quaeritur
1156 560 1431 610 praesens,-
1458 561 1550 594 nec
1590 547 1772 594 inveni-

99 627 205 686 tur,
245 620 358 683 quia
399 619 504 666 sine
543 616 642 666 ullo
683 618 839 681 spatio
881 623 977 681 est,
1023 632 1114 681 per
1154 618 1284 681 quod
1325 621 1561 667 transitur
1602 634 1661 667 ex
1701 620 1772 667 fu-

98 700 211 742 turo
250 694 301 740 in
346 692 682 757 praeteritum.
759 689 931 738 Nonne
979 706 1096 754 ergo
1137 691 1399 740 videndum
1440 698 1535 756 est,
1583 707 1642 739 ne
1682 694 1775 740 ista

100 767 289 814 ratione
338 779 470 813 mors
518 766 742 828 corporis
787 763 920 812 nulla
969 779 1078 813 esse
1119 761 1346 813 dicatur?
1424 764 1476 812 Si
1517 766 1646 812 enim
1687 772 1777 829 est,

99 838 292 903 quando
327 844 415 903 est,
455 851 578 902 quae
611 839 661 885 in
693 836 792 886 ullo
826 843 875 885 et
912 839 963 885 in
997 853 1091 901 qua
1122 837 1252 886 ullus
1292 853 1400 886 esse
1440 852 1539 885 non
1578 835 1776 901 potest?

101 911 306 970 Quando
347 911 544 975 quidem
584 912 626 958 si
665 911 865 977 vivitur,
905 911 1062 959 adhuc
1103 927 1201 959 non
1243 918 1338 977 est,
1380 913 1492 975 quia
1530 910 1623 959 hoc
1664 918 1774 959 ante

98 993 323 1050 mortem,
362 986 542 1033 nonin
575 990 757 1049 morte3
798 986 838 1032 si
871 991 1036 1033 autem
1067 986 1228 1033 vivere
1269 987 1365 1033 iam
1404 991 1650 1033 cessatum
1689 991 1778 1049 est,

98 1061 192 1108 iam
225 1073 325 1107 non
358 1065 446 1123 est,
486 1059 599 1121 quia
633 1064 682 1106 et
713 1057 806 1105 hoc
846 1064 959 1122 post
998 1065 1206 1107 mortem
1247 1065 1337 1124 est,
1376 1074 1475 1106 non
1514 1060 1564 1106 in
1603 1064 1777 1106 morte.

105 1132 202 1181 Sed
248 1146 425 1180 rursus
479 1133 520 1179 si
570 1131 702 1180 nulla
748 1146 882 1180 mors
930 1138 1005 1180 est
1051 1139 1163 1180 ante
1211 1132 1327 1196 quid
1366 1132 1442 1180 vel
1479 1138 1612 1195 post,
1660 1130 1777 1195 quid

98 1212 174 1254 est
206 1205 337 1269 quod
369 1205 550 1254 dicitur
589 1211 699 1253 ante
741 1211 952 1254 mortem
992 1207 1093 1254 sive
1132 1212 1245 1270 post
1283 1202 1528 1254 mortem?
1566 1204 1688 1253 Nam
1728 1211 1778 1253 et

97 1279 190 1327 hoc
229 1280 441 1327 inaniter
474 1277 670 1344 dicitur,
710 1280 751 1326 si
790 1293 924 1327 mors
963 1278 1095 1327 nulla
1134 1286 1224 1328 est.
1300 1279 1458 1343 Atque
1499 1280 1686 1327 utinam
1725 1279 1776 1326 in

97 1351 322 1417 paradiso
367 1351 493 1400 bene
545 1351 750 1400 vivendo
802 1353 1096 1419 egissemus,
1134 1358 1190 1401 ut
1228 1367 1282 1400 re
1322 1367 1436 1400 vera
1474 1351 1604 1401 nulla
1644 1366 1777 1400 mors

99 1432 243 1475 esset.
319 1425 462 1474 Nunc
517 1432 680 1474 autem
735 1440 833 1474 non
889 1425 1048 1474 solum
1098 1433 1199 1491 est,
1252 1441 1425 1475 verum
1480 1427 1623 1474 etiam
1678 1431 1777 1474 tam

97 1499 303 1548 molesta
355 1505 453 1564 est,
506 1505 562 1547 ut
609 1513 699 1547 nec
747 1498 844 1547 ulla
893 1499 1126 1563 explicari
1178 1499 1425 1548 locutione
1465 1501 1622 1564 possit
1686 1514 1776 1546 nec

97 1572 195 1621 ulla
234 1574 421 1621 ratione
462 1574 618 1621 vitari.

244 1644 526 1710 Loquamur
565 1661 682 1709 ergo
723 1645 996 1694 secundum
1035 1646 1443 1694 consuetudinem
1484 1640 1607 1711 (non
1647 1646 1777 1693 enim

99 1718 240 1768 aliter
294 1713 557 1786 debemus)
606 1725 655 1767 et
703 1719 923 1768 dicamus
977 1725 1128 1785 „ante
1167 1725 1378 1767 mortem
1393 1714 1443 1784 “,
1487 1720 1775 1783 priusquam

98 1807 231 1840 mors
264 1792 472 1857 accidat3
512 1794 640 1840 sicut
673 1794 911 1856 scriptum
953 1798 1049 1841 est:
1089 1793 1218 1841 Ante
1255 1798 1461 1841 mortem
1500 1807 1563 1841 ne
1602 1793 1777 1840 laudes

98 1868 344 1915 hominem
376 1879 686 1926 quemquam.
765 1864 993 1914 Dicamus
1026 1867 1172 1914 etiam
1212 1881 1324 1914 cum
1365 1865 1619 1914 acciderit:
1658 1864 1777 1912 Post

98 1945 309 1988 mortem
347 1938 479 1987 illius
526 1938 601 1986 vel
639 1938 771 1987 illius
811 1938 994 1987 factum
1035 1945 1109 1987 est
1146 1938 1267 1987 illud
1307 1945 1390 1988 aut
1427 1938 1561 1987 illud.
1638 1937 1773 1986 Dica-

97 2027 208 2060 mus
249 2019 298 2061 et
337 2011 397 2060 de
428 2013 677 2075 praesenti
716 2019 938 2076 tempore
977 2019 1033 2061 ut
1070 2027 1350 2078 possumuS‚
1388 2011 1521 2060 velut
1561 2026 1672 2059 cum
1711 2013 1776 2059 ita

95 2085 366 2149 loquimur:
406 2084 621 2133 Moriens
651 2084 730 2133 ille
763 2091 971 2134 testatus
1005 2092 1093 2146 est,
1119 2092 1188 2134 et:
1220 2085 1320 2134 Illis
1353 2092 1496 2149 atque
1528 2084 1623 2133 illis
1658 2083 1775 2132 illud

97 2165 242 2222 atque
287 2158 407 2207 illud
454 2160 671 2206 moriens
719 2157 1007 2223 dereliquit3
1063 2161 1284 2222 quamvis
1334 2159 1428 2207 hoc
1475 2159 1571 2206 nisi
1610 2159 1776 2205 vivens

98 2233 296 2280 omnino
336 2232 498 2280 facere
538 2247 637 2280 non
675 2238 844 2295 posset
884 2238 933 2280 et
970 2233 1135 2296 potius
1174 2231 1268 2281 1166
1308 2238 1419 2280 ante
1461 2237 1668 2279 mortem
1708 2231 1775 2278 fe-

98 2307 236 2371 cerit,
276 2320 374 2353 non
405 2307 458 2353 in
489 2312 662 2354 morte.
740 2304 1022 2368 Loquamur
1053 2306 1199 2354 etiam
1232 2307 1360 2354 sicut
1398 2304 1617 2368 loquitur
1656 2305 1774 2351 sori—

95 2384 241 2443 ptura
273 2378 446 2444 divina,
487 2393 610 2442 quae
643 2384 864 2427 mortuos
904 2393 1099 2442 quoque
1139 2394 1238 2427 non
1276 2385 1388 2443 post
1426 2383 1649 2441 mortem,
1689 2374 1774 2423 sed

97 2453 148 2499 in
188 2458 345 2500 morte
393 2466 502 2500 esse
550 2466 649 2500 non
696 2450 887 2500 dubitat
925 2451 1104 2500 dicere.
1182 2451 1308 2500 Hinc
1349 2453 1479 2499 enim
1519 2456 1594 2498 est
1632 2448 1774 2496 illud:

106 2525 350 2583 Quoniam
396 2539 495 2574 non
543 2530 616 2574 est
663 2527 714 2573 in
754 2531 939 2585 morte,
995 2529 1084 2586 qui
1120 2539 1307 2574 memor
1344 2527 1409 2573 sit
1447 2525 1532 2572 tui.
1609 2521 1774 2569 Donec

216 2638 288 2690 23)
322 2635 462 2680 Ecoli.
498 2641 570 2692 11,
600 2641 670 2679 29.
734 2639 808 2692 32)
840 2637 913 2680 Ps.
947 2642 987 2691 6,
1021 2643 1061 2682 6.

217 2801 243 2839 9
274 2796 403 2840 1111116
433 2810 459 2840 v
491 2798 506 2853 ΙΙ
540 2803 590 2840 11
638 2797 836 2840 mortem
868 2798 939 2840 est
969 2797 1013 2840 A
1045 2799 1061 2853 ΙΙ
1097 2802 1151 2840 13
1186 2797 1293 2839 ante
1326 2794 1436 2850 quid
1476 2793 1635 2845 VAF;
1666 2790 1777 2847 quid

101 2866 182 2899 om.
216 2868 242 2897 v
265 2856 280 2910 ss
304 2860 359 2898 22
391 2868 448 2899 116
480 2854 710 2911 glorifices
743 2869 1022 2910 quemquam
1053 2856 1096 2898 A
1122 2857 1136 2910 ΙΙ
1160 2860 1215 2898 24
1246 2854 1363 2897 illud
1394 2852 1470 2897 vel
1499 2851 1616 2894 illud
1647 2865 1672 2894 υ

1811 919 1866 958 10

1811 1285 1867 1325 15

1810 1653 1869 1693 20

1807 2384 1866 2423 30
