2020 3122
533 141 599 172 DE
625 139 862 172 cn'rrATE
886 141 974 172 DEI
998 142 1039 173 L.
1064 141 1110 172 X.
1135 139 1173 172 c,
1200 143 1254 173 14.
1278 143 1331 174 15.
1658 128 1767 179 425

93 254 256 304 infima
296 260 440 316 atque
489 258 686 300 terrena
726 253 853 300 vitae
898 251 1013 300 huic
1053 254 1363 302 transitoriae
1404 253 1679 301 necessaria
1720 259 1769 301 et

94 342 209 393 prae
255 325 386 374 illius
426 327 549 373 vitae
591 326 905 389 sempiternis
951 325 1204 375 beneficiis
1244 326 1623 392 contemnenda,
1670 341 1769 374 non

94 409 255 451 tamen
296 400 390 447 nisi
430 398 488 446 ab
528 414 627 447 uno
668 398 768 446 Deo
810 405 1068 463 expectare
1106 402 1405 461 consuescit,
1445 406 1501 448 ut
1541 399 1599 448 ab
1639 399 1770 448 illius

95 474 229 524 cultu
269 475 417 521 etiam
462 474 514 520 in
559 474 769 521 istorum
816 472 1060 521 desideiio
1102 488 1199 520 non
1247 474 1467 539 recedat,
1517 473 1574 521 ad
1624 488 1770 537 quem

95 554 377 624 contemptu
419 561 591 594 eorum
631 538 680 594 et
719 545 777 594 ab
819 547 890 594 eis
930 547 1183 595 av·e1sione
1223 548 1489 611 peireniat.
1804 555 1829 595 5

762 748 957 802 CAPUT
990 750 1108 802 XV.

132 859 208 906 De
247 859 524 905 ministerio
564 861 857 906 sanctorum
898 860 1215 918 angelorum,
1257 873 1353 918 quo
1386 859 1740 920 providentiae

753 931 851 979 Dei
887 934 1127 980 serviunt.

245 1033 325 1082 Sic
364 1035 530 1096 itaque
570 1033 760 1082 divinae
801 1034 1136 1098 providentiae
1175 1034 1358 1099 placuit
1390 1035 1618 1083 ordinare
1655 1041 1776 1083 tem-

96 1122 273 1174 porum
313 1122 537 1172 cursum,
584 1113 661 1173 ut,
714 1122 861 1191 quem
901 1108 958 1155 ad
1008 1108 1207 1156 modum
1256 1108 1355 1156 dixi
1395 1116 1445 1157 et
1489 1110 1540 1156 in
1588 1108 1779 1157 actibus
1814 1116 1868 1155 10

98 1180 432 1266 apostoloium
473 1179 676 1247 legitur,
723 1180 801 1229 lex
840 1183 888 1229 in
931 1182 1104 1230 edictis
1154 1182 1438 1246 angelorum
1480 1182 1680 1231 daretur
1720 1181 1779 1230 de

100 1256 247 1304 unius
280 1256 385 1302 veri
417 1254 505 1316 Dei
521 1219 689 1327 ocultu,
728 1257 779 1302 in
812 1254 992 1319 quibus
1025 1264 1074 1303 et
1112 1271 1321 1320 persona
1355 1257 1511 1320 ipsius
1545 1255 1646 1321 Dei,
1680 1271 1780 1303 non

99 1328 295 1394 quidem
341 1343 431 1392 per
471 1343 609 1376 suam
649 1294 996 1395 substantiam,
1045 1344 1169 1392 quae
1210 1344 1406 1393 semper
1447 1328 1779 1394 c01ruptibili-

82 1402 189 1451 'bus
216 1401 371 1450 oculis
402 1401 661 1450 invisibilis
686 1410 957 1467 permanet,
990 1402 1075 1450 sed
1102 1405 1250 1451 certis
1275 1403 1470 1451 indiciis
1503 1418 1592 1467 per
1619 1402 1780 1452 subie-

100 1483 225 1525 ctam
259 1477 471 1524 creatori
511 1482 788 1524 creaturam
820 1475 1079 1524 visibiliter
1120 1483 1380 1541 appareret
1420 1483 1469 1525 et
1509 1476 1781 1541 syllabatim
1817 1483 1870 1522 15

98 1565 187 1615 per
211 1550 521 1598 transitorias
547 1555 827 1615 temporum
852 1549 1068 1598 morulas
1093 1549 1334 1599 humanae
1361 1550 1555 1615 linguae
1581 1550 1783 1599 vocibus

49 1656 54 1658 ἡ
98 1623 408 1688 loqueretur,
449 1624 534 1686 qui
572 1624 623 1671 in
664 1639 751 1672 sua
783 1630 958 1672 natura
990 1639 1088 1671 non
1131 1624 1475 1690 corporaliter,
1516 1624 1603 1672 sed
1643 1625 1783 1688 spiri-

99 1696 283 1762 taliter,
324 1711 423 1744 non
464 1697 788 1762 sensibiliter,
829 1697 915 1745 sed
955 1697 1364 1763 intellegibiliter,
1405 1713 1502 1746 non
1542 1704 1786 1762 tempora-

98 1769 232 1836 liter,
273 1769 380 1835 sed,
421 1775 476 1818 ut
507 1772 577 1819 ita
616 1770 795 1831 dicam,
837 1771 1151 1820 aeternaliter
1183 1786 1275 1820 nec
1314 1773 1487 1835 incipit
1526 1771 1661 1835 loqui
1693 1786 1783 1819 nec

101 1843 301 1909 desinit3
352 1843 482 1907 quod
523 1844 651 1908 apud
691 1844 828 1892 illum
870 1846 1112 1893 sincerius
1153 1845 1382 1909 audiunt,
1422 1860 1521 1892 non
1562 1846 1784 1909 corporis
1818 1851 1874 1891 20

101 1932 232 1982 aure,
273 1917 357 1965 sed
390 1919 587 1983 mentis,
625 1919 840 1966 ministri
873 1919 979 1966 eius
1012 1925 1060 1966 et
1093 1920 1268 1984 nuntii,
1309 1920 1393 1982 qui
1434 1920 1540 1966 eius
1580 1920 1785 1966 veritate

103 1989 493 2038 incommutabili
530 1992 860 2055 perfruuntur
898 1991 1226 2040 inmortaliter
1265 1991 1417 2057 beati3
1458 1999 1508 2040 et
1547 1991 1679 2056 quod
1721 1992 1785 2040 fa-

105 2064 332 2112 ciendum
366 2063 523 2112 modis
562 2064 891 2113 ineffabilibus
924 2065 1130 2114 audiunt
1171 2071 1220 2114 et
1258 2081 1418 2129 usque
1458 2067 1509 2113 in
1548 2067 1642 2114 ista
1675 2067 1786 2114 visi-

101 2136 214 2185 bilia
270 2145 415 2200 atque
473 2137 722 2186 sensibilia
775 2137 1176 2202 perducendum,
1239 2140 1586 2188 incunctanter
1640 2146 1786 2203 atque

101 2209 419 2259 indifficulter
460 2204 694 2260 efficiunt.
771 2210 902 2260 Haec
943 2219 1106 2260 autem
1155 2212 1235 2261 lex
1275 2212 1625 2262 distributione
1665 2221 1784 2262 tem-
1819 2217 1875 2257 25

102 2299 277 2348 porum
303 2284 412 2332 data
438 2291 528 2350 est,
561 2300 684 2349 quae
716 2287 855 2350 prius
880 2285 1100 2351 haberet,
1131 2293 1187 2334 ut
1212 2286 1396 2334 dictum
1424 2294 1513 2353 est,
1547 2289 1788 2351 promissa

106 2362 326 2417 terrena,
369 2357 549 2421 quibus
588 2366 753 2407 tamen
785 2360 1182 2423 significarentur
1214 2366 1428 2426 aeterna,
1469 2376 1592 2425 quae
1625 2359 1785 2408 visibi-

106 2429 234 2479 libus
287 2434 605 2481 sacramentis
653 2432 962 2482 celebrarent
1012 2433 1175 2497 multi,
1231 2433 1578 2497 intellegerent
1630 2434 1826 2498 pauci..

108 2501 262 2552 Unius
294 2511 458 2553 tamen
482 2505 571 2554 Dei
604 2506 766 2555 cultus
791 2508 1100 2571 apertissima
1131 2507 1229 2555 illic
1264 2514 1313 2556 et
1337 2523 1513 2556 vocum
1546 2514 1594 2557 et
1619 2520 1788 2555 rerum

105 2579 323 2626 omnium
356 2582 713 2628 contestatione
745 2582 1063 2646 praecipitur,
1096 2596 1199 2629 non
1230 2583 1378 2629 unius
1412 2581 1470 2629 de
1508 2581 1664 2646 turba,
1703 2577 1788 2628 sed
1822 2583 1878 2623 30

107 2651 190 2713 qui
229 2651 345 2700 fecit
385 2652 573 2701 caelum
614 2660 663 2702 et
703 2659 887 2702 terram
928 2660 977 2702 et
1016 2669 1212 2702 omnem
1252 2656 1462 2702 animam
1502 2661 1551 2702 et
1591 2666 1789 2702 omnem

104 2725 352 2790 spiritum,
400 2728 485 2788 qui
531 2741 630 2775 non
679 2734 754 2776 est
802 2727 932 2790 quod
978 2729 1098 2792 ipse.
1177 2727 1260 2775 Ille
1302 2729 1432 2775 enim
1481 2727 1618 2793 fecit,
1670 2727 1788 2774 haec

224 2867 294 2921 11)
327 2867 428 2909 Aet..
464 2872 503 2922 7,
537 2871 606 2911 53.
