2020 3122
559 130 626 162 DE
650 128 885 162 CIVrrA’rE
910 130 999 162 Dm
1022 131 1063 163 L.
1088 132 1196 164 xm.
1222 133 1258 165 c.
1286 135 1337 167 ιο.
1677 122 1782 174 567

799 279 990 334 CAPUT
1029 282 1093 335 X.

139 388 218 436 Αη
255 391 356 437 vita
394 390 680 436 mortalium
718 401 851 436 mors
885 392 1053 450 potius
1092 405 1241 450 quam
1280 393 1381 440 vita
1421 393 1638 441 dicenda
1676 395 1753 441 sit.

259 489 326 539 Ex
366 506 462 555 quo
504 491 635 539 enim
675 491 883 555 quisque
923 491 974 538 in
1012 492 1106 539 isto
1148 507 1354 556 corpore
1395 496 1634 543 morituro
1676 510 1783 544 esse

106 565 342 629 coeperit,
381 578 651 628 numquam
682 565 732 612 in
767 579 823 611 eo
856 578 954 612 non
987 566 1147 628 agitur
1186 573 1241 613 ut
1273 581 1405 615 mors
1444 570 1605 616 veniat
1681 568 1785 617 Hoc

109 638 241 685 enim
290 640 386 702 agit
413 640 539 687 *eius
586 636 883 686 mutabilitas
938 643 1041 686 toto
1090 644 1312 702 tempore
1359 641 1484 689 vitae
1531 641 1678 690 huius
1719 636 1785 707 (si
1817 652 1842 691 5

108 717 270 759 tamen
318 713 413 760 vita
460 710 665 760 dicenda
712 705 832 778 est),
878 716 934 759 ut
982 712 1204 760 veniatur
1242 713 1294 759 in
1333 719 1554 762 mortem.
1631 714 1785 763 Nemo

109 786 292 848 quippe
350 791 444 851 est,
499 786 584 849 qui
629 799 728 832 non
768 785 814 832 ei
851 791 964 848 post
1002 799 1185 833 annum
1225 786 1310 849 sit,
1366 801 1511 849 quam
1551 793 1661 835 ante
1703 803 1783 836 an-

108 873 227 906 num
275 858 389 923 fuit,
441 864 488 906 et
535 873 643 906 cras
691 872 837 922 quam
875 857 1043 924 hodie,
1098 864 1147 906 et
1192 857 1336 907 hodie
1379 874 1523 923 quam
1562 858 1684 925 heri,
1740 868 1788 909 et

106 930 251 995 paulo
290 937 402 995 post
442 947 586 995 quam
626 946 773 997 nune,
812 937 862 980 et
899 946 1030 980 nunc
1070 946 1214 996 quam
1254 931 1398 996 paulo
1439 939 1550 981 ante
1589 935 1786 998 propin-

109 1006 272 1070 quior,
314 1006 567 1071 quoniam,
616 1005 854 1069 quidquid
902 1007 1138 1070 temporis
1178 1007 1376 1071 vivitur,
1424 1006 1483 1054 de
1525 1008 1679 1070 spatio
1721 1009 1784 1055 vi·
1823 1018 1877 1056 10

109 1077 254 1126 vendi
286 1078 514 1145 demitur,
554 1084 603 1127 et
642 1077 819 1127 cotidie
859 1078 914 1127 fit
952 1080 1115 1127 minus
1155 1080 1417 1142 minusque
1451 1079 1581 1143 quod
1621 1086 1789 1146 restat,

110 1158 163 1200 ut
203 1153 402 1200 omnino
442 1151 565 1200 nihil
605 1154 667 1200 sit
707 1151 836 1200 aliud
876 1157 1072 1216 tempus
1113 1154 1236 1201 vitae
1276 1152 1446 1219 huius,
1493 1168 1639 1217 quam
1678 1169 1787 1202 cur-

106 1240 193 1274 sus
234 1225 291 1273 ad
331 1231 564 1292 mortem,
602 1227 653 1274 in
693 1241 790 1290 quo
831 1240 975 1274 nemo
1015 1225 1089 1274 vel
1128 1225 1382 1290 paululum
1421 1233 1550 1275 stare
1591 1226 1666 1275 vel
1706 1227 1787 1275 ali·

108 1305 291 1362 quanto
340 1298 528 1348 tardius
573 1300 646 1348 ire
694 1300 1019 1365 permittitur3
1066 1299 1151 1348 sed
1191 1305 1433 1363 urgentur
1472 1315 1642 1348 omnes
1682 1302 1790 1364 pari

107 1378 243 1421 motu
294 1388 385 1421 nec
426 1371 618 1421 diverso
658 1372 962 1437 inpelluntur
1001 1388 1217 1421 accessu.
1294 1373 1464 1437 Neque
1505 1375 1659 1439 enim,
1708 1375 1789 1422 cui
1824 1383 1877 1423 15

105 1447 203 1495 vita
242 1445 438 1494 brevior
477 1447 592 1511 suit,
633 1445 843 1495 celerius
883 1446 1012 1495 diem
1053 1446 1191 1495 duxit
1231 1462 1376 1511 quam
1415 1446 1518 1507 ille,
1568 1448 1649 1495 cui
1687 1447 1788 1495 lon-

106 1521 236 1584 gior;
278 1519 362 1568 sed
404 1535 516 1568 cum
556 1519 824 1583 aequaliter
865 1526 914 1568 et
953 1520 1172 1584 aequalia
1210 1526 1458 1569 momenta
1496 1526 1791 1585 raperentur

106 1592 367 1659 ambobus,
413 1592 536 1642 alter
582 1592 754 1642 habuit
799 1595 1027 1658 propiUS,
1074 1594 1197 1642 alter
1243 1595 1505 1658 remotiuS,
1555 1609 1651 1657 quo
1691 1609 1790 1642 non

109 1668 270 1731 inpari
317 1666 572 1716 velocitate
620 1666 761 1715 ambo
811 1666 1091 1715 currebant.
1167 1666 1310 1715 Aliud
1358 1672 1434 1715 est
1482 1673 1645 1715 autem
1692 1682 1789 1715 am-

107 1739 237 1804 plius
285 1741 388 1788 viae
436 1742 710 1806 peregisse,
757 1739 888 1788 aliud
936 1739 1124 1788 tardius
1171 1739 1459 1788 ambulasse.
1538 1738 1633 1797 Qui
1672 1755 1788 1804 ergo
1822 1751 1878 1792 20

108 1829 266 1877 usque
322 1813 381 1861 ad
428 1820 639 1863 mortem
684 1813 1002 1877 productiora
1049 1814 1203 1877 spatia
1242 1814 1478 1876 temporis
1519 1814 1636 1879 agit,
1691 1829 1790 1861 non

110 1887 292 1936 lentius
330 1888 507 1952 pergit,
547 1886 632 1935 sed
663 1885 775 1950 plus
814 1887 1007 1935 itineris
1047 1886 1256 1935 conficit.
1332 1885 1487 1934 Porro
1529 1887 1571 1934 si
1610 1902 1669 1935 ex
1707 1886 1790 1934 illo

109 1961 318 2024 quisque
367 1961 540 2024 incipit
586 1961 732 2025 mori,
779 1959 872 2008 hoc
924 1966 999 2008 est
1039 1974 1148 2008 esse
1186 1961 1238 2008 in
1278 1965 1456 2025 morte,
1504 1975 1562 2008 ex
1603 1975 1700 2024 quo
1739 1961 1791 2008 in

108 2033 191 2082 illo
239 2035 315 2097 agi
366 2034 586 2098 coeperit
630 2034 736 2097 ipsa
782 2048 937 2100 morS,
983 2032 1032 2081 id
1079 2038 1156 2082 est
1193 2034 1318 2082 vitae
1358 2033 1595 2082 detractio
1637 2028 1792 2100 (quia,

111 2122 228 2156 cum
267 2106 569 2156 detrahendo
609 2106 744 2155 finita
784 2106 955 2172 fuerit,
1001 2113 1113 2171 post
1151 2112 1362 2155 mortem
1400 2108 1497 2155 iam
1536 2108 1651 2173 erit,
1691 2121 1790 2155 non
1822 2114 1879 2154 25

113 2181 164 2229 in
203 2175 410 2245 morte):
459 2180 704 2246 profect0,
752 2195 811 2228 ex
851 2195 947 2243 quo
989 2195 1097 2228 esse
1137 2181 1309 2244 incipit
1346 2181 1398 2227 in
1436 2179 1529 2228 hoc
1569 2195 1791 2246 corpore,

109 2255 161 2302 in
193 2260 350 2303 morte
385 2259 474 2302 est.
553 2252 679 2310 Quid
712 2255 842 2302 enim
875 2253 1003 2301 aliud
1044 2252 1218 2302 diebus
1257 2253 1392 2301 horis
1431 2255 1789 2317 momentisque

111 2326 318 2391 singulis
358 2328 531 2391 agitur,
571 2326 728 2375 donec
767 2341 822 2375 ea
863 2333 1152 2392 consumpta
1190 2341 1339 2390 mors,
1379 2341 1502 2390 quae
1542 2326 1791 2391 agebatur,

109 2400 387 2466 impleatur,
426 2406 474 2448 et
506 2401 706 2464 incipiat
735 2401 831 2448 iam
862 2406 1057 2464 tempus
1089 2415 1196 2449 esse
1228 2406 1342 2464 post
1380 2406 1602 2464 mortem,
1643 2399 1789 2463 quod,

111 2489 225 2522 cum
270 2475 367 2522 vita
414 2473 781 2539 detraheretur,
828 2479 932 2522 erat
982 2475 1031 2521 in
1072 2470 1265 2522 morte?
1325 2472 1600 2535 Numquam
1639 2474 1789 2535 igitur
1821 2477 1878 2521 30

111 2547 163 2594 in
209 2548 306 2596 vita
351 2546 498 2595 homo
549 2552 645 2611 est,
702 2561 762 2594 ex
809 2562 906 2610 quo
955 2553 1031 2595 est
1076 2548 1127 2595 in
1166 2548 1260 2595 isto
1302 2559 1509 2609 corpore
1549 2547 1788 2593 moriente

111 2621 277 2683 potius
310 2634 455 2684 quam
485 2621 692 2685 vivente,
734 2621 775 2668 si
815 2626 864 2668 et
902 2621 953 2668 in
992 2621 1090 2669 vita
1130 2625 1179 2668 et
1217 2621 1268 2667 in
1307 2624 1465 2666 morte
1507 2617 1652 2667 simul
1692 2632 1789 2666 non

192 2789 363 2891 ¹32Al{)e
402 2789 501 2834 vita
539 2789 830 2845 mortalium,
875 2803 991 2845 quae
1024 2803 1146 2834 mors
1180 2824 1190 2833 .
1226 2823 1234 2832 .
1268 2790 1339 2832 est
1369 2802 1393 2832 v
1430 2789 1447 2843 ΙΙ
1492 2792 1547 2832 28
1581 2802 1789 2831 consum-

113 2861 192 2890 ma
214 2861 242 2891 a
