2004 3162
306 160 341 211 2

307 299 550 350 seramus,
601 292 649 333 et
696 286 743 332 in
794 283 1053 332 duodecim
1098 282 1457 349 posterioribus
1505 281 1858 346 redarguamus
1904 297 1946 332 a!
1987 302 1994 319 ι

307 373 460 406 versa,
532 357 799 406 Duodecim
833 372 949 421 ergo
982 357 1222 406 librorum
1247 357 1560 420 sequentium
1583 356 1730 420 primi
1754 363 1863 420 quai

307 432 563 479 continent
595 436 821 479 exortum
853 430 1061 479 duarum
1094 432 1360 495 civitatum,
1400 444 1607 493 quarum
1647 435 1724 478 est
1761 443 1856 478 una

306 503 459 553 altera
505 503 652 553 huius
711 503 903 569 mundi3
955 503 1159 553 secundi
1210 510 1442 568 quattuor
1498 517 1762 552 excursum
1816 518 1853 551 c

247 587 274 634 5
306 579 408 625 sive
441 592 757 642 procursum3
797 578 932 626 tertii
963 592 1095 643 ver0,
1135 579 1220 641 qui
1253 584 1301 625 et
1331 578 1585 642 postremi,
1626 575 1817 625 debitos
1848 577 1874 623 ι’

306 651 377 699 Ita
402 665 571 699 omnes
596 651 768 714 viginti
794 658 842 698 et
873 650 969 699 duo
1002 649 1128 717 libri,
1169 666 1282 699 cum
1314 652 1412 699 sint
1443 649 1502 699 de
1542 657 1752 714 utraque
1793 651 1878 698 civ·-

306 725 595 789 conscripti,
635 723 832 772 titulum
871 730 1034 772 tamen
1074 739 1101 772 a
1139 724 1339 773 meliore
1381 730 1692 789 acceperunt,
1731 729 1786 772 ut
1824 725 1861 772 d

307 799 461 846 vitate
503 798 601 845 Dei
640 798 806 861 potius
854 803 1160 846 vocarentur.
1254 797 1309 846 In
1364 812 1575 861 quorum
1622 797 1814 846 decimo

307 885 406 918 non
446 869 616 919 debuit
654 885 744 934 pro
785 869 1019 919 miraculo
1066 872 1183 935 poni
1222 872 1273 918 in
1313 870 1533 918 Abrahae
1574 871 1813 920 sacrificio
1852 869 1923 918 ssas
1989 895 2004 916 ι.

220 954 275 992 10
308 958 437 992 mam
462 943 665 992 caelitus
699 943 874 992 factam
906 945 1037 992 inter
1068 943 1247 992 divisas
1277 945 1498 992 victimas
1531 940 1829 1010 cucurrisse,
1868 957 1953 1007 qut

303 1018 438 1071 niam
463 1016 555 1065 hoc
579 1016 647 1065 illi
681 1018 730 1064 in
756 1018 941 1065 visione
967 1023 1294 1066 monstratum
1319 1023 1409 1066 est.
1480 1016 1535 1072 lu
1561 1019 1770 1082 septimo
1796 1016 1954 1084 decin,
1985 1029 2004 1070 ε·

306 1088 432 1138 libro
480 1090 610 1153 quod
651 1089 836 1138 dictum
884 1095 960 1138 est
1006 1089 1066 1138 de
1115 1089 1364 1139 Samuele:
1417 1092 1526 1139 Non
1582 1096 1697 1140 erat
1750 1091 1813 1140 de
1859 1092 1945 1151 fii,
1987 1119 1997 1147 4-

305 1160 504 1228 Αὰνοη,
553 1162 814 1211 dicendum
860 1164 1025 1227 potius
1073 1164 1185 1213 suit:
1239 1163 1348 1212 Non
1389 1170 1494 1212 erat
1533 1164 1662 1213 filius
1702 1162 1953 1212 sacerdot„
2001 1166 2004 1171 '

305 1235 455 1285 Filios
489 1237 670 1300 quippe
704 1236 1017 1285 sacerdotum
1057 1237 1306 1286 defunctis
1347 1236 1687 1287 sacerdotibus
1719 1235 1956 1286 succeder
1990 1255 2000 1299 j«

215 1319 275 1359 15
309 1311 462 1372 magis
502 1309 706 1373 legitimi
753 1311 904 1358 moris
951 1310 1058 1359 fuit.
1135 1309 1257 1359 Nam
1295 1312 1347 1359 in
1386 1310 1497 1359 filiis
1536 1311 1697 1360 Aaron
1737 1311 1956 1375 reperitu
1999 1369 2004 1382 Ι

306 1389 447 1446 pater
479 1381 735 1447 SamueliS,
774 1382 859 1431 sed
894 1383 1124 1432 sacerdos
1155 1399 1254 1432 non
1295 1384 1401 1450 fuit,
1441 1399 1532 1433 nec
1571 1386 1639 1433 ita
1677 1386 1728 1434 in
1767 1383 1894 1450 filiis,
1931 1398 1956 1432 ι]
1999 1391 2004 1446 j

306 1470 420 1504 eum
459 1457 565 1520 ipse
605 1457 834 1520 genuerit
865 1456 1040 1523 Aaron,
1073 1457 1159 1506 sed
1192 1459 1321 1506 sicut
1351 1473 1523 1507 omnes
1555 1457 1686 1507 illius
1716 1456 1885 1523 populi
1916 1455 1957 1505 di

306 1535 489 1579 cuntur
536 1529 622 1578 filii
660 1528 826 1578 Israel.
910 1529 1014 1578 Hoc
1047 1546 1171 1596 opus
1212 1533 1282 1579 sic
1322 1532 1517 1596 incipit:
1569 1533 1956 1582 Gloriosissimat
2002 1582 2004 1586 ,

298 1605 558 1652 civitatem
592 1604 690 1652 Dei
718 1610 810 1652 etc.

424 1762 466 1815 s)
500 1760 547 1804 C.
581 1764 622 1805 8.
687 1761 758 1816 13)
791 1760 838 1805 C.
873 1766 912 1804 5.
