2020 3122
480 150 548 182 DE
571 149 812 183 CIVITATF
835 150 925 182 DEI
949 151 989 182 L.
1014 152 1080 183 IX.
1107 152 1143 184 C.
1170 154 1221 186 19.
1247 155 1299 185 20.
1326 155 1379 186 21.
1670 142 1778 195 395

95 261 226 326 quod
258 260 470 310 diximus
503 275 736 325 cogamur
774 277 1036 327 exponere,
1077 278 1188 311 eum
1214 266 1460 327 possimus
1493 265 1778 330 angelorum

94 337 292 384 nomine
339 333 554 383 adhibito
603 334 808 383 eandem
855 335 1199 401 offensionem,
1247 352 1370 400 quae
1419 340 1615 388 nomine
1666 339 1775 388 dae-

93 423 296 458 monum
334 409 440 457 fieri
480 413 694 474 poterat,
735 405 956 456 evitare?

761 593 956 648 CAPUT
986 594 1103 649 XX.

141 702 218 751 De
255 704 500 763 qualitate
537 704 794 762 scientiae,
834 717 966 763 quae
1005 704 1271 752 daemones
1308 705 1550 766 superbos
1584 703 1729 764 facit.
1811 713 1837 754 5

243 805 548 869 Quamquam
600 807 746 854 etiam
785 808 890 870 ipsa
931 807 1067 870 origo
1107 805 1254 855 huius
1295 808 1530 872 nominiS,
1580 809 1622 855 si
1661 807 1778 855 divi-

93 894 183 928 nos
229 881 511 928 intueamur
557 878 732 946 libros,
787 879 969 943 aliquid
1016 879 1175 928 adfert
1222 882 1501 944 cognitione
1554 880 1778 944 dignissi—

95 968 245 1001 mum.
310 951 583 1002 Daemones
616 955 749 1002 enim
780 953 1015 1002 dicuntur
1033 948 1290 1020 (quoniam
1323 953 1615 1003 vocabulum
1633 953 1778 1002 Grae-

98 1042 213 1075 cum
259 1022 357 1092 est)
406 1026 465 1075 ab
514 1028 719 1075 seientia
766 1028 1017 1076 nominati.
1093 1026 1356 1091 Apostolus
1397 1034 1561 1076 autem
1602 1029 1779 1092 spiritu

46 1139 58 1145 ,
98 1106 266 1149 saneto
298 1099 494 1149 locutus
526 1102 614 1149 ait:
654 1101 882 1150 Scientia
921 1103 1079 1161 inflat,
1119 1103 1315 1150 caritas
1353 1116 1472 1151 vero
1513 1103 1780 1161 aedificat;
1815 1111 1868 1150 10

97 1172 230 1238 quod
283 1180 419 1223 recte
474 1173 616 1223 aliter
673 1189 773 1222 non
827 1173 1153 1239 intellegitur,
1207 1176 1304 1223 nisi
1354 1176 1611 1224 scientiam
1661 1181 1780 1224 tuno

94 1246 360 1314 prodesse,
406 1263 520 1296 cum
567 1250 745 1296 caritas
792 1249 942 1313 inest3
990 1250 1096 1297 sine
1143 1248 1235 1297 hae
1282 1254 1446 1297 autem
1485 1248 1680 1308 inflare,
1730 1248 1781 1296 id

94 1327 172 1370 est
210 1323 261 1369 in
312 1320 595 1386 superbiam
639 1323 954 1370 inanissimae
1003 1323 1144 1385 quasi
1182 1323 1491 1371 ventositatis
1530 1321 1780 1371 extollere.

94 1393 184 1444 Est
237 1409 355 1459 ergo
408 1396 459 1444 in
514 1394 836 1444 daemonibus
886 1397 1092 1444 scientia
1138 1396 1244 1444 sine
1292 1398 1519 1460 caritate,
1575 1402 1623 1444 et
1669 1395 1779 1444 ideo

95 1475 196 1517 tam
234 1467 404 1533 inflati,
442 1468 536 1517 hoc
576 1475 652 1518 est
691 1475 790 1518 tam
830 1467 1033 1533 superbi
1073 1476 1203 1535 sunt,
1243 1476 1299 1518 ut
1336 1469 1551 1518 honores
1590 1469 1780 1518 divinos
1815 1478 1867 1516 15

95 1549 145 1590 et
190 1541 444 1606 religionis
491 1545 802 1608 servitutem,
862 1557 1010 1607 quam
1061 1558 1176 1591 vero
1227 1541 1328 1591 Deo
1380 1542 1551 1592 deberi
1602 1545 1781 1607 sciunt,

94 1614 188 1664 sibi
232 1617 349 1664 satis
399 1618 592 1680 egerint
640 1615 882 1681 exhiberi,
930 1623 979 1665 et
1028 1622 1264 1680 quantum
1313 1624 1524 1680 possunt
1563 1622 1614 1665 et
1652 1616 1781 1681 apud

94 1704 218 1753 quos
258 1695 466 1753 possunt
505 1689 664 1739 adhuc
704 1697 860 1755 agant.
938 1689 1120 1738 Contra
1159 1689 1440 1754 superbiam
1479 1705 1629 1755 porro
1669 1690 1779 1739 dae-

95 1778 319 1828 monum,
375 1778 470 1827 qua
519 1779 611 1828 pro
663 1765 854 1812 meritis
903 1762 1251 1828 possidebatur
1300 1779 1456 1828 genus
1495 1763 1781 1829 humanum,

98 1834 188 1885 Dei
211 1835 476 1901 humilitaS,
517 1852 640 1901 quae
679 1839 731 1886 in
757 1836 952 1886 Christo
993 1839 1234 1902 apparuit,
1274 1844 1507 1901 quantam
1544 1839 1780 1886 virtutem
1813 1845 1868 1885 20

97 1908 287 1975 habeat,
327 1911 514 1959 animae
548 1909 804 1960 hominum
842 1911 1071 1959 nesciunt
1110 1911 1405 1959 inmunditia
1443 1910 1668 1959 elationis
1706 1912 1778 1959 in·

96 1982 252 2049 flatae,
292 1983 612 2033 daemonibus
652 1983 836 2033 similes
877 1983 1123 2050 superbia,
1162 1999 1262 2032 non
1301 1986 1519 2033 scientia.

752 2142 945 2196 CAPUT
977 2142 1121 2196 XXI.

235 2248 318 2296 Ad
352 2263 495 2310 quem
535 2251 734 2299 modum
773 2250 1015 2299 Dominus
1054 2250 1270 2299 voluerit
1306 2250 1632 2298 daemonibus

775 2326 1102 2373 innotescere.
1811 2328 1865 2366 25

245 2424 344 2489 Ipsi
376 2433 540 2474 autem
580 2425 842 2474 daemones
884 2427 1030 2475 etiam
1069 2425 1163 2474 hoe
1203 2427 1270 2474 ita
1309 2426 1487 2490 sciunt,
1526 2433 1580 2473 ut
1621 2423 1777 2472 eidem

52 2554 55 2557 .
98 2495 303 2546 Domino
343 2499 624 2548 infirmitate
675 2501 836 2547 earnis
876 2499 1048 2548 induto
1089 2498 1325 2548 dixerint:
1381 2500 1516 2558 Quid
1551 2499 1693 2547 nobis
1732 2501 1779 2544 et

216 2627 289 2681 10)
323 2630 362 2669 1.
396 2624 497 2670 Cor.
529 2629 571 2682 8,
607 2631 644 2671 1.

216 2764 241 2801 9
275 2758 332 2801 ob
365 2757 607 2802 scientiam
636 2772 662 2802 v
702 2760 717 2815 ΙΙ
753 2763 806 2802 15
840 2757 889 2800 id
920 2758 991 2801 est
1021 2771 1047 2801 v
1086 2759 1101 2812 ΙΙ
1135 2762 1186 2801 17
1222 2756 1333 2800 satis
1365 2753 1544 2811 egerint
1576 2751 1779 2818 CAKR·

98 2816 353 2872 sategerint
382 2831 408 2860 v
440 2819 455 2872 ΙΙ
491 2821 542 2860 18
575 2819 719 2874 agant
748 2816 846 2860 AF
853 2834 866 2868 ‚·
899 2817 1044 2874 agunt
1075 2815 1150 2859 Kv
1182 2818 1198 2870 ΙΙ
1229 2819 1285 2858 20
1318 2813 1397 2869 qui
1430 2813 1502 2868 011
1525 2812 1574 2855 in
1606 2811 1777 2855 ehnsto

101 2874 326 2928 GAK²F‚·
355 2874 404 2919 in
435 2875 582 2919 forma
615 2875 738 2920 serui
767 2875 864 2919 K¹v
