2020 3122
167 573 193 611 5

141 941 196 981 10

142 1309 195 1349 15

141 1765 197 1807 20

143 2192 199 2231 25

144 2558 200 2599 30

228 145 333 197 136
899 153 932 186 S.
957 153 1231 188 Aueuszrnu

224 267 405 333 populo
446 266 679 332 dividere,
719 281 843 330 quos
882 264 1113 315 nobilitas
1152 281 1413 331 perperam
1451 264 1746 330 possidebat.
1810 264 1908 314 Sed

224 344 320 390 iam
359 347 601 390 vetustam
647 341 957 404 iniquitatem
1004 339 1185 389 audere
1234 339 1509 388 convellere
1548 338 1907 404 periculosissi-

225 430 383 481 mum,
438 416 588 462 immo
628 428 769 479 vero,
824 420 878 462 ut
924 428 1006 462 res
1045 414 1150 478 ipsa
1190 413 1379 480 docuit,
1431 413 1909 478 perniciosissimum

225 489 331 538 fuit.
410 487 545 545 Quae
570 487 745 541 funera
783 487 910 536 facta
941 493 1071 552 sunt,
1110 501 1224 536 cum
1261 488 1400 551 prior
1424 485 1675 535 Gracchus
1715 487 1911 535 occisus

226 560 321 611 est!
371 576 496 626 quae
526 563 712 625 etiam,
760 575 874 610 cum
920 560 1044 609 alius
1092 561 1244 609 frater
1285 561 1391 609 eius
1432 575 1531 609 non
1570 560 1715 624 longo
1755 561 1909 608 inter-

224 636 386 700 posito
411 633 659 699 tempore!
698 633 869 698 Neque
894 635 1027 683 enim
1064 633 1256 698 legibus
1296 641 1346 683 et
1384 633 1556 682 ordine
1594 639 1911 699 potestatum,

227 708 311 758 sed
359 707 519 758 turbis
567 721 925 772 armorumque*
967 707 1277 757 conflictibus
1331 707 1520 756 nobiles
1566 705 1907 772 ignobilesque

226 781 543 832 necabantur.
619 781 738 830 Post
785 780 992 830 Gracchi
1039 780 1241 830 alterius
1287 781 1685 830 interfectionem
1722 779 1909 830 Lucius

227 855 450 921 Opimius
505 855 701 921 consul,
755 856 840 919 qui
894 854 1130 903 adversus
1185 869 1299 903 eum
1353 856 1481 903 intra
1534 853 1718 903 Urbe-m
1773 868 1910 903 arma

229 935 559 979 commoverat
596 943 753 992 eoque
794 942 908 977 cum
941 929 1086 976 sociis
1119 943 1356 992 oppresso
1396 934 1446 976 et
1484 930 1700 977 extincto
1738 929 1909 992 ingen-

227 1012 327 1053 tem
381 1003 561 1052 civium
614 1009 828 1066 stragem
882 1001 1092 1066 fecerat,
1147 1016 1260 1051 cum
1314 1003 1652 1066 quaestionem
1704 1001 1911 1051 haberet

226 1078 323 1125 iam
361 1075 616 1125 iudiciaria
661 1076 982 1139 inquisitione
1030 1082 1224 1125 ceteros
1262 1090 1597 1141 persequenS,
1643 1076 1738 1124 tria
1777 1075 1910 1124 milia

226 1150 482 1199 hominum
530 1149 769 1198 occidisse
817 1147 1123 1214 perhibetur.
1200 1148 1274 1198 Ex
1321 1164 1418 1214 quo
1466 1149 1685 1214 intellegi
1730 1156 1911 1216 potest,

229 1229 461 1288 quantam
499 1222 866 1272 multitudinem
912 1224 1147 1272 mortium
1200 1221 1383 1272 habere
1422 1225 1642 1288 potuerit
1680 1221 1911 1272 turbidus

228 1297 487 1347 conflictus
543 1311 824 1362 armorum,
885 1297 1081 1361 quando
1136 1304 1320 1346 tantam
1380 1296 1553 1346 habuit
1610 1297 1909 1346 iudiciorum

230 1370 362 1420 velut
395 1371 665 1420 examinata
697 1371 926 1435 cognitio.
1003 1370 1278 1420 Percussor
1303 1369 1511 1420 Gracchi
1550 1372 1707 1435 ipsius
1747 1378 1910 1437 caput,

229 1451 467 1509 quantum
507 1459 651 1508 grave
691 1451 818 1510 erat,
857 1450 993 1494 tanto
1034 1446 1141 1493 auri
1179 1445 1398 1509 pondere
1438 1443 1630 1494 consuli
1668 1444 1912 1511 vendidit3

228 1517 349 1568 haec
405 1519 535 1567 enim
585 1520 747 1582 pactio
803 1517 1003 1568 caedem
1054 1526 1411 1583 praecesserat.
1503 1518 1559 1567 In
1614 1533 1710 1583 qua
1763 1520 1912 1568 etiam

230 1593 424 1641 occisus
463 1599 540 1641 est
579 1606 691 1641 cum
730 1591 900 1640 liberis
938 1591 1133 1641 Marcus
1172 1591 1374 1641 Fulvius
1414 1591 1702 1642 consularis,

873 1748 1071 1803 CAPUT
1103 1749 1271 1804 XXV.

229 1859 306 1909 Be
345 1859 471 1908 aede
510 1858 825 1908 Concordiae
863 1872 929 1907 ex
966 1863 1171 1907 senatus
1210 1861 1434 1908 consulto
1474 1860 1526 1908 in
1565 1860 1673 1908 loco
1711 1859 1912 1908 seditio-

706 1946 824 1981 num
863 1937 912 1981 et
949 1933 1183 1982 caedium
1225 1932 1446 1981 condita.

377 2033 602 2098 Eleganti
641 2049 757 2082 sane
799 2041 998 2083 senatus
1039 2034 1264 2084 consulto
1305 2050 1362 2084 eo
1403 2036 1511 2100 ipso
1549 2034 1673 2100 1000,
1712 2033 1798 2083 ubi
1836 2034 1911 2083 fu·

231 2121 414 2156 nereus
454 2107 695 2156 tumultus
733 2107 814 2156 ille
855 2109 1149 2157 commissus
1188 2115 1279 2173 est,
1318 2107 1405 2157 ubi
1443 2116 1516 2158 tot
1554 2110 1685 2157 cives
1725 2107 1914 2158 ordinis

234 2182 476 2244 cuiusque
510 2180 813 2247 ceciderunt,
853 2181 999 2230 aedes
1033 2180 1333 2230 Concordiae
1375 2182 1501 2231 facta
1541 2189 1630 2248 est,
1670 2187 1726 2231 ut
1765 2181 1912 2230 Grac-

232 2253 439 2302 chorum
492 2269 680 2318 poenae
734 2255 876 2303 testis
930 2256 1321 2304 contionantium
1367 2255 1537 2305 oculos
1585 2255 1758 2304 feriret
1811 2270 1912 2303 me-

231 2328 535 2390 moriamque
588 2334 957 2391 compungeret.
1037 2327 1133 2376 Sed
1173 2327 1266 2377 hoc
1307 2328 1424 2393 quid
1464 2328 1595 2378 aliud
1634 2328 1727 2377 fuit
1766 2343 1913 2392 quam

230 2402 402 2449 inrisio
458 2399 689 2467 deorum,
750 2400 819 2450 illi
867 2400 985 2449 deae
1033 2401 1272 2466 templum
1318 2409 1632 2468 construere,
1694 2416 1818 2465 quae
1871 2403 1914 2451 si

232 2480 364 2523 esset
401 2475 453 2522 in
491 2475 702 2540 civitate,
741 2488 839 2523 non
872 2475 1021 2523 tantis
1061 2474 1453 2524 dissensionibus
1493 2474 1756 2524 dilacerata
1796 2490 1912 2524 con-

231 2543 436 2596 rueret?
473 2546 578 2596 Nisi
602 2547 728 2596 forte
754 2546 955 2596 sceleris
994 2547 1142 2596 huius
1181 2563 1265 2596 rea
1291 2547 1578 2611 Concordia,
1618 2549 1730 2612 quia
1770 2547 1910 2597 dese-

231 2627 402 2670 ruerat
447 2623 636 2670 animos
685 2622 887 2687 civium,
941 2622 1125 2669 meruit
1171 2623 1223 2670 in
1269 2621 1350 2670 illa
1398 2621 1516 2670 aede
1564 2629 1810 2686 tamquam
1858 2623 1911 2670 in
1976 2680 1993 2684 ,

351 2767 375 2806 2
408 2762 503 2806 iam
527 2775 640 2816 mss,·
671 2764 770 2806 tam
795 2776 820 2806 v
844 2764 936 2819 1127
970 2763 1022 2806 in
1053 2763 1149 2807 cod.
1179 2763 1225 2805 A
1257 2775 1357 2806 cum
1387 2763 1459 2806 hic
1489 2763 1652 2816 folium
1683 2763 1914 2816 exciderit,

234 2822 370 2865 verba
409 2821 530 2876 „Sed
560 2822 650 2866 hoc
683 2820 833 2877 quid“
873 2821 1168 2877 excipiuntur
1207 2821 1352 2865 verbis
1390 2821 1477 2878 „de
1510 2821 1785 2865 erudelitate
1818 2833 1914 2864 cer—

231 2879 379 2923 tavi&
410 2884 533 2934 (141,
564 2884 643 2936 13)
