2020 3122
263 148 374 200 354
937 156 972 190 s.
996 155 1269 190 AUGUSTINI

260 287 395 337 pore,
436 271 518 319 sed
555 270 710 319 electo
742 272 791 319 in
826 270 1058 318 auxilium
1098 268 1198 317 Deo
1239 285 1353 318 vero
1394 271 1472 334 pia
1512 276 1676 319 mente
1717 270 1942 321 facillime

262 352 511 409 superant.
590 344 684 392 Sed
719 343 884 392 multis
917 343 1056 408 plane
1097 345 1468 407 participatione
1510 359 1653 392 verae
1693 344 1945 408 religionis

263 418 478 482 indignis
518 426 764 482 tamquam
805 420 960 481 captis
1000 416 1307 479 subditisque
1349 417 1685 484 dominantur,
1733 433 1944 482 quorum

263 494 500 540 maximae
546 494 674 556 parti
721 490 1026 540 mirabilibus
1074 497 1122 538 et
1169 489 1422 538 fallacibus
1463 491 1615 554 signis
1654 493 1755 540 sive
1795 492 1944 541 facto-

202 576 228 615 5
263 581 371 614 rum
413 568 513 614 sive
561 565 925 630 praedictorum
983 564 1101 612 deos
1142 578 1193 611 se
1235 578 1342 611 esse
1382 571 1751 628 persuaserunt.
1829 565 1946 622 Qui-

260 639 467 688 busdam
500 655 615 688 vero
648 640 760 687 vitia
795 653 967 687 eorum
1001 637 1247 700 aliquanto
1288 636 1536 686 adtentius
1576 644 1625 686 et
1665 638 1945 703 diligentius

260 713 567 762 intuentibus
615 728 713 761 non
765 717 1036 776 potuerunt
1081 710 1380 774 persuadere
1430 711 1558 775 quod
1607 711 1674 760 dii
1715 715 1835 778 sint,
1874 719 1944 762 at·

261 802 355 850 que
404 789 534 835 iuter
582 786 700 834 deos
749 793 796 834 ct
843 785 1066 832 homines
1114 785 1445 832 internuntios
1495 799 1550 833 ac
1589 784 1945 835 beneficiorum

259 862 588 924 inpetratores
637 875 687 908 se
737 874 844 907 esse
892 859 1162 922 finxeruntg
1211 859 1252 905 si
1299 864 1462 906 tamen
1511 874 1607 907 non
1656 861 1805 908 istum
1853 860 1944 909 sal·

181 944 232 983 10
266 942 363 982 tem
405 933 641 981 honorem
676 932 901 980 homines
943 933 1014 979 eis
1055 930 1378 980 deserendum
1418 939 1671 998 putarunt,
1712 935 1796 997 qui
1835 933 1945 982 illos

263 1023 355 1055 nec
388 1007 505 1055 deos
538 1022 646 1054 esse
681 1005 962 1070 credebant⁷
1003 1006 1114 1068 quia
1148 1005 1299 1053 malos
1339 1005 1582 1072 videbant,
1622 1006 1740 1055 deos
1781 1015 1945 1056 autem

259 1090 430 1129 omnes
478 1079 631 1128 bonos
679 1078 927 1145 volebant,
975 1094 1066 1127 nec
1115 1078 1360 1128 audebant
1413 1085 1576 1128 tamen
1631 1082 1830 1129 omnino
1869 1082 1942 1130 in·

258 1154 431 1218 dignos
479 1154 643 1202 dicere
697 1152 883 1201 honore
925 1153 1110 1219 divino,
1158 1154 1364 1201 maxime
1406 1168 1467 1201 ne
1507 1153 1814 1203 offenderent
1858 1170 1943 1219 po-

257 1228 415 1293 pulos7
455 1243 478 1275 a
521 1226 700 1291 quihus
735 1228 805 1274 eis
845 1226 1115 1275 cernebant
1153 1228 1423 1275 inveterata
1463 1229 1815 1292 superstitione
1853 1243 1944 1293 per

171 1312 224 1350 15
258 1308 331 1350 tot
372 1316 508 1350 sacra
549 1307 598 1350 et
635 1300 817 1364 templa
856 1302 1044 1349 serviri.

884 1486 1079 1541 CAPUT
1111 1487 1311 1540 XXIII.

268 1597 402 1654 Quid
437 1597 646 1645 Hermes
692 1596 1041 1656 Trismeyistus
1081 1597 1143 1644 de
1184 1597 1426 1644 idolatria
1465 1598 1682 1644 senserit
1719 1603 1769 1646 et
1807 1599 1942 1647 unde

354 1672 489 1719 scire
522 1673 747 1732 potuerit
783 1671 1163 1731 superstitiones
1202 1670 1478 1732 Aeqyptias
1518 1668 1844 1731 auferendas,

406 1772 525 1821 Nam
575 1773 766 1821 diversa
813 1773 872 1821 de
920 1772 1015 1820 illis
1054 1771 1262 1820 Hermes
1301 1771 1582 1838 Aegyptius,
1621 1788 1769 1837 quem
1808 1774 1940 1823 Tris-

172 1856 226 1894 20
260 1848 502 1909 megiston
551 1854 747 1912 vocant,
797 1848 952 1895 sensit
1000 1853 1048 1894 et
1087 1847 1300 1910 scripsit.
1378 1845 1613 1910 Apuleius
1653 1849 1782 1896 enim
1822 1847 1941 1897 deos

255 1921 452 1983 quidem
484 1920 591 1968 illos
623 1928 790 1986 negat3
832 1920 915 1968 sed
951 1935 1061 1968 cum
1103 1920 1222 1968 dicit
1260 1921 1325 1967 ita
1366 1921 1497 1968 inter
1534 1919 1760 1969 homines
1799 1921 1938 1970 deos-

256 2009 349 2057 que
399 1994 605 2057 quadam
653 1994 914 2042 medietate
968 1995 1176 2058 versari,
1222 1999 1279 2041 ut
1318 1992 1600 2042 hominibus
1639 1994 1767 2058 apud
1806 1996 1941 2060 ipsos

255 2067 373 2114 deos
424 2069 689 2116 necessarii
739 2068 1017 2133 videantur,
1066 2066 1253 2116 cultum
1314 2081 1486 2114 eorum
1536 2082 1562 2115 a
1610 2082 1940 2131 supernorum

259 2140 464 2188 deorum
499 2140 733 2204 religione
767 2156 866 2189 non
899 2147 1106 2205 separat.
1183 2139 1267 2188 llle
1309 2147 1473 2189 autem
1512 2140 1779 2205 Aegyptius
1818 2142 1940 2191 alios

173 2223 227 2262 ‘25
263 2213 380 2261 deos
422 2229 529 2262 esse
570 2214 688 2262 dicit
728 2230 753 2262 a
793 2229 984 2262 summo
1026 2213 1125 2262 Deo
1167 2215 1344 2279 sactOS,
1384 2213 1504 2262 alios
1544 2213 1603 2262 ab
1643 2214 1938 2265 hominibus.

259 2286 363 2335 Hoc
405 2289 488 2350 qui
528 2287 682 2353 audit,
723 2289 850 2336 sicut
890 2303 914 2335 a
955 2303 1032 2335 me
1072 2290 1287 2352 positum
1327 2294 1425 2353 est,
1462 2293 1602 2351 putat
1641 2287 1738 2336 dici
1776 2288 1835 2337 de
1876 2291 1938 2338 si·

259 2361 504 2426 mulacris‚
544 2363 656 2425 quia
689 2377 835 2426 opera
877 2368 992 2410 sunt
1030 2376 1265 2410 manuum
1305 2360 1582 2426 hominum3
1621 2369 1670 2409 at
1706 2361 1787 2410 ille
1826 2363 1937 2411 visi-

258 2434 371 2482 bilia
397 2441 446 2483 et
479 2434 846 2483 contrectabilia
880 2435 1139 2483 simulacra
1172 2434 1304 2483 velut
1335 2449 1541 2498 corpora
1582 2434 1787 2483 deorum
1827 2450 1937 2484 esse

258 2510 454 2574 asserit3
502 2510 665 2557 inesse
718 2516 880 2556 autem
920 2508 996 2556 his
1036 2508 1272 2572 quosdam
1313 2509 1516 2571 spiritus
1554 2509 1804 2574 invitatos,
1852 2510 1937 2573 qui

166 2593 221 2631 30
256 2581 446 2631 valeant
495 2581 676 2646 aliquid
726 2584 825 2630 sive
873 2581 930 2629 ad
978 2581 1255 2630 nocendum
1295 2582 1395 2628 sive
1436 2579 1493 2628 ad
1536 2580 1778 2630 desideria
1817 2597 1937 2630 non-

253 2655 383 2704 nulla
439 2655 726 2720 complenda
781 2670 976 2720 eorum,
1031 2670 1056 2702 a
1104 2654 1284 2718 quihus
1334 2655 1405 2701 eis
1445 2653 1594 2702 divini
1633 2653 1846 2703 honores
1884 2661 1954 2713 et>

253 2729 415 2778 cultus
438 2729 689 2808 ‘obsequia
739 2729 1045 2777 deseruntur.
1122 2727 1223 2776 Hos
1264 2741 1381 2790 ergo
1421 2729 1626 2791 spiritus
1664 2727 1933 2776 invisibiles

372 2891 425 2930 19
458 2884 778 2942 trismegiston
810 2885 880 2939 F,·
913 2883 1269 2940 Trismegistum
1299 2897 1326 2926 v
