2020 3122
221 149 329 201 294
907 157 941 191 S.
966 158 1242 192 Aeeus'rnu

221 273 375 322 solem
415 287 523 321 esse
564 271 818 336 dixerunt,
865 269 1165 335 Dianamque
1206 286 1486 335 germanam
1526 273 1634 320 eius
1674 271 1899 320 similiter

219 346 385 395 lunam
440 352 489 394 et
542 347 730 394 viarum
785 343 1061 409 praesidem
1111 339 1264 411 (unde
1321 351 1370 393 et
1423 346 1660 409 virginem
1716 344 1900 410 volunt,

220 419 349 484 quod
375 421 451 467 via
475 418 597 467 nihil
626 413 823 485 pariat),
865 424 913 467 et
939 418 1055 467 -ideo
1088 418 1257 468 ambos
1290 420 1490 482 sagittas
1529 417 1727 484 habere,
1767 417 1899 482 quod

217 495 325 557 ipsa
363 492 460 541 duo
512 492 674 541 sidera
720 491 779 540 de
820 491 953 540 caelo
993 492 1157 541 radios
1195 500 1354 541 terras
1394 507 1552 556 usque
1591 491 1900 556 pertendant.

161 558 492 616 5'Vulcanum
538 565 707 615 volunt
752 567 916 630 ignem
963 565 1154 631 mundi,
1201 565 1486 631 Neptunum
1525 580 1675 630 aquas
1714 564 1901 631 mundi,

218 639 380 689 Ditem
418 646 633 706 patrem,
670 638 764 688 hoc
805 646 880 688 est
920 638 1121 705 Oreum,
1159 646 1410 689 terrenam
1450 646 1498 688 et
1536 639 1752 688 infimam
1790 654 1899 704 par-

219 722 319 763 tem
366 713 551 762 mundi.
628 712 862 762 Liberum
903 719 951 762 et
991 712 1224 762 Cererem
1262 712 1575 778 praeponunt
1614 712 1900 778 seminibus,

219 787 295 836 vel
347 786 487 836 illum
541 787 849 849 masculiniS,
902 786 1033 835 illam
1074 787 1344 852 femininis3
1397 786 1471 835 vel
1517 786 1655 836 illum
1700 786 1900 853 liquori,

218 860 351 909 illam
381 876 497 909 vero
531 859 744 909 ariditati
775 861 1033 908 seminum.
1109 859 1171 909 Et
1202 859 1296 909 hoc
1337 861 1507 924 utique
1548 866 1707 909 totum
1746 860 1899 910 refer-

136 945 191 984 10
222 942 305 983 tur
352 934 410 983 ad
457 933 723 999 mundum,
770 932 819 982 id
859 940 936 982 est
975 932 1033 981 ad
1071 933 1262 999 Iovem,
1314 936 1399 997 qui
1437 940 1699 998 propterea
1739 933 1900 983 dictus

220 1015 294 1057 est
332 1009 656 1073 „progenitor
702 1002 1078 1073 genetrixque“,
1125 1007 1255 1071 quod
1303 1009 1465 1056 omnia
1511 1009 1696 1056 semina
1748 1023 1806 1056 ex
1847 1023 1898 1056 se

219 1082 468 1130 emitteret
514 1087 563 1129 et
608 1082 659 1129 in
700 1096 752 1129 se
792 1082 1052 1145 reciperet.
1131 1080 1336 1138 Quando
1377 1081 1576 1145 quidem
1617 1083 1764 1130 etiam
1802 1080 1898 1129 Ma-

218 1164 347 1203 trem
393 1155 616 1219 Magnam
663 1154 868 1203 eandem
909 1153 1142 1203 Cererem
1180 1154 1373 1220 volunt,
1426 1154 1732 1219 quam-nihil
1771 1154 1900 1204 aliud

219 1228 390 1278 dicunt
430 1244 538 1277 esse
580 1243 725 1292 quam
765 1235 972 1294 terram,
1012 1244 1217 1293 eamque
1257 1228 1522 1293 perhibent
1560 1235 1610 1278 et
1649 1228 1901 1295 Iunonem,

133 1312 186 1351 15
220 1309 270 1351 et
318 1301 428 1351 ideo
477 1304 522 1350 ei
569 1302 810 1351 secundas
858 1317 1029 1351 causas
1075 1317 1244 1352 rerum
1284 1301 1535 1369 tribuunt,
1585 1317 1698 1351 eum
1737 1309 1901 1352 tamen

221 1375 322 1424 Iovi
381 1378 444 1424 sit
507 1375 692 1424 dictum
753 1377 1084 1441 „progenitor
1137 1378 1459 1440 genetrixque
1515 1376 1663 1426 deum
1679 1371 1732 1443 “,
1789 1377 1902 1440 quia

223 1449 495 1498 secundum
551 1464 635 1498 eos
689 1455 823 1498 totus
877 1451 982 1514 ipse
1031 1449 1244 1498 mundus
1293 1456 1368 1499 est
1418 1450 1558 1499 Iovis.
1634 1449 1900 1498 Minervam

220 1524 390 1589 etiam,
439 1523 553 1586 quia
600 1538 706 1571 eam
754 1523 980 1572 humanis
1028 1523 1215 1572 artibus
1261 1530 1658 1588 praeposuerunt
1697 1539 1788 1572 nec
1828 1525 1900 1572 in-

219 1602 464 1646 venerunt
495 1595 571 1645 vel
603 1595 811 1660 stellam,
850 1595 935 1645 ubi
968 1611 1075 1646 eam
1114 1604 1370 1663 ponerent,
1410 1597 1616 1646 eandem
1655 1596 1730 1646 vel
1770 1612 1901 1647 sum-

132 1680 188 1720 20
221 1684 355 1718 mum
409 1669 608 1719 aethera
662 1670 738 1719 vel
792 1672 939 1718 etiam
991 1670 1157 1719 lunam
1212 1686 1320 1719 esse
1376 1670 1622 1720 dixerunt.
1705 1670 1902 1720 Vestam

220 1758 415 1807 quoque
478 1745 634 1808 ipsam
695 1750 958 1808 propterea
1020 1743 1223 1794 dearum
1278 1747 1537 1793 maximam
1590 1751 1902 1810 putaverunt,

220 1817 350 1881 quod
389 1818 495 1881 ipsa
534 1819 598 1866 sit
637 1825 792 1884 terra,
844 1819 1064 1882 quamvis
1103 1820 1268 1882 ignem
1308 1819 1478 1867 mundi
1520 1818 1777 1885 leviorem,
1816 1820 1903 1882 qui

218 1892 435 1954 pertinet
475 1891 534 1940 ad
575 1906 694 1940 usus
734 1890 991 1940 hominum
1030 1891 1212 1958 facileS,
1251 1907 1349 1940 non
1389 1891 1744 1957 violentiorem,
1784 1906 1901 1956 qua-

217 1963 277 2012 lis
316 1963 519 2013 Vulcani
558 1970 648 2030 est,
687 1966 733 2013 ei
771 1964 1106 2029 deputandum
1147 1980 1255 2014 esse
1297 1965 1628 2015 crediderunt.
1705 1966 1773 2014 Ao
1811 1980 1902 2030 per

133 2046 188 2086 25
220 2036 314 2086 hoc
347 2052 517 2086 omnes
550 2039 671 2086 istos
711 2038 921 2087 selectos
961 2038 1080 2087 deos
1118 2039 1251 2091 hunc
1292 2054 1400 2088 esse
1441 2038 1680 2088 mundum
1719 2038 1902 2102 volunt,

218 2112 270 2159 in
309 2110 603 2174 quibusdam
642 2113 950 2178 universum,
997 2114 1047 2160 in
1088 2111 1382 2177 quibusdam
1419 2120 1586 2178 partes
1626 2114 1754 2177 eius;
1792 2113 1900 2161 uni-

218 2198 417 2232 versum
465 2186 594 2233 sicut
632 2185 818 2251 Iovem,
857 2191 1023 2250 partes
1065 2187 1194 2252 eius,
1234 2194 1288 2236 ut
1328 2185 1563 2252 Genium,
1603 2194 1658 2235 ut
1695 2185 1902 2235 Matrem

221 2256 470 2323 Magnam,
523 2263 579 2306 ut
633 2257 797 2307 Solem
853 2265 901 2307 et
940 2257 1156 2325 Lunam,
1209 2259 1286 2308 vel
1335 2261 1501 2324 potius
1540 2258 1815 2325 Apollinem
1853 2266 1902 2307 et

220 2329 436 2379 Dianam.
513 2330 576 2380 Et
613 2331 872 2395 aliquando
913 2348 1068 2381 unum
1107 2333 1254 2382 deum
1293 2349 1374 2382 res
1411 2333 1604 2400 plures,
1642 2332 1901 2396 aliquando

135 2415 191 2454 30
222 2419 370 2453 unam
426 2419 532 2453 rem
594 2405 711 2454 deos
773 2405 942 2469 plures
998 2407 1197 2456 faciunt.
1274 2407 1396 2455 Nam
1450 2422 1580 2456 unus
1635 2405 1758 2455 deus
1819 2421 1901 2454 res

218 2477 387 2542 plures
440 2484 578 2544 sunt,
626 2480 754 2527 sicut
799 2480 904 2543 ipse
952 2478 1194 2546 Iuppiter,
1247 2488 1296 2529 et
1342 2479 1557 2529 mundus
1597 2481 1727 2528 enim
1767 2485 1901 2528 totus

218 2550 454 2617 Iuppiter,
493 2557 542 2601 et
574 2551 733 2601 solum
774 2551 963 2601 caelum
994 2552 1231 2620 Iuppiter,
1271 2560 1319 2602 et
1359 2553 1461 2602 sola
1501 2552 1641 2602 stella
1679 2552 1900 2617 Iuppiter

217 2624 428 2674 habetur
476 2631 525 2674 et
571 2625 773 2691 dieitur3
821 2627 1038 2689 itemque
1085 2626 1207 2675 Iuno
1255 2626 1587 2676 secundarum
1636 2640 1894 2675 causarum

217 2697 411 2747 domina
444 2705 494 2748 et
517 2698 638 2749 Iuno
671 2713 755 2748 aer
794 2706 842 2748 et
882 2699 1003 2748 Iuno
1043 2706 1175 2748 terra
1215 2706 1278 2766 et,
1317 2702 1358 2749 si
1383 2699 1625 2749 Venerem
1663 2701 1900 2763 vinceret,

339 2889 393 2928 18
427 2885 507 2940 qui
537 2885 587 2928 F
606 2888 621 2942 ΙΙ
646 2889 700 2929 28
732 2886 785 2929 ut
814 2886 975 2929 lunam
1006 2886 1107 2929 KF
