2020 3122
545 155 611 187 DE
637 152 877 188 οῙνῙΤΑΤΕ
900 154 989 188 nm
1013 154 1055 187 L.
1078 155 1145 188 1v.
1169 154 1208 189 c.
1232 155 1286 190 15.
1311 156 1363 188 16.
1694 141 1800 195 165

116 270 211 335 pia,
250 283 349 318 non
379 270 562 334 iniqua,
599 267 807 316 Romani
829 267 1093 331 imperium
1132 272 1231 315 tam
1269 280 1498 332 magnum
1540 266 1801 330 adquirere

117 350 409 410 potuerunt,
454 341 694 406 numquid
740 346 988 405 tamquam
1043 339 1203 404 aliqua
1243 340 1333 389 dea
1373 339 1575 389 colenda
1616 347 1691 390 est
1730 341 1802 390 eis

118 419 266 466 etiam
297 418 532 481 iniquitas
565 411 756 464 aliena?
794 413 1002 463 Multum
1042 414 1174 462 enim
1213 413 1270 462 ad
1311 416 1456 463 istam
1494 413 1801 464 latitudinem

118 492 315 556 imperii
347 505 454 540 eam
487 495 797 554 cooperatam
829 488 1068 554 videmuS,
1108 501 1232 551 quae
1273 486 1482 536 faciebat
1520 489 1801 554 iniurioSOS,

118 572 175 615 ut
206 571 374 614 essent
405 579 518 613 cum
554 563 734 627 quibus
776 563 906 612 iusta
937 561 1063 610 bella
1105 568 1400 625 gererentur
1445 567 1494 610 et
1535 568 1801 626 augeretur
1833 571 1859 610 5

117 639 393 704 imperium.
471 636 571 687 Cur
603 643 767 686 autem
799 642 848 685 et
885 637 1120 700 iniquitas
1159 634 1248 683 dea
1287 650 1386 683 non
1427 636 1490 683 sit
1528 635 1604 684 vel
1643 642 1802 685 exter—

117 727 293 763 narum
333 712 576 777 gentium,
625 712 666 760 si
704 709 862 759 Pavor
903 715 951 759 et
988 708 1151 758 Pallor
1191 715 1240 758 et
1278 707 1451 757 Febris
1492 709 1558 756 dii
1597 708 1803 758 Romani

121 801 228 836 esse
260 780 593 835 meruerunt?
668 783 756 833 His
789 785 940 848 igitur
980 781 1187 849 duabus,
1225 782 1274 832 id
1316 789 1391 832 est
1430 782 1587 831 aliena
1626 784 1803 847 iniqui-

118 867 218 910 tate
244 866 293 909 et
317 858 407 908 dea
430 857 660 924 Victoria,
700 858 818 907 dum
848 856 1093 907 bellorum
1125 871 1297 906 causas
1335 856 1570 920 iniquitas
1612 858 1805 922 excitat,

117 932 332 983 Victoria
373 931 541 981 eadem
581 931 707 981 bella
745 930 956 981 feliciter
995 931 1249 996 terminat,
1289 931 1436 979 etiam
1476 929 1650 980 feriato
1690 930 1802 979 Iove
1838 938 1893 980 10

121 1009 275 1056 crevit
313 1007 589 1072 imperium.
668 1005 799 1063 Quas
833 1007 964 1054 enim
1002 1004 1083 1053 hic
1122 1010 1288 1069 partes
1327 1003 1548 1069 Iuppiter
1586 1003 1807 1069 hrheret,

121 1095 233 1130 cum
274 1095 345 1146 ea,
385 1094 508 1144 quae
549 1085 754 1144 possent
791 1078 1029 1128 beneficia
1069 1079 1176 1127 eius
1214 1079 1401 1143 putari,
1441 1077 1507 1126 dii
1547 1077 1807 1144 habentur,

122 1154 188 1203 dii
227 1160 482 1219 vocantur,
522 1153 589 1202 dii
622 1152 869 1218 coluntur,
907 1154 1003 1217 ipsi
1041 1167 1132 1216 pro
1172 1153 1275 1200 suis
1314 1151 1539 1216 partibus
1578 1153 1804 1200 invocan-

119 1224 238 1278 tur?
276 1225 493 1275 Haberet
531 1226 611 1275 hic
645 1232 808 1275 autem
842 1227 988 1275 etiam
1026 1224 1108 1274 ille
1149 1223 1361 1289 aliquam
1398 1232 1606 1291 partem,
1646 1226 1688 1274 si
1711 1224 1804 1274 Re-

121 1316 272 1366 gnum
305 1301 451 1349 etiam
482 1301 588 1365 ipse
622 1299 967 1365 appellaretur,
999 1301 1128 1347 sicut
1160 1298 1433 1364 appellatur
1464 1298 1546 1348 illa
1576 1297 1806 1348 Victoria.
1842 1307 1896 1347 15

121 1374 218 1424 Aut
250 1375 292 1423 si
323 1389 532 1439 regnum
558 1389 740 1423 munus
773 1379 848 1423 est
879 1372 1022 1440 IoviS,
1057 1387 1146 1422 cur
1179 1387 1278 1421 non
1311 1379 1360 1421 et
1392 1373 1595 1422 victoria
1627 1387 1808 1422 munus

124 1450 228 1498 eius
269 1444 545 1497 habeatur?
601 1446 742 1506 Quod
782 1446 1007 1512 profecto
1045 1445 1336 1513 haberetur,
1378 1447 1419 1495 si
1458 1461 1558 1495 non
1596 1446 1718 1512 lapis
1757 1448 1808 1495 in

125 1521 363 1587 Capitolio
374 1561 390 1587 ,
430 1521 516 1570 sed
563 1536 712 1570 verus
752 1537 840 1569 rex
880 1536 1054 1586 regum
1095 1527 1144 1570 et
1184 1520 1412 1570 dominus
1452 1519 1807 1570 dominantium

126 1601 510 1661 cognosceretur
549 1602 694 1660 atque
738 1594 999 1645 coleretur.

780 1796 974 1852 CAPUT
1004 1795 1151 1851 XVI.
1841 1809 1899 1853 20

131 1906 264 1965 Quid
287 1904 451 1967 fuerit
482 1907 620 1967 quod
640 1906 861 1955 Romani
890 1906 1118 1954 omnibus
1149 1905 1301 1954 rebus
1333 1910 1382 1954 et
1412 1904 1639 1962 omnibus
1669 1906 1809 1955 moti-

222 1981 313 2029 bus
354 1981 471 2029 deos
508 1982 732 2041 sinyulos
773 1981 1069 2042 deputantes
1109 1980 1284 2028 aedem
1331 1979 1523 2038 Quietis
1562 1982 1714 2029 extra

641 2058 821 2116 portas
861 2067 968 2102 esse
1006 2055 1283 2102 voluerunt.

270 2155 423 2204 Miror
447 2163 612 2205 autem
643 2155 927 2222 plurimum,
968 2155 1114 2221 quod,
1154 2170 1268 2204 cum
1299 2155 1418 2204 deos
1452 2154 1671 2221 singulos
1711 2156 1807 2206 sin-

125 2228 251 2294 gulis
297 2228 449 2279 rebus
497 2236 546 2279 et
591 2244 746 2294 paene
795 2227 1000 2294 singulis
1046 2228 1262 2279 motibus
1310 2228 1674 2295 adtribuerent,
1727 2244 1806 2277 vo·
1841 2238 1897 2279 25

126 2309 360 2352 caverunt
411 2302 551 2353 deam
598 2304 913 2370 Agenoriam,
966 2318 1090 2368 quae
1146 2303 1206 2352 ad
1260 2303 1502 2368 agendum
1560 2305 1810 2370 excitaret,

126 2375 264 2425 deam
313 2375 591 2444 Stimulam,
646 2392 770 2443 quae
817 2376 876 2426 ad
924 2376 1166 2442 agendum
1213 2376 1343 2427 ultra
1389 2377 1589 2426 modum
1639 2378 1808 2426 stimu-

125 2447 270 2517 laret,
319 2450 459 2500 deam
505 2451 764 2518 Murciam,
814 2466 937 2516 quae
976 2457 1174 2516 praeter
1213 2450 1413 2500 modum
1453 2466 1551 2499 non
1590 2455 1810 2499 moveret

128 2537 182 2571 ac
220 2524 405 2574 faceret
442 2525 714 2591 hominem,
753 2531 809 2574 ut
849 2526 915 2574 ait
952 2524 1270 2591 PomponiuS,
1308 2523 1602 2590 murcidum,
1642 2523 1691 2572 id
1731 2529 1807 2571 est

126 2597 293 2646 nimis*
310 2597 611 2648 desidiosum
644 2606 694 2649 et
731 2600 1058 2664 inactuosum,
1097 2598 1238 2647 deam
1272 2597 1532 2662 Streniam,
1573 2611 1696 2661 quae
1737 2596 1803 2644 fa·
1836 2605 1894 2646 30

130 2676 264 2720 ceret
303 2678 577 2740 strenuum,
616 2673 692 2722 his
733 2672 962 2722 omnibus
1003 2671 1096 2721 diis
1137 2678 1185 2721 et
1225 2671 1410 2720 deabus
1434 2669 1629 2735 publica
1669 2684 1805 2718 sacra

127 2741 288 2793 facere
337 2753 687 2814 susceperunt,
743 2745 970 2804 Quietem
1018 2760 1134 2795 vero
1189 2744 1488 2810 appellantes
1500 2782 1514 2806 ,
1563 2758 1686 2807 quae
1738 2743 1804 2791 sa-

247 2886 317 2943 18)
348 2886 490 2944 Apoc.
526 2893 595 2944 19,
628 2893 697 2932 16.
