2020 3122
135 986 187 1026 10

136 1413 188 1451 15

131 2516 187 2554 3⁴)

224 102 329 154 376
910 112 945 146 S.
972 111 1246 146 AUGUSTINI

222 226 328 291 lege
361 225 652 290 puniendos,
691 231 741 273 et
773 225 966 273 miseris
1007 225 1112 272 sine
1144 225 1370 272 miseriae
1411 226 1748 289 compassione
1789 225 1904 274 sub·

223 301 440 365 veniant,
488 304 537 346 et
575 297 968 363 periclitantibus
1009 299 1101 365 eiS,
1143 312 1266 362 quos
1307 297 1542 364 diligunt,
1582 299 1687 347 sine
1726 300 1905 348 timore

224 371 551 438 opitulentur3
600 378 649 420 et
688 378 852 420 tamen
890 372 1098 420 istarum
1138 372 1335 420 nomina
1374 373 1658 435 passionum
1698 387 1906 433 consue-

225 447 393 495 tudine
446 445 710 495 locutionis
764 445 1005 494 humanae
1046 446 1191 494 etiam
1231 446 1281 492 in
1323 459 1407 493 eos
1447 451 1753 510 usurpentur
1791 461 1903 511 pro·

222 527 333 584 pter
366 519 609 583 quandam
642 534 849 584 operum
882 518 1269 583 similitudinem,
1307 533 1408 566 non
1447 524 1652 583 propter
1691 520 1904 568 affectio-

222 609 340 642 num
394 594 748 659 infirmitatem,
805 595 934 642 sicut
972 594 1077 657 ipse
1125 591 1255 641 Deus
1312 592 1585 641 secundum
1631 595 1903 658 scripturas

222 669 477 733 irascitur,
529 682 620 716 nec
676 674 840 716 tamen
890 665 986 715 ulla
1032 667 1259 730 passione
1312 665 1553 715 turbatur.
1629 665 1733 715 Hoc
1774 668 1904 715 enim

222 740 426 790 verbum
473 741 714 790 vindictae
762 741 1017 804 usurpavit
1065 739 1291 804 effectuS,
1338 754 1437 788 non
1476 739 1608 788 illius
1651 739 1904 789 turbulen-

224 823 302 863 tus
343 816 560 864 affectus

900 971 1095 1025 CAPUT
1126 971 1218 1025 VI.

233 1081 418 1137 Quibus
445 1080 764 1140 passionibus
797 1081 1063 1128 daemones
1096 1081 1363 1138 confitente
1395 1079 1604 1141 Apuleio
1644 1082 1905 1141 exaqe'ten-

267 1161 363 1212 tur,
405 1167 617 1213 quorum
657 1168 748 1215 ope
787 1155 1010 1202 homines·
1049 1154 1191 1214 apud
1227 1154 1345 1201 deos
1384 1156 1569 1202 asserit
1607 1155 1858 1202 adiuvari.

370 1255 476 1312 Qua
499 1257 698 1304 interim
723 1255 782 1304 de
817 1257 998 1304 sanctis
1031 1254 1215 1320 angelis
1249 1256 1536 1319 quaestione
1570 1255 1714 1304 dilata
1747 1256 1904 1305 videa-
1972 1287 1973 1290 =

223 1344 331 1378 mus
379 1344 525 1392 quem
577 1329 635 1377 ad
683 1329 882 1378 modum
934 1329 1099 1378 dicant
1137 1328 1376 1377 Platonici
1416 1327 1603 1377 medios
1644 1330 1906 1378 daemones

221 1405 350 1451 inter
383 1402 501 1451 deos
535 1409 583 1451 et
614 1402 838 1451 homines
879 1405 1175 1451 constitutos
1214 1403 1322 1450 istis
1362 1404 1647 1466 passionum
1688 1403 1906 1453 aestibus

222 1476 475 1525 fluctuare.
555 1476 607 1524 Si
639 1478 770 1524 enim
803 1483 965 1525 mente
1006 1476 1065 1524 ab
1104 1476 1181 1524 his
1220 1475 1374 1524 libera
1415 1477 1583 1539 eisque
1625 1477 1905 1526 dominante

223 1556 384 1599 motus
423 1549 630 1599 huiusce
671 1550 803 1598 modi
841 1556 1146 1615 paterentur,
1186 1564 1285 1597 non
1327 1564 1410 1598 eos
1452 1549 1640 1598 diceret
1671 1550 1906 1614 Apuleius

222 1622 367 1671 simili
400 1630 536 1672 motu
571 1623 733 1672 cordis
767 1630 816 1673 et
856 1623 955 1673 salo
996 1625 1175 1672 mentis
1214 1638 1303 1687 per
1344 1638 1514 1671 omnes
1555 1625 1904 1688 cogitationum

222 1704 386 1745 aestus
442 1697 696 1746 fluctuare.
773 1697 881 1762 Ipsa
936 1699 1087 1762 igitur
1134 1711 1275 1745 mens
1324 1712 1518 1761 eorum,
1574 1697 1621 1745 id
1670 1705 1746 1747 est
1791 1713 1906 1762 pars

225 1772 372 1818 animi
413 1772 661 1836 superior,
703 1786 798 1835 qua
837 1771 1099 1819 rationales
1140 1776 1282 1836 sunt,
1319 1772 1370 1819 in
1412 1786 1507 1834 qua
1546 1773 1702 1820 virtus
1743 1777 1792 1820 et
1832 1787 1904 1820 sa-

220 1845 425 1910 pientia,
474 1846 515 1892 si
564 1844 661 1893 ulla
700 1846 771 1893 eis
812 1851 965 1911 esset,
1012 1843 1324 1909 passionibus
1365 1843 1665 1902 turbulentis
1704 1845 1904 1894 inferio-

222 1932 332 1965 rum
381 1920 529 1966 animi
575 1920 790 1982 partium
830 1918 1059 1983 regendis
1102 1917 1512 1981 moderandisque
1554 1917 1906 1985 dominaretur,

227 2017 288 2023 -
331 1994 450 2058 ipsa,
489 1994 712 2057 inquam,
752 2007 892 2041 mens
931 2007 1127 2058 eorum,
1168 1993 1296 2040 sicut
1334 1993 1427 2040 iste
1467 1991 1750 2041 Platonicus
1790 2008 1903 2041 con-

222 2064 411 2130 fitetur,
460 2064 559 2113 salo
606 2065 1036 2130 perturbationum
1083 2065 1304 2114 fluctuat.
1385 2064 1617 2114 Subiecta
1664 2072 1740 2115 est
1786 2081 1902 2130 ergo
1959 2062 1962 2065 ’

222 2153 360 2186 mens
393 2139 687 2187 daemonum
725 2139 1037 2203 passionibus
1077 2138 1335 2187 libidinum
1368 2139 1686 2188 formidinum
1718 2141 1904 2188 irarum

220 2219 366 2275 atque
399 2212 603 2260 huiusce
637 2213 769 2261 modi
801 2215 994 2262 ceteris.
1066 2213 1199 2270 Quae
1233 2214 1385 2276 igitur
1417 2228 1530 2276 pars
1563 2214 1614 2260 in
1647 2214 1717 2261 eis
1750 2212 1903 2261 libera

221 2292 297 2333 est
336 2300 634 2349 composque
687 2288 978 2353 sapientiae,
1027 2302 1121 2350 qua
1168 2286 1394 2350 placeant
1433 2286 1526 2334 diis
1567 2293 1615 2335 et
1655 2286 1714 2334 ad
1752 2285 1902 2335 bono-

222 2373 332 2406 rum
356 2373 549 2407 morum
577 2359 946 2408 similitudinem
970 2359 1251 2409 hominibus
1278 2359 1551 2426 consulant,
1592 2374 1704 2409 cum
1731 2375 1901 2409 eorum

223 2447 360 2480 mens
391 2434 675 2496 passionum
708 2435 836 2482 vitiis
870 2432 1125 2497 subiugata
1167 2440 1216 2482 et
1255 2449 1506 2498 oppressa,
1548 2433 1785 2497 quidquid
1826 2448 1900 2481 ra-

223 2507 368 2554 tionis
401 2506 689 2555 naturaliter
720 2506 881 2572 habet,
921 2507 979 2555 ad
1005 2506 1269 2555 fallendum
1303 2514 1351 2555 et
1383 2507 1728 2571 decipiendum
1767 2514 1903 2556 tanto

221 2581 382 2628 acrius
428 2579 671 2646 intendat,
719 2586 900 2643 quanto
951 2595 1055 2628 eam
1102 2582 1255 2644 magis
1301 2580 1522 2644 possidet
1571 2580 1780 2629 nocendi
1820 2596 1902 2628 cu-

220 2650 434 2716 piditas?

340 2783 412 2835 19>
446 2780 514 2824 De
548 2781 633 2824 deo
669 2781 791 2824 Socr.
826 2796 870 2836 p.
905 2786 973 2824 48.
