2020 3122
557 172 559 174 >
598 162 664 193 DE
689 160 926 194 CIVITATE
951 162 1039 193 DEI
1062 162 1106 194 L.
1132 162 1200 195 XI.
1227 161 1264 194 c.
1289 163 1321 196 5.
1699 152 1804 204 467

120 291 240 342 pore
281 273 398 338 quid
438 272 848 338 respondeamus,
889 273 1007 336 quid
1047 275 1142 338 ipsi
1172 274 1504 339 respondeant
1543 275 1603 324 de
1636 277 1806 326 mundi

119 351 243 400 loco,
319 347 391 396 Ita
433 348 562 395 enim
604 347 880 411 quaeritur,
929 362 1018 395 cur
1056 349 1220 411 potius
1269 356 1387 397 tunc
1427 358 1476 398 et
1516 365 1613 398 non
1665 358 1805 400 antea

119 425 277 473 factus
311 423 396 486 sit,
436 435 583 484 quem
615 419 673 467 ad
715 419 914 468 modum
955 422 1126 483 quaeri
1164 428 1351 487 potest,
1392 438 1481 471 cur
1520 422 1599 472 1116
1639 427 1804 488 potius

119 497 204 547 ubi
236 501 312 544 est
351 502 400 543 et
439 509 538 542 non
571 492 699 542 alibi.
761 492 883 541 Nam
923 494 965 541 si
1004 494 1193 542 infinita
1226 497 1379 558 spatia
1419 499 1656 561 temporis
1690 505 1800 547 ante

118 569 358 620 mundum
389 569 619 634 cogitant,
649 568 702 615 in
734 566 913 630 quibus
947 568 1019 615 eis
1052 582 1151 615 non
1183 567 1378 616 videtur
1403 568 1533 618 Deus
1566 570 1626 618 ab
1651 586 1799 635 opere

117 658 311 694 cessare
351 643 593 707 potuisse,
635 640 860 689 similiter
900 642 1118 705 cogitent
1158 648 1294 690 extra
1335 642 1574 691 mundum
1613 645 1802 694 infinita

117 719 273 783 spatia
311 716 556 781 locorum,
595 717 647 763 in
686 713 867 778 quibus
900 716 942 763 si
982 716 1242 779 quisquam
1282 715 1411 763 dicat
1443 731 1540 764 non
1580 720 1800 780 potuisse

115 806 286 841 vacare
329 789 742 854 Omnipotentem‚
781 803 945 836 nonne
986 803 1295 852 consequens
1335 790 1444 855 erit,
1485 797 1539 838 ut
1578 792 1800 839 innume-

117 864 298 915 rabiles
329 863 540 912 mundos
566 878 678 911 cum
712 861 927 926 Epicuro
962 864 1205 911 somniare
1231 869 1470 927 cogantur
1503 858 1585 930 (ea
1611 870 1801 913 tantum
1842 869 1845 873 ’

114 939 405 997 differentia,
446 937 577 1001 quod
609 952 694 985 eos
733 935 814 984 ille
854 936 1070 985 fortuitis
1102 935 1318 985 motibus
1351 943 1626 986 atomorum
1667 940 1800 1002 gigni
1838 947 1891 986 10

116 1014 292 1063 asserit
326 1017 375 1060 et
406 1011 600 1076 resolvi,
639 1011 722 1059 isti
754 1016 918 1059 autem
951 1025 1100 1074 opere
1132 1009 1219 1058 Dei
1253 1010 1406 1059 factos
1440 1011 1622 1060 dicturi
1647 1007 1804 1078 sunt),

118 1090 160 1136 si
207 1101 323 1135 eum
367 1099 457 1149 per
503 1082 918 1133 interminabilem
971 1085 1336 1133 inmensitatem
1391 1084 1616 1133 locorum
1669 1092 1803 1134 extra

116 1159 356 1210 mundum
405 1160 790 1222 circumquaque
837 1159 1113 1221 patentium
1163 1172 1334 1206 vacare
1386 1158 1656 1224 noluerint,
1712 1174 1803 1207 nec

117 1235 316 1284 eosdem
356 1232 592 1297 mundos,
641 1231 771 1296 quod
812 1233 958 1279 etiam
999 1232 1058 1280 de
1098 1233 1193 1280 isto
1235 1234 1477 1298 sentiunt,
1518 1232 1612 1280 ulla
1655 1248 1800 1281 causa

40 1360 42 1364 ,
113 1323 260 1374 posse
293 1303 526 1355 dissolvi?
586 1305 708 1354 Cum
740 1304 816 1353 his
850 1307 982 1353 enim
1014 1307 1217 1370 agimuS,
1251 1307 1334 1369 qui
1369 1313 1418 1354 et
1449 1305 1605 1354 Deum
1636 1308 1798 1354 incor-
1836 1316 1888 1354 15

113 1397 323 1447 poreum
363 1387 411 1429 et
450 1381 670 1428 omnium
709 1385 1025 1444 naturarum,
1066 1394 1190 1443 quae
1223 1394 1322 1427 non
1355 1387 1472 1428 sunt
1512 1379 1642 1443 quod
1682 1382 1803 1446 ipse,

115 1463 392 1505 creatorem
430 1452 690 1502 nobiscum
722 1453 964 1518 sentiunt3
1005 1452 1124 1501 alios
1165 1458 1329 1502 autem
1362 1455 1508 1502 nimis
1548 1453 1803 1518 indignum

113 1537 190 1579 est
236 1529 295 1577 ad
342 1530 486 1577 istam
536 1527 920 1591 disputationem
966 1526 1219 1590 religionis
1267 1526 1549 1592 admittere,
1596 1529 1802 1575 maxime

113 1603 247 1668 quod
279 1601 407 1666 apud
448 1616 548 1667 603,
588 1603 672 1664 qui
711 1599 879 1648 multis
919 1600 1012 1648 diis
1050 1615 1304 1649 sacrorum
1337 1600 1630 1664 obsequium
1671 1600 1801 1649 defe-

116 1677 328 1726 rendum
374 1681 571 1741 putant,
617 1676 701 1723 isti
745 1673 1065 1738 philosophos
1113 1681 1307 1723 ceteros
1356 1673 1606 1723 nobilitate
1656 1681 1800 1738 atque
1835 1684 1892 1724 20

117 1751 411 1800 auctoritate
444 1750 684 1813 vicerunt,
723 1762 823 1796 non
856 1747 917 1795 ob
951 1747 1095 1813 aliud,
1136 1749 1231 1796 nisi
1267 1749 1380 1811 quia
1418 1747 1564 1812 longo
1604 1747 1802 1811 quidem

112 1823 390 1888 interva110,
437 1837 610 1870 verum
649 1828 815 1870 tamen
859 1820 1063 1884 reliquis
1101 1822 1482 1885 propinquiores
1523 1827 1640 1869 sunt
1678 1823 1802 1869 veri-

113 1900 215 1947 tati.
291 1898 364 1945 An
405 1896 532 1944 forte
574 1894 898 1944 substantiam
943 1894 1053 1959 Dei,
1095 1909 1241 1958 quam
1279 1909 1371 1943 nec
1410 1894 1670 1943 includunt
1709 1910 1802 1942 nec

114 1971 445 2021 determinant
484 1984 575 2018 nec
616 1968 904 2018 distendunt
953 1968 1084 2034 1060,
1133 1967 1218 2016 sed
1261 1983 1387 2033 eam,
1428 1970 1557 2017 sicut
1600 1968 1660 2016 de
1699 1967 1800 2016 Deo

115 2047 299 2095 sentire
341 2043 543 2108 dignum
583 2050 679 2108 est,
718 2042 936 2090 fatentur
974 2043 1266 2106 incorporea
1304 2043 1582 2106 praesentia
1617 2041 1800 2106 ubique
1834 2055 1889 2094 25

117 2126 294 2184 totam,
341 2133 367 2165 a
406 2119 555 2166 tantis
602 2116 826 2165 locorum
866 2121 1004 2164 extra
1042 2115 1282 2164 mundum
1331 2117 1501 2180 spatiis
1547 2114 1800 2164 absentem

119 2208 228 2242 6336
270 2192 452 2240 dicturi
492 2196 628 2255 sunt,
677 2196 726 2238 et
764 2204 864 2238 uno
912 2195 1104 2238 tantum
1143 2195 1288 2253 atque
1337 2191 1386 2237 in
1436 2191 1799 2254 comparatione

116 2265 248 2315 illius
281 2266 536 2314 infinitatis
568 2271 668 2312 tam
699 2265 875 2327 exiguo
908 2262 1032 2328 1060,
1063 2265 1114 2311 111
1149 2278 1246 2327 quo
1278 2262 1493 2312 mundus
1528 2269 1616 2328 est,
1656 2278 1799 2311 occu-

117 2335 340 2404 patam?
378 2338 487 2386 Non
527 2339 702 2402 opinor
741 2352 826 2385 eos
866 2338 917 2385 in
955 2336 1076 2385 haec
1115 2336 1393 2401 vaniloquia
1430 2351 1798 2401 progressuros,

114 2412 239 2463 Cum
269 2414 421 2475 igitur
460 2427 615 2460 unum
648 2409 888 2460 mundum
927 2411 1117 2474 ingenti
1156 2410 1352 2475 quidem
1387 2410 1513 2458 mole
1546 2424 1799 2474 corporea,
1831 2424 1889 2463 30

114 2486 305 2535 finitum
345 2493 510 2535 tamen
551 2491 599 2533 et
637 2485 745 2533 loco
787 2499 876 2533 suo
918 2483 1299 2533 determinatum
1340 2491 1389 2533 et
1429 2489 1662 2548 operante
1696 2481 1796 2530 Deo

113 2559 296 2609 factum
351 2574 460 2608 6336
516 2559 704 2608 dicant:
760 2557 889 2622 quod
946 2557 1248 2622 respondent
1295 2557 1354 2606 de
1410 2558 1613 2605 infinitis
1661 2562 1797 2604 extra

114 2633 352 2682 mundum
391 2633 527 2699 10613,
568 2647 658 2681 cur
697 2633 748 2680 in
789 2633 859 2680 eis
900 2630 962 2679 ab
1002 2647 1150 2697 opere
1184 2631 1315 2680 Deus
1358 2636 1532 2696 cesset,
1572 2629 1664 2677 hoc
1705 2628 1798 2676 sibi

1834 579 1859 618 Οἱ

231 2837 259 2875 4
284 2831 323 2876 31
346 2845 428 2877 om.
455 2832 505 2875 F
523 2834 538 2890 ΙΙ
563 2838 588 2876 6
622 2832 835 2877 similiter
860 2846 969 2889 ergo
996 2846 1096 2888 cog.
1121 2831 1172 2874 F
1190 2832 1205 2887 11
1230 2836 1284 2874 27
1318 2831 1366 2874 111
1398 2827 1795 2886 comparationem

122 2889 166 2932 V
190 2895 312 2947 (110,
346 2896 430 2945 19;
460 2895 565 2946 133,
597 2895 653 2945 4‚·
684 2896 790 2946 470,
822 2896 876 2944 6;
908 2905 942 2936 c.
976 2896 1030 2935 11
1064 2892 1165 2945 fin.)

1419 2962 1510 3006 30*
