2020 3122
159 1103 212 1142 10

156 1471 209 1510 15

154 2205 209 2245 25

154 2574 209 2613 30

242 144 348 196 366
913 153 946 186 s.
971 152 1245 186 AUGUSTINI

241 267 334 315 diis
383 265 628 332 colebant,
678 266 830 315 fuisse
878 265 1225 330 plenissimam.
1305 263 1401 312 Sed
1450 262 1589 311 dolor
1629 262 1922 312 daemonum

241 356 330 405 per
362 355 476 389 eum
515 339 823 406 loquebatur,
863 341 948 403 qui
981 354 1093 388 suas
1133 339 1324 387 futuras
1355 351 1539 401 poenas
1573 335 1699 400 apud
1733 342 1922 385 sancto·

241 430 352 462 rum
391 421 663 478 martyrum
702 415 964 462 memorias
1004 414 1246 461 inminere
1286 409 1584 459 maerebant.
1660 409 1715 458 In
1755 409 1924 458 multis

243 489 372 536 enim
404 487 584 536 talibus
617 487 738 536 locis
770 493 1068 550 torquentur
1101 492 1149 534 et
1181 485 1480 534 confitentur
1505 490 1555 532 et
1586 482 1645 531 de
1678 484 1924 548 possessis

241 561 496 610 hominum
537 561 828 626 corporibus
869 562 1130 609 eiciuntur.

855 733 1046 787 CAPUT
1085 733 1311 786 XXVII.

241 843 318 891 De
349 844 492 891 modo
531 843 757 902 honori3‚
798 856 942 902 quem
980 842 1259 890 Christiani
1286 843 1599 903 martyribus
1631 842 1923 903 inpendunt.

389 945 490 993 Nec
523 951 685 993 tamen
719 959 808 992 nos
842 944 1027 993 eisdem
1060 943 1356 1009 martyribus
1396 943 1599 1011 templa,
1639 943 1925 1009 sacerdotia,

244 1034 381 1067 sacra
430 1024 479 1067 et
526 1019 762 1066 sacrificia
811 1020 1179 1084 constituimUS,
1235 1019 1466 1082 quoniam
1514 1033 1612 1066 non
1659 1019 1776 1083 ipsi,
1838 1017 1925 1066 sed

244 1092 375 1141 Deus
404 1094 587 1140 ‘eorum
627 1090 769 1140 nobis
820 1098 895 1140 est
934 1092 1079 1141 DeuS.
1156 1091 1467 1140 Honoramus
1508 1107 1623 1140 sane
1663 1092 1925 1140 memorias

243 1181 413 1214 eorum
461 1172 711 1229 tamquam
751 1172 1036 1214 sanctorum
1081 1166 1339 1214 hominum
1378 1165 1488 1231 Dei,
1536 1166 1619 1229 qui
1666 1179 1824 1229 usque
1865 1163 1925 1212 ad

241 1247 452 1288 mortem
493 1254 758 1303 corporum
797 1255 1001 1288 suorum
1050 1255 1140 1304 pro
1181 1241 1387 1288 veritate
1428 1245 1703 1306 certarunt,
1751 1244 1806 1287 ut
1852 1240 1924 1286 in-

241 1319 522 1362 notesceret
553 1327 666 1360 vera
699 1312 870 1376 religio
904 1313 1038 1361 falsis
1069 1314 1295 1377 fictisque
1329 1314 1588 1379 convictis3
1622 1311 1753 1376 quod
1779 1313 1924 1360 etiam

246 1389 286 1435 si
319 1388 405 1450 qui
437 1394 578 1435 antea
611 1386 903 1452 sentiebant,
935 1387 1153 1435 timendo
1187 1385 1536 1451 reprimebant.
1608 1385 1728 1443 Quis
1761 1391 1926 1434 autem

243 1459 427 1509 audivit
473 1459 732 1523 aliquando
780 1459 997 1508 fidelium
1047 1466 1258 1509 stantem
1306 1459 1614 1508 sacerdotem
1653 1459 1712 1507 ad
1759 1459 1925 1519 altare,

243 1535 390 1582 etiam
423 1549 573 1598 super
605 1539 828 1582 sanctum
862 1549 1042 1598 corpus
1074 1535 1304 1598 martyris
1337 1534 1396 1582 ad
1428 1532 1517 1581 Dei
1548 1533 1788 1581 honorem
1824 1531 1924 1581 cul-

241 1615 445 1670 tumque
480 1613 836 1667 constructum,
878 1607 1042 1656 dicere
1075 1609 1126 1657 in
1158 1606 1411 1671 precibus:
1452 1605 1616 1655 Offero
1656 1605 1746 1654 tibi
1779 1607 1925 1655 sacri-

241 1681 407 1729 ficium
453 1679 599 1729 Petre
647 1680 722 1728 vel
767 1680 917 1730 Paule
963 1681 1039 1729 vel
1087 1680 1348 1747 Cypriane,
1405 1695 1518 1729 cum
1578 1679 1705 1744 apud
1753 1694 1925 1728 eorum

245 1755 505 1802 memorias
547 1755 782 1802 offeratur
822 1754 945 1821 De0,
994 1756 1079 1818 qui
1119 1770 1203 1803 eos
1244 1760 1294 1803 et
1331 1754 1558 1802 homines
1597 1760 1647 1802 et
1685 1760 1927 1818 martyres

242 1828 360 1876 fecit
400 1834 449 1876 et
489 1829 672 1876 sanctis
713 1830 816 1876 suis
850 1828 1034 1892 angelis
1067 1827 1268 1877 caelesti
1307 1828 1495 1876 honore
1528 1828 1744 1893 sociavit,
1783 1833 1838 1875 ut
1871 1841 1924 1875 ea

242 1900 526 1949 celebritate
559 1908 608 1950 et
642 1900 741 1949 Deo
775 1918 891 1950 vero
925 1902 985 1950 de
1025 1901 1222 1950 illorum
1254 1903 1473 1950 victoriis
1512 1902 1693 1965 gratias
1725 1915 1925 1965 agamus

242 1982 291 2022 et
330 1989 419 2022 nos
460 1973 517 2022 ad
558 1976 880 2024 imitationem
920 1975 1090 2024 talium
1131 1989 1428 2024 coronarum
1469 1981 1614 2038 atque
1652 1974 1924 2039 palmarum

242 2047 416 2096 eodem
455 2050 678 2096 invocato
717 2051 768 2097 in
808 2049 1043 2098 auxilium
1084 2065 1143 2097 ex
1182 2048 1380 2097 illorum
1418 2049 1683 2096 memoriae
1723 2062 1924 2096 renova-

240 2122 373 2169 tione
400 2119 751 2170 adhortemur?
821 2122 1170 2186 Quaecumque
1209 2124 1359 2186 igitur
1398 2121 1694 2170 adhibentur
1731 2121 1924 2185 religio·

242 2209 412 2242 sorum
452 2193 688 2258 obsequia
734 2198 785 2244 in
824 2203 1096 2261 martyrum
1142 2196 1287 2262 lociS,
1335 2201 1622 2244 ornamenta
1661 2201 1778 2244 sunt
1822 2209 1922 2242 me-

241 2269 532 2334 moriarum,
583 2283 681 2316 non
730 2284 865 2318 sacra
912 2270 987 2318 vel
1037 2270 1274 2318 sacrificia
1319 2276 1631 2318 mortuorum
1675 2276 1924 2332 tamquam

242 2340 461 2390 deorum.
533 2341 842 2406 Quicumque
877 2344 1022 2391 etiam
1054 2343 1222 2407 epulas
1255 2358 1368 2391 suas
1402 2358 1460 2391 eo
1493 2342 1725 2390 deferunt
1764 2337 1922 2408 (quod

242 2414 442 2479 quidem
481 2430 508 2463 a
549 2413 838 2464 Christianis
881 2415 1169 2465 melioribus
1210 2431 1309 2464 non
1356 2417 1431 2482 fit,
1480 2422 1528 2464 et
1573 2417 1624 2464 in
1672 2414 1922 2479 plerisque

240 2495 489 2537 terrarum
515 2487 647 2537 nulla
671 2489 781 2538 talis
806 2496 881 2538 est
907 2484 1238 2556 consuetudo)
1264 2517 1335 2523 -—
1359 2496 1523 2538 tamen
1548 2490 1847 2553 quicumque
1874 2486 1923 2536 id

243 2562 450 2627 faciunt,
491 2577 612 2626 quas
653 2578 764 2611 cum
806 2565 1147 2629 apposuerint,
1188 2569 1330 2611 orant
1369 2570 1418 2611 et
1457 2562 1709 2628 auferunt,
1749 2567 1804 2610 ut
1842 2575 1920 2609 ve-

241 2641 444 2684 scantur
483 2634 558 2683 vel
605 2651 664 2684 ex
712 2638 783 2685 eis
833 2638 979 2685 etiam
1025 2634 1360 2700 indigentibus
1406 2635 1697 2701 largiantur,
1745 2635 1922 2683 sancti·

241 2709 378 2757 ficari
416 2708 510 2757 sibi
550 2723 631 2758 eas
663 2709 833 2759 volunt
869 2725 960 2774 per
999 2711 1174 2758 merita
1213 2716 1486 2774 martyrum
1522 2711 1575 2758 in
1605 2710 1803 2757 nomine
1837 2706 1920 2755 do·

360 2886 416 2924 30
449 2894 763 2936 quascumque
795 2880 912 2924 AK2
934 2882 949 2937 ΙΙ
974 2886 1026 2924 31
1061 2879 1323 2937 largiuntur
1354 2880 1399 2922 A
