2020 3122
564 151 632 182 DE
655 149 895 183 CIVITATE
918 151 1006 184 DEI
1029 153 1070 184 L.
1094 154 1203 186 vm.
1227 153 1264 186 c.
1289 156 1343 187 11.
1691 145 1797 197 337

123 262 221 312 Sed
268 258 529 325 diligenter
576 268 840 326 supputata
885 269 1166 328 temporum
1211 267 1358 327 ratio,
1406 281 1530 330 quae
1570 267 1800 317 chronica

118 335 324 386 historia
363 336 660 400 continetur,
696 334 950 384 Platonem
990 336 1173 386 indicat
1211 353 1236 387 a
1275 346 1514 406 tempore,
1552 356 1649 405 quo
1687 357 1798 406 pro·

115 409 334 474 phetavit
386 407 659 456 Hieremias
671 448 685 473 ,
740 415 940 458 centum
994 411 1150 458 ferme
1203 427 1356 460 annos
1411 420 1580 477 postea
1631 422 1798 464 natum

115 483 293 548 fuisse3
335 483 420 546 qui
445 497 558 531 cum
590 483 838 546 octoginta
871 489 920 531 et
957 498 1113 531 unum
1151 485 1366 550 vixisset,
1405 486 1463 534 ab
1503 502 1631 536 anno
1671 503 1802 537 mor·-

115 557 180 606 tis
218 557 327 604 eius
367 570 526 619 usque
566 555 626 603 ad
664 555 714 604 id
753 562 965 621 tempuS,
1004 571 1101 620 quo
1127 556 1438 607 Ptolomaeus
1477 575 1564 608 rex
1595 562 1800 626 Aegypti
1830 571 1856 611 5

113 630 390 694 scripturas
439 628 754 694 propheticas
805 631 967 693 gentis
1020 629 1359 680 Hebraeorum
1398 632 1458 680 de
1498 633 1675 682 Iudaea
1713 650 1797 699 po·

64 705 66 707 ’
114 705 276 768 poscit
314 709 364 752 et
402 717 492 767 per
531 704 839 767 septuaginta
878 704 1010 752 viros
1042 702 1308 769 HebraeoS‚
1348 707 1433 768 qui
1472 708 1617 755 etiam
1651 707 1796 756 Grae-

40 834 43 838 ,
112 791 219 826 cam
266 776 484 840 linguam
530 783 791 843 noverant,
838 777 1235 841 interpretandas
1273 777 1619 843 habendasque
1660 795 1798 829 cura-

114 851 200 915 vit,
238 851 355 899 anni
385 851 705 914 reperiuntur
738 851 891 899 ferme
934 853 1198 915 sexaginta.
1277 851 1589 916 Quapropter
1628 855 1678 902 in
1718 853 1797 902 illa

110 925 508 989 peregrinatione
563 938 650 972 sua
712 923 849 972 Plato
913 939 1004 973 nec
1059 924 1357 974 Hieremiam
1417 926 1584 975 videre
1638 929 1799 991 potuit
1834 938 1886 978 10

111 1004 247 1055 tanto
287 1003 399 1047 ante
433 996 737 1062 defunctum,
776 1012 868 1046 nec
908 998 1104 1047 easdem
1144 1000 1416 1063 scripturas
1454 999 1634 1066 legere,
1673 1016 1796 1065 quae

27 1133 32 1138 .
112 1071 334 1120 nondum
382 1071 579 1120 fuerant
627 1072 677 1120 in
719 1070 955 1120 Graecam
994 1071 1210 1136 linguam
1250 1072 1535 1138 translatae,
1582 1089 1677 1138 qua
1716 1074 1796 1123 ille

110 1143 347 1210 pollebat3
387 1146 482 1193 nisi
514 1145 657 1210 forte,
697 1146 810 1209 quia
842 1145 935 1194 suit
973 1147 1201 1194 acerrimi
1240 1145 1406 1212 studii,
1444 1148 1573 1196 sicut
1610 1148 1796 1212 Aegyp-

112 1219 220 1284 tiaS,
259 1220 324 1267 ita
357 1225 407 1267 et
437 1220 557 1267 istas
587 1233 678 1282 per
716 1220 1040 1283 interpretem
1081 1219 1264 1285 didicit,
1303 1235 1403 1268 non
1441 1227 1497 1269 ut
1535 1220 1796 1270 scribendo

110 1293 408 1341 transferret
446 1286 604 1359 (quod
643 1291 958 1341 Ptolomaeus
996 1308 1087 1356 pro
1127 1294 1316 1357 ingenti
1353 1293 1608 1359 beneficiO,
1648 1297 1733 1358 qui
1773 1310 1798 1343 a
1834 1304 1885 1345 15

113 1367 248 1431 regia
278 1371 521 1430 potestate
555 1367 702 1415 etiam
734 1368 900 1415 timeri
938 1373 1146 1432 poterat,
1187 1368 1427 1416 meruisse
1468 1364 1798 1434 perhibetur),

109 1439 198 1499 sed
253 1446 309 1488 ut
360 1438 702 1503 conloquendo
759 1439 879 1504 quid
934 1442 1276 1506 continerent,
1332 1448 1569 1504 quantum
1623 1456 1797 1506 capere

110 1520 304 1578 posset,
352 1512 642 1562 addisceret.
718 1513 823 1562 Hoc
878 1520 934 1562 ut
980 1515 1316 1580 existimetur,
1365 1514 1444 1562 illa
1485 1514 1691 1563 suadere
1732 1517 1798 1563 vi-

109 1585 291 1635 dentur
328 1586 534 1653 indicia,
574 1586 705 1651 quod
745 1586 870 1635 liber
909 1602 1149 1651 geneseos
1190 1589 1260 1635 sic
1299 1589 1494 1652 incipit:
1556 1589 1618 1636 In
1650 1591 1795 1650 prin-

110 1662 244 1722 cipio
286 1659 415 1721 fecit
459 1661 597 1709 Deus
643 1664 840 1710 caelum
887 1667 937 1710 et
981 1667 1186 1710 terram.
1270 1661 1431 1709 Terra
1478 1667 1645 1710 autem
1684 1667 1798 1710 erat
1830 1671 1886 1710 20

112 1735 374 1783 invisibilis
414 1739 463 1782 et
501 1736 851 1796 incomposita,
899 1741 947 1783 et
995 1736 1234 1783 tenebrae
1272 1740 1421 1784 erant
1457 1750 1611 1796 super
1650 1736 1794 1797 abys-

113 1821 246 1867 sum,
299 1813 348 1857 et
395 1810 605 1869 spiritus
654 1809 755 1857 Dei
803 1806 1227 1870 superferebatur
1279 1823 1434 1869 super
1484 1823 1668 1868 aquam
1677 1826 1696 1865 ,·
1746 1810 1796 1856 in

28 1932 30 1934 ,
112 1878 312 1929 Timaeo
345 1888 510 1929 autem
542 1880 696 1947 Plat0,
735 1896 883 1944 quem
912 1880 1094 1929 librum
1134 1881 1193 1929 de
1235 1881 1405 1929 mundi
1444 1883 1794 1930 constitutione

115 1955 424 2019 conscripsit,
464 1954 620 2003 Deum
653 1955 771 2003 dicit
802 1956 852 2003 in
884 1954 966 2002 illo
998 1969 1147 2018 opere
1188 1961 1371 2003 terram
1410 1955 1570 2019 primo
1610 1956 1794 2018 ignem·

112 2041 206 2091 que
257 2029 492 2076 iunxisse.
567 2027 880 2076 Manifestum
932 2034 1008 2076 est
1059 2034 1249 2093 autem,
1300 2028 1431 2092 quod
1470 2029 1572 2092 igni
1612 2028 1795 2077 tribuat
1828 2037 1883 2077 25

111 2100 232 2149 caeli
270 2100 455 2150 locum:
493 2100 642 2150 habet
680 2116 797 2166 ergo
837 2101 957 2150 haec
998 2103 1240 2150 sententia
1281 2101 1521 2165 quandam
1561 2101 1692 2150 illius
1732 2103 1794 2150 si-

112 2173 460 2239 militudinem,
516 2190 612 2238 qua
666 2174 852 2223 dictum
908 2181 1004 2223 est:
1062 2176 1122 2224 In
1168 2177 1427 2238 principio
1478 2174 1606 2236 fecit
1660 2176 1795 2224 Deus

112 2250 307 2297 caelum
346 2254 395 2298 et
432 2257 638 2298 terram.
716 2247 900 2297 Deinde
947 2247 1027 2297 illa
1067 2248 1164 2298 duo
1204 2248 1386 2314 media,
1426 2247 1605 2312 quibus
1645 2250 1794 2297 inter-

111 2322 284 2385 positis
323 2321 521 2371 sibimet
551 2321 672 2370 haec
712 2328 932 2371 extrema
971 2322 1335 2387 copularentur,
1375 2337 1549 2386 aquam
1589 2321 1706 2370 dicit
1747 2329 1794 2370 et

113 2407 297 2460 aerem3
344 2395 475 2444 unde
522 2402 724 2460 putatur
772 2397 842 2444 sic
889 2395 1188 2445 intellexisse
1237 2395 1369 2460 quod
1411 2392 1658 2459 ‘scriptum
1697 2402 1793 2443 est:
1827 2403 1882 2442 30

112 2469 320 2530 spiritus
352 2470 451 2519 Dei
478 2468 900 2532 superferebatur
929 2485 1084 2531 super
1116 2485 1313 2531 aquam.
1392 2468 1572 2518 Parum
1612 2469 1791 2531 quippe

114 2540 382 2592 adtendens
432 2558 528 2607 quo
576 2558 713 2592 more
762 2542 916 2592 soleat
961 2543 1041 2592 illa
1081 2545 1327 2608 scriptura
1366 2541 1609 2607 appellare
1650 2534 1792 2604 s'piri-

235 2671 309 2724 23)
340 2669 389 2712 Ρ.
423 2675 477 2713 31
511 2671 564 2715 Β.
626 2672 700 2726 30)
730 2670 779 2714 P.
813 2675 869 2714 32
902 2670 955 2713 Β.

233 2820 258 2859 5
290 2817 554 2872 ptolomeus
585 2816 735 2859 AKF
761 2820 802 2861 et
831 2816 896 2860 sic
927 2829 1266 2872 usquequaque;
1296 2814 1589 2858 Ptolemaeus
1621 2826 1647 2856 v
1685 2814 1700 2868 1}
1733 2815 1788 2855 15

115 2874 196 2929 qui
226 2887 254 2917 a
281 2875 350 2918 ed.
386 2875 498 2919 Par.
530 2876 583 2918 in
613 2876 767 2920 adnot.
800 2876 900 2919 crit.
913 2891 930 2927 ‚·
962 2874 1070 2930 quia
1104 2874 1166 2927 0‚·
1199 2873 1279 2929 qui
1308 2887 1334 2917 v

203 2962 298 2989 Auo.
321 2965 374 2989 nn
398 2965 479 2989 cxv.
502 2965 584 2989 1³11.
615 2956 647 2988 1.
1383 2950 1440 2988 22
