2020 3122
537 133 605 165 DE
629 131 867 167 CIVITATE
891 133 978 166 DEI
1001 133 1042 167 L.
1066 133 1154 167 ΧΠ.
1179 133 1216 167 c.
1241 135 1294 168 25.
1318 135 1371 168 26.
1685 123 1790 176 551

109 246 416 311 viderentur3
472 247 691 309 quamvis
747 251 796 294 et
851 261 907 294 ea
956 249 1062 311 ipsa
1110 246 1336 311 plerique
1387 247 1540 311 magis
1588 253 1790 296 naturae

111 319 448 386 corporalibus
474 320 634 368 causis
660 334 806 383 quam
830 320 1064 384 operibus
1091 320 1280 369 divinae
1304 322 1484 370 mentis
1516 319 1787 385 adsignent.

755 507 948 561 CAPUT
981 507 1149 560 XXV.

185 618 262 667 Αη
295 620 443 667 ullius
475 619 554 666 vel
590 617 826 665 minimae
865 620 1142 665 creaturae
1175 618 1371 677 possint
1408 618 1514 665 dict
1551 620 1721 678 anqelz'

816 694 1090 739 creatores,
1826 698 1852 738 5

259 794 357 843 Sed
391 809 503 843 cum
535 793 613 842 his
646 792 836 842 nullum
867 791 1010 841 nobis
1042 798 1119 841 est
1149 793 1200 841 in
1232 792 1308 841 his
1348 791 1485 841 libris
1526 794 1793 858 negotium,

107 870 195 933 qui
242 867 454 916 divinam
500 873 716 916 mentem
769 867 931 915 facere
970 865 1047 914 vel
1086 881 1260 915 curare
1301 868 1393 915 ista
1431 881 1531 914 non
1571 865 1793 915 credunt.

109 942 184 991 Illi
239 948 401 990 autem
450 943 536 1005 qui
582 940 775 990 Platoni
822 955 911 989 suo
960 939 1170 989 credunt
1215 955 1313 988 non
1366 938 1424 988 ab
1472 939 1554 988 illo
1602 955 1793 988 summo

109 1015 233 1082 Dec,
282 1018 367 1079 qui
405 1014 673 1064 fabricatus
713 1020 788 1063 est
827 1013 1087 1080 mundum,
1135 1013 1221 1062 sed
1262 1012 1320 1062 ab
1361 1013 1466 1062 aliis
1506 1013 1795 1080 minoribus,

110 1105 234 1154 quos
267 1088 467 1153 quidem
498 1090 603 1152 ipse
644 1089 899 1152 creaverit,
937 1089 1186 1152 permissu
1227 1090 1327 1136 sive
1366 1089 1506 1136 iussu
1546 1088 1652 1136 eius
1694 1089 1793 1135 ani-
1830 1096 1885 1135 10

112 1162 255 1211 malia
294 1163 421 1211 facta
461 1177 570 1211 csse
611 1168 788 1211 cuncta
827 1161 1074 1227 mortalia,
1112 1163 1163 1209 in
1204 1160 1383 1225 quibus
1422 1160 1568 1209 homo
1607 1162 1793 1225 praeci-

108 1252 264 1302 puum
303 1236 494 1301 diisque
541 1237 662 1301 ipsis
710 1241 972 1300 cognatum
1010 1241 1206 1283 teneret
1241 1234 1426 1300 locum,
1477 1236 1518 1283 si
1558 1235 1794 1299 supersti-

108 1312 242 1359 tione
298 1316 526 1375 careant,
581 1325 677 1373 qua
724 1315 970 1373 quaerunt
1015 1308 1147 1357 unde
1193 1310 1322 1358 iuste
1361 1308 1618 1357 videantur
1658 1323 1795 1357 sacra

110 1390 160 1433 et
192 1384 430 1432 sacrificia
461 1384 623 1432 facere
657 1385 797 1447 quasi
836 1381 1175 1431 conditoribus
1216 1384 1335 1448 suiS,
1375 1381 1515 1431 facile
1557 1381 1796 1431 carebunt

110 1459 257 1506 etiam
296 1457 444 1506 huius
485 1458 731 1521 opinionis
771 1471 957 1505 errore.
1033 1455 1203 1520 Neque
1246 1458 1377 1504 enim
1416 1456 1488 1504 fas
1531 1461 1607 1504 est
1645 1455 1795 1504 ullius
1830 1463 1883 1503 15

109 1537 312 1580 naturae
370 1530 637 1594 quamlibet
690 1531 920 1578 minimae
982 1529 1302 1593 mortalisque
1365 1535 1638 1578 creatorem
1700 1530 1796 1577 nisi

108 1603 265 1653 Deum
319 1604 522 1653 credere
577 1619 632 1652 ac
687 1604 878 1669 dicere,
932 1609 982 1652 et
1034 1609 1298 1668 antequam
1349 1605 1514 1667 possit?
1563 1601 1794 1666 intellegi.

108 1677 281 1742 Angeli
331 1684 524 1744 autem,
575 1693 699 1742 quos
738 1677 808 1726 illi
848 1677 966 1726 deos
1005 1676 1240 1725 libentius
1281 1676 1551 1741 appellant,
1605 1677 1796 1725 etiamsi

109 1751 342 1801 adhibent
392 1751 468 1800 vel
515 1753 639 1800 iussi
685 1750 761 1799 vel
805 1752 1036 1815 permissi
1083 1751 1419 1815 operationem
1467 1764 1605 1798 suam
1643 1748 1795 1798 rebus

110 1840 233 1889 quae
266 1827 535 1889 gignuntur
566 1827 618 1872 in
656 1824 856 1890 mund0,
894 1830 994 1872 tam
1033 1839 1132 1872 non
1172 1839 1256 1872 eos
1296 1823 1505 1872 dicimus
1546 1828 1794 1871 creatores
1829 1832 1884 1871 20

109 1898 407 1964 animalium,
447 1914 594 1962 quam
633 1913 725 1946 nec
766 1897 1002 1968 agricolas
1042 1897 1241 1961 frugum
1280 1902 1426 1961 atque
1466 1895 1713 1945 arborum.

741 2084 935 2139 CAPUT
975 2084 1171 2138 XXVI.

118 2194 321 2244 Omnem
358 2198 598 2242 naturam
638 2199 687 2242 et
723 2206 914 2241 omnem
953 2194 1168 2254 speciem
1206 2193 1476 2240 universae
1515 2196 1794 2241 creaturae

363 2280 461 2315 non
500 2269 601 2315 nisi
637 2281 789 2328 opere
826 2267 925 2315 Dei
955 2268 1079 2325 fieri
1115 2270 1266 2326 atque
1299 2263 1533 2326 formari.

267 2369 390 2418 Cum
438 2370 569 2417 enim
609 2368 699 2417 alia
739 2370 803 2417 sit
850 2370 1070 2434 specieS,
1125 2383 1248 2432 quae
1299 2367 1558 2416 adhibetur
1610 2369 1792 2415 extrin-
1828 2374 1882 2413 25

115 2458 260 2492 secus
278 2444 572 2506 cuicumque
606 2444 838 2491 materiae
857 2441 1114 2508 corporali,
1136 2443 1265 2490 sicut
1281 2446 1549 2505 operantur
1572 2440 1796 2487 homines

114 2515 251 2580 figuli
290 2522 355 2564 et·
378 2515 504 2564 fabri
544 2524 688 2580 atque
729 2516 778 2565 id
818 2531 974 2580 genus
1014 2516 1214 2580 opifices
1227 2555 1240 2581 ,
1281 2516 1365 2578 qui
1404 2515 1550 2562 etiam
1587 2515 1798 2577 pingunt

231 2645 305 2699 12)
338 2643 455 2687 Tim.
488 2658 533 2700 p.
566 2647 637 2698 41,
671 2642 718 2686 C.

231 2809 287 2848 20
319 2805 419 2848 tam
453 2804 684 2849 VFParr.
707 2805 847 2858 mell.;
878 2804 973 2849 iam
1005 2804 1078 2857 A;
1108 2804 1266 2847 tamen
1296 2805 1395 2846 tam
1424 2813 1452 2846 v
1475 2802 1490 2857 l}
1515 2805 1571 2846 24
1602 2798 1702 2843 fieri
1726 2801 1795 2842 at-

115 2877 204 2918 que
245 2863 356 2917 VA,·
387 2877 469 2908 om.
501 2878 527 2907 v
