2020 3122
137 938 191 978 10

136 1524 190 1562 15

132 1890 188 1929 20

129 2256 183 2296 25

226 143 330 197 168
886 152 922 187 s,
945 152 1220 188 Aueus'rm

225 264 650 331 contemptoribus
681 261 915 314 haereat?
955 264 1051 315 Aut
1090 267 1132 315 si
1163 265 1345 330 aliquid
1383 265 1650 331 proficiunt
1690 264 1908 316 cultores

225 343 355 407 eiuS,
402 347 458 388 ut
497 338 556 388 ab
596 338 676 387 illa
716 338 973 387 videantur
1012 345 1062 387 et
1101 345 1348 404 amentur,
1394 340 1488 387 iam
1529 340 1704 388 merita
1744 341 1905 404 sequi-

224 423 334 479 tur,
379 428 479 462 non
528 413 732 461 fortuito
771 413 919 461 venit.
995 411 1088 461 Ubi
1130 419 1205 461 est
1244 412 1462 461 definitio
1501 411 1583 461 illa
1621 409 1908 462 Fortunae?

228 487 319 535 Ubi
358 493 434 535 est
458 486 590 550 quod
630 500 656 534 a
697 486 914 535 fortuitis
939 487 1085 535 etiam
1119 500 1299 535 nomen
1340 483 1564 550 accepit?
1602 485 1735 533 Nihil
1773 487 1905 535 enim

224 560 428 625 prodest
451 575 558 624 eam
584 559 763 625 colere,
802 560 844 607 si
868 559 1066 608 fortuna
1092 565 1180 608 est.
1260 558 1312 608 Si
1344 565 1507 608 autem
1540 574 1657 608 suos
1689 558 1906 608 cultores

226 635 485 699 discernit,
522 639 580 682 ut
618 634 798 698 prosit,
845 633 1044 682 fortuna
1083 647 1182 681 non
1222 639 1311 681 est.
1387 632 1462 680 An
1503 638 1552 681 et
1589 633 1769 699 ipsam,
1809 647 1906 696 quo

225 707 461 773 voluerit,
510 706 732 771 Iuppiter
787 702 973 755 mittit?
1035 705 1234 755 Colatur
1287 721 1403 770 ergo
1455 707 1560 771 ipse
1609 705 1765 772 solus3
1805 721 1905 755 non

225 783 355 829 enim
394 786 559 845 potest
598 781 643 828 ei
681 778 874 828 iubenti
912 786 961 828 et
1001 795 1106 828 eam
1148 793 1244 843 quo
1283 779 1495 828 voluerit
1532 781 1749 829 mittenti
1786 778 1906 828 For-

223 861 342 903 tuna
388 855 636 902 resistere.
713 852 810 901 Aut
850 859 985 901 certe
1032 855 1175 902 istam
1224 852 1338 900 mali
1378 852 1561 918 colant,
1609 855 1693 917 qui
1732 852 1908 902 nolunt

223 926 405 976 habere
444 927 634 992 merita,
674 924 854 990 quihus
896 924 986 974 dea
1025 928 1183 992 possit
1220 924 1449 974 Felicitas
1488 927 1697 976 invitari.

881 1125 1078 1181 CAPUT
1108 1126 1253 1180 XIX.

750 1249 826 1299 De
864 1249 1094 1299 Fortuna
1133 1249 1380 1298 muliebri.

372 1365 585 1416 Tantum
617 1381 732 1416 sane
764 1366 880 1416 huic
919 1366 1054 1416 velut
1092 1367 1282 1415 numini
1321 1364 1563 1434 tribuunt,
1602 1381 1747 1432 quam
1787 1365 1907 1417 For-

221 1447 391 1490 tunam
422 1446 613 1507 vocant,
652 1446 707 1489 ut
739 1440 1054 1489 simulacrum
1096 1441 1218 1506 eiUS,
1259 1439 1388 1504 quod
1429 1455 1455 1489 a
1494 1442 1733 1490 matronis
1773 1440 1905 1491 dedi·

224 1520 389 1563 catum
430 1521 506 1563 est
546 1520 595 1563 et
627 1512 865 1578 appellata
905 1520 982 1562 est
1019 1513 1236 1562 Fortuna
1276 1513 1547 1581 muliebriS,
1585 1515 1732 1563 etiam
1770 1514 1903 1564 locu·

223 1594 329 1636 tum
385 1602 493 1636 esse
548 1588 813 1636 memoriae
869 1587 1319 1636 commendaverint
1369 1592 1515 1652 atque
1571 1587 1752 1637 dixisse
1806 1603 1906 1638 non

223 1660 399 1722 semel,
441 1660 526 1709 sed
565 1662 770 1727 iterum,
817 1661 948 1726 quod
988 1675 1092 1709 eam
1132 1662 1227 1709 rite
1266 1667 1518 1710 matronae
1558 1661 1907 1711 dedicaverint.

223 1733 364 1791 Quod
406 1733 604 1798 quidem
644 1735 685 1782 si
723 1749 895 1783 verum
935 1736 1014 1800 sit,
1052 1735 1222 1782 mirari
1260 1749 1351 1783 nos
1390 1750 1491 1783 non
1531 1740 1740 1800 oportet.
1794 1735 1905 1785 Non

223 1809 354 1872 enim
401 1806 627 1872 malignis
675 1807 995 1857 daemonibus
1047 1809 1194 1856 etiam
1241 1809 1312 1856 sic
1359 1807 1556 1858 difficile
1605 1814 1682 1858 est
1718 1808 1906 1876 fallere,

223 1895 434 1945 quorum
482 1887 613 1929 artes
659 1887 805 1945 atque
853 1883 1096 1930 versutias
1142 1881 1258 1930 hinc
1305 1883 1470 1946 potius
1516 1883 1601 1931 isti
1646 1881 1904 1932 advertere

222 1953 518 2020 debuerunt,
557 1954 688 2018 quod
727 1954 807 2003 illa
847 1955 936 2004 dea
974 1954 1136 2004 locuta
1176 1961 1266 2021 est,
1306 1969 1428 2020 quae
1469 1955 1672 2006 fortuito
1712 1955 1906 2022 accidit,

220 2041 320 2075 non
373 2042 496 2090 quae
550 2029 740 2077 meritis
789 2030 936 2078 venit.
1013 2027 1127 2078 Fuit
1180 2030 1311 2078 enim
1357 2028 1576 2079 Fortuna
1624 2028 1804 2094 loquax
1855 2036 1905 2079 et

221 2107 355 2149 muta
379 2099 621 2162 FelicitaS,
662 2107 718 2150 ut
742 2101 859 2166 quid
891 2101 1038 2169 aliud,
1077 2103 1174 2150 nisi
1212 2107 1268 2151 ut
1299 2101 1523 2152 homines
1563 2109 1699 2152 recte
1738 2105 1902 2152 vivere

222 2188 323 2222 non
365 2179 597 2222 curarent
636 2174 890 2224 conciliata
931 2174 1024 2223 sibi
1062 2174 1294 2242 Fortuna,
1334 2191 1457 2240 quae
1496 2175 1605 2224 illos
1644 2177 1749 2224 sine
1789 2175 1904 2225 ullis
1933 2199 1946 2206 ·

218 2245 363 2295 bonis
402 2248 592 2296 meritis
632 2247 817 2297 faceret
855 2245 1168 2297 fortunatos?
1228 2247 1291 2297 Et
1329 2255 1463 2298 certe
1504 2251 1546 2298 si
1582 2248 1801 2298 Fortuna
1831 2250 1902 2298 lo·

219 2321 403 2386 quitur,
441 2335 541 2369 non
574 2321 745 2370 saltem
777 2320 1047 2383 muliebriS,
1088 2321 1174 2370 sed
1206 2322 1360 2371 virilis
1391 2324 1557 2387 potius
1595 2321 1901 2390 loqueretur,

217 2401 272 2442 ut
310 2409 410 2442 non
448 2395 606 2460 ipsae,
658 2410 782 2458 quae
823 2394 1142 2444 simulacrum
1181 2395 1555 2462 dedicaverunt,
1604 2402 1900 2461 putarentur

216 2473 407 2516 tantum
446 2467 740 2517 miraculum
779 2467 1009 2517 muliebri
1046 2468 1341 2533 loquacitate
1381 2469 1594 2518 finxisse.

333 2643 359 2682 3
391 2638 585 2685 fortuito
619 2638 760 2693 AK¹,·
800 2637 998 2683 fortuitu
1028 2639 1176 2685 K²Fv
1221 2641 1238 2696 n
1282 2645 1310 2684 4
1342 2641 1412 2685 est
1442 2653 1555 2695 mss;
1585 2641 1657 2685 est
1688 2655 1797 2698 ergo
1829 2656 1853 2686 v
1886 2641 1900 2699 [Ι

213 2701 267 2742 21
300 2697 495 2742 fortuitu
525 2711 552 2744 v
