2020 3122
265 123 373 177 502
943 133 976 166 s,
1001 133 1275 167 Auenswmt

265 250 641 298 continerentur
673 262 764 295 nec
791 246 1002 310 aliquem
1043 246 1265 296 ordinem
1289 245 1364 294 vel
1393 246 1680 311 adpeterent
1712 245 1787 294 vel
1811 252 1944 295 tene-

265 329 390 387 rent,
430 323 525 370 nisi
565 320 623 369 ab
656 320 738 369 illo
773 320 897 368 facta
930 327 1110 385 essent,
1149 322 1234 384 qui
1274 335 1462 369 summe
1503 326 1593 386 est,
1633 321 1717 383 qui
1755 334 1944 368 summe

264 398 459 460 sapiens
485 401 573 459 est,
600 396 684 458 qui
709 409 898 442 summe
923 393 1081 443 bonus
1107 401 1196 460 est,
1227 401 1474 457 tamquam
1499 408 1588 457 per
1613 394 1788 458 omnia,
1821 408 1944 457 quae

166 523 175 532 ⁴
263 469 380 517 fecit
405 467 614 516 mirabili
647 467 924 533 stabilitate,
963 474 1222 516 currentes
1254 468 1394 531 quasi
1420 466 1659 530 quaedam
1691 468 1798 515 eius
1833 466 1947 516 alibi

205 551 230 590 5
264 543 430 607 magis,
471 541 584 591 alibi
631 543 794 590 minus
840 543 1064 606 inpressa
1110 542 1313 605 vestigia
1353 539 1658 606 coIHgamus3
1705 541 1755 589 in
1802 539 1944 589 nobis
2019 591 2020 606 1

265 622 426 665 autem
466 617 586 680 ipsis
618 617 724 664 eius
756 616 1016 678 imaginem
1050 620 1342 663 contuentes
1383 620 1627 678 tamquam
1667 615 1827 662 minor
1866 613 1944 663 ille

265 688 572 754 evangelicus
604 689 732 742 filius
772 689 829 737 ad
872 695 1064 737 nosmet
1102 690 1235 752 ipsos
1274 689 1462 736 reversi
1501 702 1759 752 surgamus
1799 694 1848 736 et
1887 689 1946 738 ad

263 763 400 812 illum
441 763 719 828 redeamUS,
768 778 793 811 a
834 777 930 826 quo
971 762 1219 826 peccando
1260 776 1639 810 recesseramus
1716 761 1788 810 lbi
1835 777 1943 810 esse

265 843 489 885 nostrum
544 852 642 885 non
697 835 895 884 habebit
948 842 1182 901 mortem,
1237 834 1305 883 ibi
1366 850 1510 884 nosse
1565 841 1791 884 nostrum
1846 851 1944 884 non

178 919 230 958 10
263 909 461 959 habebit
508 925 750 975 errorem,
797 909 865 957 ibi
912 924 1073 958 amare
1126 916 1350 958 nostrum
1399 924 1496 957 non
1544 908 1740 958 habebit
1795 909 1943 958 offen-

263 986 467 1033 sionem.
543 983 684 1032 Nunc
718 989 881 1032 autem
914 985 1008 1031 tria
1039 985 1131 1032 ista
1164 990 1331 1031 nostra
1364 984 1582 1046 quamvis
1615 990 1748 1031 certa
1780 990 1944 1032 tenea-

264 1073 373 1106 mus
407 1073 496 1106 nec
530 1057 635 1106 aliis
669 1072 724 1105 ea
764 1056 1021 1105 credamus
1060 1056 1286 1122 testibuS,
1327 1057 1410 1105 sed
1453 1072 1542 1104 nos
1582 1058 1676 1120 ipsi
1715 1071 1944 1121 praesen·

262 1133 328 1180 tia
355 1133 623 1180 sentiamus
655 1137 801 1195 atque
834 1132 1068 1179 interiore
1094 1132 1408 1179 veracissimo
1434 1145 1694 1179 cernamus
1727 1137 1944 1196 aspectu,

264 1213 442 1271 tamen,
483 1204 715 1269 quamdiu
756 1205 919 1253 futura
967 1205 1039 1253 vel
1098 1211 1265 1253 utrum
1321 1219 1587 1267 numquam
1627 1203 1856 1253 defutura
1896 1210 1944 1252 et

177 1286 231 1326 15
265 1294 361 1342 quo
402 1281 443 1327 si
482 1278 620 1343 male,
661 1293 758 1342 quo
798 1285 961 1326 autem
1002 1281 1043 1326 si
1082 1278 1208 1326 bene
1248 1284 1455 1341 agantur
1493 1283 1792 1342 perventura
1831 1279 1943 1342 sint,

265 1354 494 1416 quoniam
546 1368 634 1416 per
685 1367 774 1400 nos
825 1354 958 1415 ipsos
1006 1366 1151 1400 nosse
1200 1367 1297 1399 non
1337 1366 1624 1415 possumUS,
1672 1351 1791 1399 alios
1830 1351 1943 1399 hinc

263 1433 416 1475 testes
467 1426 542 1474 vel
597 1427 879 1489 quaerimus
927 1425 1002 1474 vel
1049 1425 1306 1489 habemus3
1352 1425 1412 1473 de
1461 1439 1672 1488 quorum
1721 1424 1814 1473 fide
1855 1440 1944 1473 cur

264 1498 394 1548 nulla
427 1498 602 1547 debeat
635 1514 742 1548 esse
775 1498 1029 1564 dubitatio,
1069 1514 1167 1547 non
1200 1506 1276 1546 est
1306 1501 1414 1564 iste,
1455 1499 1539 1546 sed
1565 1500 1811 1562 posterior
1850 1500 1944 1547 erit

264 1572 547 1637 diligentius
587 1572 862 1621 disserendi
901 1572 1052 1621 locus.
1130 1571 1183 1619 In
1227 1571 1320 1620 hoc
1361 1578 1524 1621 autem
1563 1571 1688 1620 libro
1730 1571 1788 1620 de
1830 1572 1942 1620 civi·
2003 1585 2006 1587 ·

173 1654 230 1694 20
264 1652 361 1694 tate
395 1645 497 1711 Dei,
539 1661 660 1710 quae
695 1661 793 1694 non
825 1648 1170 1710 peregrinatur
1202 1647 1252 1693 in
1283 1645 1431 1694 huius
1471 1647 1595 1694 vitae
1635 1645 1944 1710 mortalitate,

263 1719 348 1768 sed
402 1719 674 1769 inmortalis
730 1734 925 1784 semper
979 1722 1029 1768 in
1081 1719 1227 1768 caelis
1276 1727 1376 1785 est,
1431 1719 1478 1767 id
1527 1726 1603 1768 est
1653 1718 1711 1767 de
1759 1718 1943 1782 angelis

263 1795 445 1842 sanctis
485 1793 585 1841 Deo
635 1793 1036 1859 cohaerentibuS,
1083 1795 1167 1857 qui
1208 1807 1298 1841 nec
1339 1793 1542 1842 fuerunt
1580 1807 1811 1857 umquam
1852 1807 1942 1841 nec

265 1867 418 1915 futuri
466 1873 582 1916 sunt
629 1867 932 1932 desertores,
972 1869 1101 1916 inter
1141 1880 1265 1930 quos
1305 1874 1355 1916 et
1393 1866 1526 1931 illos,
1567 1867 1651 1930 qui
1691 1873 1943 1915 aeternam

263 1939 421 1989 lucem
462 1940 749 1989 deserentes
798 1940 1028 1989 tenebrae
1070 1941 1184 1988 facti
1223 1947 1359 2006 sunt,
1409 1939 1563 1988 Deum
1602 1941 1832 2003 primitus
1872 1939 1941 1988 di·
2006 1959 2007 1962 ¹

173 2021 229 2060 25
263 2015 433 2062 visisse
466 2016 561 2062 iam
593 2014 819 2079 diximUS,
858 2014 939 2063 illo
980 2014 1236 2063 adiuvante
1277 2013 1407 2078 quod
1448 2015 1699 2078 coepimus
1739 2020 1793 2062 ut
1831 2027 1941 2077 pos·

264 2102 435 2135 sumus
474 2087 788 2152 explicemus,

889 2201 1085 2254 CAPUT
1118 2202 1315 2254 XXIX.

263 2307 337 2356 De
366 2313 659 2356 sanctorum
693 2311 984 2368 anqelorum
1015 2311 1243 2367 scientia,
1284 2323 1384 2369 qua
1425 2310 1700 2357 trinitatem
1741 2310 1792 2356 in
1833 2310 1941 2370 ipsa

262 2383 369 2429 eius
400 2382 587 2430 deitate
618 2387 866 2429 noverunt
896 2387 945 2430 et
975 2397 1075 2442 qua
1122 2396 1329 2443 operum
1361 2397 1545 2431 causas
1571 2384 1720 2443 prius
1753 2383 1802 2429 in
1827 2395 1939 2442 ope·

168 2462 228 2501 30
306 2456 470 2502 rantis
509 2462 622 2503 arte
661 2469 809 2515 quam
850 2457 901 2502 in
943 2458 1061 2516 ipsis
1101 2457 1334 2517 operibus
1375 2457 1590 2514 artificis
1630 2456 1902 2503 intuentur.

409 2555 484 2605 Illi
510 2559 688 2622 quippe
723 2557 881 2620 angeli
912 2559 1068 2604 sancti
1101 2573 1198 2605 non
1233 2573 1321 2622 per
1353 2557 1500 2605 verba
1533 2558 1752 2605 sonantia
1785 2555 1939 2604 Deum

263 2630 480 2696 discunt,
528 2629 614 2679 sed
663 2646 751 2694 per
798 2632 951 2694 ipsam
999 2633 1328 2694 praesentiam
1367 2629 1667 2679 inmutabilis
1708 2631 1940 2694 veritatis,
1973 2679 2008 2687 x,

380 2729 424 2781 8)
454 2727 532 2775 Le.
568 2732 636 2783 15,
674 2731 738 2770 18.

382 2865 405 2902 7
441 2861 488 2903 et
527 2859 782 2912 VAPao-r.;
814 2862 865 2903 ut
898 2859 970 2903 Fv
994 2861 1058 2915 118
1092 2873 1250 2903 eamus
1292 2860 1333 2903 V
1353 2862 1367 2915 ΙΙ
1394 2864 1447 2904 15
1478 2860 1597 2904 bene
1630 2892 1638 2900 .
1673 2891 1683 2902 .
1715 2858 1836 2901 male
1868 2871 1893 2901 v
