2020 3122
232 173 339 225 226
909 181 947 218 S.
971 180 1248 216 AUGUs'rmr

234 297 443 361 quodam
482 295 627 344 modo
669 300 1016 343 consecrantes
1055 293 1192 342 Decii
1231 293 1555 358 devoverunt,
1609 299 1663 341 ut
1702 291 1796 341 illis
1836 307 1912 342 ca-

233 369 463 420 dentibus
503 374 552 418 et
590 370 714 417 iram
753 367 959 417 deorum
998 368 1234 432 sanguine
1275 381 1364 415 suo
1403 365 1709 431 placantibus
1741 365 1916 415 Roma-

236 459 327 492 nus
373 442 667 492 liberaretur
715 443 983 491 exercitus:
1036 441 1169 490 nullo
1225 440 1368 489 modo
1419 439 1708 504 superbient
1760 441 1922 489 sancti

242 523 495 582 martyreS,
535 523 782 580 tamquam
823 509 1026 580 dignum
1066 513 1247 579 aliquid
1286 529 1376 578 pro
1415 513 1546 563 illius
1585 515 1771 578 patriae
1810 528 1920 578 par-

177 604 202 643 5
242 592 526 655 ticipatione
578 590 807 655 fecerint,
862 588 948 638 ubi
989 594 1187 637 aeterna
1234 594 1309 636 est
1357 594 1406 636 et
1443 602 1558 636 vera
1597 586 1828 652 felicitas,
1882 587 1925 635 si

240 680 398 728 usque
435 663 494 712 ad
528 665 605 712 sui
637 664 890 727 sanguinis
924 663 1214 711 effusionem
1246 677 1346 710 non
1378 661 1537 710 solum
1577 676 1692 710 suos
1731 661 1925 726 fratreS,

239 753 330 802 pro
380 736 560 801 quibus
607 735 928 802 fundebatur,
976 750 1149 784 verum
1197 742 1245 784 et
1283 737 1418 799 ipsos
1456 736 1705 800 inimicoS,
1752 749 1779 783 a
1818 735 1923 798 qui·

238 810 332 860 bus
372 810 686 875 fundebatur,
727 812 856 859 sicut
895 811 966 858 eis
1004 814 1326 873 praeceptum
1366 815 1462 874 est,
1503 808 1762 873 diligentes
1802 809 1924 857 cari·
1992 820 1995 821 ’

237 886 351 934 tatis
390 884 485 932 fide
526 890 577 933 et
614 883 727 932 fidei
768 884 968 932 caritate
1010 878 1300 931 certarunt?
1364 882 1416 930 Si
1454 881 1648 931 Marcus
1686 881 1925 931 Pulvillus

153 971 205 1010 10
240 957 471 1007 dedicans
512 956 683 1006 aedem
721 956 872 1022 IoviS,
911 955 1135 1020 IunoniS,
1174 954 1418 1004 Minervae
1460 955 1581 1004 falso
1622 954 1716 1005 sibi
1754 954 1813 1004 ab
1852 957 1925 1004 in-

238 1031 362 1080 vidis
395 1036 553 1094 morte
586 1030 672 1078 filii
703 1031 940 1095 nuntiata,
979 1035 1036 1078 ut
1066 1028 1147 1077 illo
1189 1031 1362 1078 nuntio
1401 1028 1720 1094 perturbatus
1760 1028 1926 1078 absce-

242 1105 382 1154 deret
437 1110 582 1168 atque
637 1105 705 1152 ita
768 1103 1090 1152 dedicationis
1152 1102 1356 1167 gloriam
1415 1102 1599 1168 collega
1652 1105 1760 1153 eius
1813 1117 1927 1152 con-

243 1184 553 1243 sequeretur,
592 1179 660 1226 ita
693 1178 1004 1243 contempsit,
1043 1182 1099 1226 ut
1130 1192 1243 1225 eum
1276 1178 1422 1226 etiam
1444 1178 1604 1242 proici
1626 1176 1928 1242 insepultum

244 1251 461 1317 iuberet,
518 1258 567 1300 et
621 1253 692 1300 sic
745 1252 796 1299 in
852 1253 959 1299 eius
1014 1250 1161 1299 corde
1209 1250 1433 1300 orbitatis
1480 1250 1699 1301 dolorem
1745 1251 1928 1316 gloriae

160 1338 212 1377 15
246 1325 487 1390 cupiditas
545 1326 751 1374 vicerat:
806 1324 923 1388 quid
977 1339 1208 1388 magnum
1264 1339 1315 1372 se
1360 1340 1451 1389 pro
1498 1324 1735 1389 evangelii
1773 1326 1931 1374 sancti

249 1398 637 1464 praedicatione,
686 1413 780 1462 qua
827 1399 958 1446 cives
1005 1412 1248 1462 supernae
1294 1399 1480 1462 patriae
1528 1398 1588 1447 de
1628 1399 1834 1448 diversis
1874 1398 1928 1447 li-

243 1473 480 1521 berantur
513 1478 563 1520 et
595 1470 893 1535 colliguntur
929 1470 1200 1537 erroribuS,
1239 1471 1415 1520 fecisse
1455 1471 1679 1521 dicturus
1720 1479 1809 1538 est,
1849 1473 1931 1522 cui

245 1546 480 1595 Dominus
514 1545 573 1593 de
607 1544 860 1610 sepultura
899 1546 1052 1610 patris
1093 1547 1171 1594 sui
1210 1545 1420 1594 sollicito
1461 1548 1551 1594 ait:
1591 1547 1816 1608 Sequere
1853 1561 1931 1595 me

245 1626 294 1668 et
331 1621 440 1668 sine
478 1624 699 1668 mortuos
745 1622 960 1681 sepelire
1007 1625 1228 1668 mortuos
1274 1621 1427 1668 suos?
1506 1619 1557 1668 Si
1595 1619 1657 1668 M.
1696 1619 1930 1685 RegulUS,

156 1707 213 1746 20
248 1708 308 1741 ne
350 1691 718 1741 crudelissimos
763 1692 932 1741 hostes
978 1692 1186 1741 iurando
1234 1692 1445 1758 falleret,
1496 1693 1555 1742 ad
1602 1708 1687 1742 eos
1727 1693 1786 1742 ab
1825 1695 1931 1758 ipsa

248 1766 401 1814 Roma
441 1781 671 1815 reversus
719 1772 816 1832 est,
864 1767 1115 1832 quoniam,
1163 1767 1292 1815 sicut
1328 1765 1561 1815 Romanis
1608 1782 1723 1815 eum
1759 1774 1930 1816 tenere

249 1839 527 1888 volentibus
559 1839 875 1904 respondisse
908 1840 1083 1906 fertur,
1121 1846 1293 1904 postea
1324 1854 1471 1904 quam
1509 1839 1639 1889 Afris
1680 1842 1932 1906 servierat,

251 1913 538 1977 dignitatem
576 1912 675 1962 11110
720 1912 917 1962 honesti
964 1915 1083 1962 civis
1122 1911 1304 1962 habere
1344 1928 1444 1962 non
1482 1921 1672 1980 posset,
1718 1929 1931 1978 eumque

251 1985 679 2051 Carthaginienses
692 2026 706 2052 ,
760 1989 989 2051 quoniam
1037 1994 1209 2036 contra
1260 2002 1344 2036 eos
1391 1989 1442 2035 in
1491 1986 1710 2037 Romano
1759 1995 1931 2037 senatu

158 2073 214 2112 25
253 2066 434 2126 egerat,
473 2061 773 2124 gravissimis
798 2060 1051 2126 suppliciis
1075 2067 1397 2111 necaverunt:
1437 2062 1521 2125 qui
1546 2063 1794 2111 cruciatus
1832 2076 1932 2111 non

248 2139 363 2182 sunt
401 2148 491 2197 pro
538 2133 632 2181 fide
679 2133 811 2182 illius
858 2136 1044 2198 patriae
1085 2133 1454 2200 contemnendi,
1502 2134 1561 2183 ad
1601 2136 1742 2184 cuius
1780 2134 1931 2184 beati-

245 2206 467 2255 tudinem
501 2206 621 2254 fides
660 2208 766 2270 ipsa
796 2205 1062 2271 perducit?
1102 2215 1186 2257 aut
1225 2207 1341 2272 quid
1382 2207 1688 2257 retribuetur
1720 2207 1927 2257 Domino

245 2295 336 2344 pro
384 2279 611 2328 omnibus
652 2295 774 2343 quae
815 2280 1068 2346 retribuit,
1107 2283 1149 2330 si
1187 2297 1277 2346 pro
1317 2281 1412 2330 fide
1452 2297 1575 2346 quae
1614 2281 1685 2330 illi
1723 2281 1933 2331 debetur

245 2352 359 2401 talia
406 2353 556 2402 fuerit
600 2352 747 2402 homo
797 2368 993 2420 passus,
1041 2354 1200 2418 qualia
1239 2369 1330 2419 pro
1369 2354 1464 2404 fide
1504 2369 1649 2418 quam
1689 2357 1931 2420 pernicio·

159 2440 215 2480 30
248 2427 454 2475 sissimis
494 2427 708 2475 inimicis
748 2426 958 2476 debebat
995 2442 1171 2491 passus
1211 2435 1286 2477 est
1324 2425 1580 2492 Regulus?
1638 2427 1745 2486 Quo
1785 2429 1930 2478 modo

247 2515 298 2548 se
339 2498 537 2549 audebit
586 2499 819 2548 extollere
867 2500 926 2548 de
966 2500 1238 2551 voluntaria
1276 2507 1562 2566 paupertate
1604 2501 1929 2565 ChristianUS‚

246 2579 302 2622 ut
339 2574 390 2622 in
429 2572 575 2622 huius
623 2574 748 2622 vitae
787 2576 1183 2638 peregrinatione
1224 2574 1497 2639 expeditior
1536 2575 1751 2624 ambulet
1789 2577 1929 2641 viam,

370 2716 441 2769 19)
473 2715 557 2762 Mt.
592 2719 632 2768 8,
665 2718 736 2759 22.
799 2716 874 2771 28)
906 2714 980 2760 Ps.
1017 2720 1114 2771 115,
1151 2721 1190 2760 3.

371 2852 423 2891 10
457 2848 503 2891 et}
533 2847 769 2892 mineruae
801 2847 845 2891 A
868 2849 884 2905 ΙΙ
907 2853 960 2892 31
1003 2852 1054 2893 ut
1085 2848 1237 2893 editur
1268 2847 1484 2902 FParr.,·
1524 2863 1572 2893 se
1604 2850 1762 2893 autem
1792 2848 1929 2893 aude-

249 2905 322 2950 bit
351 2906 475 2959 AK‚·
507 2907 664 2951 autem
696 2920 742 2951 se
777 2906 881 2951 aud.
915 2921 942 2952 v
