2020 3122
186 135 292 188 100
853 146 887 180 S.
912 146 1190 182 Auensmmr

863 269 1057 324 CAPUT
1089 270 1185 324 III.

184 381 294 429 Non
327 381 553 441 potuisse
602 378 795 438 offendi
840 379 957 427 deos
998 379 1206 426 Paridis
1246 378 1519 437 adulterio,
1566 378 1703 437 quod
1739 379 1872 425 inter

613 454 745 513 ipsos
785 453 1011 500 traditur
1045 450 1439 512 frequentatum.

335 553 478 604 Nulla
515 555 680 618 itaque
722 569 867 603 causa
909 561 1006 621 est,
1047 569 1198 618 quare
1239 553 1321 619 dii,
1360 551 1555 618 quibuS,
1593 559 1650 602 ut
1688 552 1874 618 dicunt,

129 636 155 676 5
189 634 393 678 steterat
416 627 537 677 illud
561 630 838 694 imperium,
878 643 991 676 cum
1030 643 1057 676 a
1089 627 1288 676 Graecis
1326 625 1721 691 praevalentibus
1759 641 1870 691 pro-

186 702 369 752 bentur
418 703 561 768 victi,
614 701 839 750 Troianis
884 700 1221 766 peierautibus
1276 701 1523 764 fingantur
1568 702 1694 749 irati.
1770 699 1872 748 Nec

188 776 429 826 adulterio
469 775 677 841 Paridis,
717 782 774 824 ut
813 790 989 824 rursus
1029 790 1054 823 a
1095 774 1390 838 quibusdam
1430 774 1779 839 defenduntur,
1819 780 1874 822 ut

187 850 386 898 Troiam
421 849 732 915 desererent,
772 855 1175 898 suscensuerunt.
1259 847 1501 896 Auctores
1534 849 1665 896 enim
1705 847 1871 896 docto-

186 938 365 988 resque
412 929 732 988 peccatorum
780 937 888 970 esse
938 921 1183 987 adsolent,
1229 936 1330 970 non
1377 921 1580 970 ultores,
1654 920 1874 987 „Urbem

101 1004 156 1045 10
187 997 407 1063 Romam,
446 998 609 1060 inquit
642 995 919 1061 Sallustius,
960 997 1106 1044 sicuti
1146 1010 1235 1059 ego
1277 996 1459 1060 accepi,
1499 993 1765 1044 condidere
1806 1002 1874 1043 at-

187 1086 283 1135 que
324 1069 541 1119 habuere
582 1071 724 1118 initio
765 1069 980 1135 Troiani,
1020 1070 1105 1133 qui
1144 1069 1307 1117 Aenea
1347 1067 1471 1117 duce
1510 1068 1710 1134 profugi
1749 1068 1874 1117 sedi-

185 1143 280 1193 bus
340 1146 546 1192 incertis
608 1137 955 1207 vagabantur.“
1047 1141 1100 1191 Si
1161 1157 1279 1207 ergo
1334 1142 1631 1192 adulterium
1683 1141 1875 1191 Paridis

187 1217 536 1267 vindicandum
590 1218 794 1266 numina
833 1223 1159 1282 censuerunt,
1214 1222 1298 1266 aut
1343 1218 1498 1280 magis
1544 1218 1596 1264 in
1643 1216 1877 1265 Romanis

189 1298 273 1340 aut
312 1298 447 1340 certe
489 1292 636 1340 etiam
674 1292 726 1339 in
764 1290 998 1339 Romanis
1037 1290 1344 1355 puniendum
1383 1291 1490 1356 fuit,
1531 1291 1645 1354 quia
1682 1290 1875 1339 Aeneae

103 1374 157 1414 15
189 1371 347 1415 mater
391 1365 485 1414 hoc
535 1365 666 1414 fecit.
747 1363 842 1413 Sed
899 1379 995 1428 quo
1044 1364 1188 1413 modo
1238 1366 1289 1412 in
1335 1363 1418 1412 illo
1465 1363 1586 1413 illud
1637 1363 1874 1428 flagitium

189 1439 396 1488 oderant
450 1440 535 1503 qui
585 1440 637 1487 in
691 1453 779 1488 sua
827 1439 960 1487 socia
1006 1437 1196 1487 Venere
1248 1453 1347 1486 non
1402 1437 1610 1487 oderant
1657 1433 1738 1505 (ut
1786 1437 1877 1486 alia

186 1507 432 1580 omittam)
473 1512 604 1576 quod
645 1527 758 1561 cum
796 1511 1008 1561 Anchise
1051 1514 1387 1578 commiserat,
1436 1526 1496 1560 ex
1536 1527 1633 1575 quo
1673 1511 1871 1560 Aenean

186 1582 487 1651 pepererat?
554 1586 625 1634 An
666 1588 780 1650 quia
819 1585 938 1635 illud
978 1586 1162 1635 factum
1203 1592 1278 1635 est
1316 1585 1602 1650 indignante
1641 1585 1876 1652 Menela0,

189 1659 309 1709 illud
357 1660 659 1709 concedente
698 1656 952 1709 Vulcano?
1013 1659 1091 1709 Dii
1138 1661 1291 1726 enim,
1347 1659 1495 1708 credo
1506 1700 1521 1726 ‚
1580 1674 1679 1708 non
1719 1659 1878 1709 zelant

102 1741 160 1782 20
192 1735 426 1798 coniuges
474 1749 610 1799 suaS‚
657 1749 816 1798 usque
865 1734 984 1783 adeo
1035 1741 1088 1783 ut
1135 1749 1216 1782 eas
1257 1735 1403 1783 etiam
1443 1748 1558 1782 cum
1594 1733 1876 1782 hominibus

190 1806 454 1872 dignentur
505 1806 688 1856 habere
746 1822 1048 1856 communes,
1131 1806 1355 1856 Inridere
1410 1806 1598 1856 fabulas
1653 1806 1877 1856 fortassis

191 1882 445 1930 existimor
484 1896 576 1929 nec
617 1882 830 1945 graviter
869 1897 1013 1946 agere
1053 1883 1179 1930 tanti
1216 1880 1451 1946 ponderis
1491 1895 1702 1930 causam.
1767 1880 1878 1930 Non

192 1969 309 2018 ergo
336 1954 610 2020 credamUS,
650 1956 692 2003 si
730 1954 904 2021 placet,
943 1954 1141 2004 Aenean
1166 1970 1274 2004 esse
1299 1954 1506 2003 Veneris
1545 1954 1722 2004 filium:
1762 1969 1877 2004 ecce

193 2027 426 2093 concedo,
466 2029 508 2076 si
532 2043 624 2076 nec
649 2027 915 2077 Romulum
938 2028 1122 2078 Martis,
1201 2028 1253 2077 Si
1285 2034 1449 2078 autem
1479 2028 1614 2095 illud,
1656 2043 1746 2077 cur
1778 2043 1878 2077 non

102 2110 159 2151 25
191 2107 241 2149 et
264 2097 419 2149 illud?
487 2100 561 2149 An
593 2101 710 2150 deos
743 2102 814 2150 fas
847 2108 923 2150 est
952 2101 1237 2151 hominibus
1263 2102 1475 2168 feminiS‚
1514 2117 1675 2151 mares
1714 2109 1879 2152 autem

191 2174 417 2222 homines
457 2173 642 2222 deabus
682 2176 880 2223 misceri
919 2172 1095 2224 nefas?
1141 2175 1274 2224 Dura
1313 2176 1389 2225 vel
1426 2178 1592 2241 potius
1631 2190 1731 2224 non
1772 2191 1876 2224 cre-

192 2246 351 2296 denda
391 2247 637 2313 condici0,
678 2247 808 2311 quod
848 2263 908 2296 ex
947 2250 1055 2297 iure
1094 2247 1300 2298 Veneris
1338 2251 1389 2298 in
1430 2248 1697 2298 concubitu
1735 2249 1880 2298 Marti

191 2321 345 2387 licuit,
382 2321 476 2369 hoc
516 2322 566 2368 111
591 2322 700 2369 iure
742 2336 831 2369 suo
870 2323 966 2385 ipsi
989 2320 1169 2370 Veneri
1207 2338 1306 2371 non
1345 2323 1510 2373 licere.
1586 2322 1647 2371 At
1686 2330 1877 2372 utrum·

193 2409 288 2458 que
329 2395 576 2443 firmatum
602 2401 677 2442 est
708 2396 998 2444 auctoritate
1022 2394 1254 2444 Romana.
1331 2396 1503 2461 Neque
1543 2397 1674 2445 enim
1713 2399 1877 2446 minus

109 2479 165 2519 30
198 2467 408 2517 credidit
460 2469 710 2516 recentior
765 2467 942 2516 Caesar
997 2470 1150 2518 aviam
1204 2467 1447 2519 Venerem
1493 2484 1637 2534 quam
1687 2477 1878 2535 patrem

197 2543 444 2606 antiquior
483 2540 722 2590 Romulus
761 2540 980 2590 Martem.

313 2685 357 2739 5)
390 2683 502 2726 Aen.
538 2687 579 2737 2,
614 2687 714 2727 352.
782 2684 853 2739 12)
886 2683 984 2728 Cat.
1020 2688 1058 2727 c.

318 2821 373 2859 13
406 2815 556 2872 magis
589 2815 638 2858 in
668 2814 863 2859 troianis
896 2815 962 2858 A2
986 2817 1000 2870 ΙΙ
1027 2821 1079 2859 19
1112 2815 1230 2859 illud
1264 2830 1389 2860 conc.
1422 2816 1542 2868 AF;
1572 2815 1690 2859 illud
1722 2817 1878 2860 autem

203 2887 328 2918 conc.
359 2875 436 2919 Kv
459 2876 475 2931 ΙΙ
500 2879 554 2918 25
587 2873 658 2918 fas
691 2875 763 2919 est
791 2887 874 2919 om.
908 2875 1056 2919 AKF
