2020 3122
225 149 305 215 68
895 171 930 205 s.
955 171 1232 207 Anonsrrm

218 287 337 335 deos
377 285 618 351 colerent,
666 299 789 349 quos
837 283 1066 333 videbant
1112 284 1206 334 sibi
1254 284 1466 333 voluisse
1507 285 1756 333 scaenicas
1796 290 1899 334 tur-

215 360 467 425 pitudines
516 360 821 425 consecrari,
868 374 984 407 suae
1041 364 1204 407 tamen
1253 358 1503 423 dignitatis
1550 373 1795 408 memores
1846 373 1903 408 ac

215 433 420 498 pudoris
460 439 653 482 actores
678 432 849 481 talium
873 431 1147 481 fabularum
1189 447 1499 496 nequaquam
1538 431 1904 482 honoraverunt

216 522 363 556 more
396 506 711 572 Graecorum,
752 506 860 572 sed,
901 508 1030 555 sicut
1068 506 1196 571 apud
1238 505 1527 555 Ciceronem
1566 505 1697 555 idem
1738 504 1902 571 Scipio

161 591 186 629 5
219 580 454 646 loquitur,
491 595 639 647 „cum
671 587 827 629 artem
866 579 1105 629 ludicram
1145 594 1470 643 scaenamque
1511 586 1663 628 totam
1702 581 1752 628 in
1791 594 1903 645 pro-

213 653 303 703 bro
329 654 584 719 ducerent,
623 669 779 718 genus
804 653 851 702 id
889 654 1143 702 hominum
1175 668 1274 702 non
1312 653 1456 702 modo
1496 653 1684 702 honore
1725 654 1905 702 civium

213 727 521 792 reliquorum
560 742 745 793 carere,
785 727 871 776 sed
911 729 1059 776 etiam
1097 726 1232 776 tribu
1271 729 1458 776 moveri
1496 729 1747 776 notatione
1788 742 1900 776 cen-

214 803 343 850 soria
398 797 714 851 voluerunt.“
791 800 1049 850 Praeclara
1103 815 1218 850 sane
1284 807 1333 849 et
1387 800 1622 850 Romanis
1675 800 1903 850 laudibus

214 874 580 924 adnumeranda
632 875 916 940 prudentia,
974 874 1060 923 sed
1117 874 1290 923 vellem
1338 889 1391 923 se
1437 876 1543 939 ipsa
1590 880 1901 941 sequeretur,

128 959 184 998 10
217 964 268 998 se
308 950 600 998 imitaretur.
676 948 803 997 Ecce
854 949 986 996 enim
1037 953 1196 1012 recte,
1243 949 1470 1012 quisquis
1510 949 1689 998 civium
1729 948 1903 998 Roma-

214 1037 394 1071 norum
430 1037 549 1079 ‘esse
598 1024 854 1071 scaenicus
902 1021 1151 1087 elegisset,
1199 1036 1298 1069 non
1347 1021 1504 1070 solum
1557 1023 1602 1070 ei
1641 1021 1806 1071 nullus
1845 1022 1905 1071 ad

213 1095 455 1144 honorem
480 1095 687 1144 dabatur
721 1095 875 1161 locus,
914 1110 1088 1144 verum
1120 1096 1266 1144 etiam
1299 1097 1520 1145 censoris
1561 1102 1677 1144 nota
1715 1095 1902 1145 tribum

213 1177 386 1218 tenere
433 1171 684 1237 propriam
731 1171 930 1218 minime
981 1167 1250 1218 sinebatur.
1328 1168 1368 1218 Ο
1425 1163 1643 1218 animum
1690 1171 1901 1219 civitatis

213 1243 371 1292 laudis
419 1243 614 1292 avidum
660 1258 990 1308 germaneque
1038 1241 1335 1292 Romanum!
1394 1242 1491 1292 Sed
1538 1243 1899 1308 respondeatur

127 1327 181 1367 15
215 1317 358 1366 mihi:
406 1332 501 1380 qua
548 1323 877 1366 consentanea
924 1318 1112 1365 ratione
1153 1316 1377 1365 homines
1418 1318 1630 1366 scaenici
1670 1316 1728 1365 ab
1769 1319 1902 1366 omni

214 1390 403 1439 honore
454 1390 786 1455 repelluntur,
841 1396 890 1439 et
946 1389 1048 1438 ludi
1103 1391 1316 1439 scaenici
1371 1389 1578 1439 deorum
1627 1390 1900 1440 honoribus

215 1461 585 1513 admiscentur?
645 1463 757 1513 Illas
780 1464 1045 1512 theatricas
1069 1470 1200 1512 artes
1239 1463 1324 1513 diu
1363 1466 1521 1514 virtus
1545 1464 1763 1513 Romana
1802 1480 1901 1514 non

215 1544 445 1604 noverat,
499 1552 624 1601 quae
680 1539 722 1586 si
775 1537 834 1586 ad
883 1536 1297 1586 oblectamentum
1350 1537 1614 1603 voluptatis
1662 1538 1903 1588 humanae

217 1618 599 1677 quaererentur,
653 1613 770 1660 vitio
825 1626 1020 1660 morum
1074 1613 1361 1676 inreperent
1407 1611 1749 1661 humanorum.
1827 1611 1904 1661 Dii

129 1696 186 1735 20
219 1700 301 1734 eas
342 1684 435 1733 sibi
475 1684 698 1734 exhiberi
728 1687 1002 1750 petierunt:
1042 1700 1138 1750 quo
1180 1685 1324 1734 modo
1365 1701 1483 1750 ergo
1523 1685 1733 1735 abicitur
1772 1701 1903 1735 scae-

221 1761 385 1825 nicUS,
431 1773 522 1823 per
570 1773 717 1823 quem
766 1758 945 1807 colitur
990 1755 1160 1808 Deus?
1222 1766 1272 1808 et
1310 1758 1577 1808 theatricae
1617 1759 1748 1809 illius
1801 1767 1904 1809 tur-

219 1831 459 1897 pitudinis
508 1847 604 1896 qua
650 1833 814 1882 fronte
862 1839 1061 1882 notatur
1109 1839 1267 1899 actor,
1318 1834 1360 1881 si
1398 1833 1631 1882 adoratur
1671 1831 1905 1883 exactor?

220 1905 277 1954 In
315 1905 407 1954 hac
448 1908 785 1955 controversia
824 1906 997 1955 Graeci
1021 1906 1328 1972 Romanique
1367 1914 1669 1957 concertent.
1731 1906 1906 1957 Graeci

221 1986 398 2044 putant
437 1986 571 2028 recte
612 1995 663 2029 se
715 1980 959 2029 honorare
999 1979 1223 2030 homines
1264 1983 1538 2047 scaenicoS,
1586 1983 1699 2046 quia
1737 1980 1907 2030 colunt

132 2064 190 2104 25
222 2052 454 2102 ludorum
479 2055 819 2103 scaenicorum
842 2054 1142 2116 flagitatores
1167 2053 1308 2120 deos;
1348 2055 1555 2103 Romani
1593 2070 1709 2104 vero
1749 2054 1904 2104 homi-

221 2125 369 2175 nibus
409 2128 647 2175 scaenicis
687 2142 779 2176 nec
817 2126 1060 2192 plebeiam
1099 2127 1300 2194 tribum,
1340 2134 1522 2194 quanto
1562 2130 1725 2178 minus
1765 2143 1903 2178 sena-

218 2202 399 2249 toriam
449 2202 638 2249 curiam
683 2200 998 2250 dehonestari
1045 2202 1228 2250 sinunt.
1312 2201 1367 2251 In
1413 2202 1504 2251 hac
1552 2201 1904 2266 disceptatione

219 2273 427 2322 huiusce
482 2273 615 2322 modi
669 2275 975 2323 ratiocinatio
1031 2289 1273 2323 summam
1328 2277 1630 2340 quaestionis
1682 2274 1903 2325 absolvit.

219 2346 511 2412 Proponunt
536 2345 731 2397 Graeci:
773 2347 825 2396 Si
849 2348 917 2396 dii
942 2347 1062 2397 tales
1088 2347 1281 2397 colendi
1320 2355 1452 2415 sunt,
1490 2349 1714 2414 profecto
1755 2351 1905 2399 etiam

132 2433 188 2473 30
219 2419 342 2470 tales
388 2420 612 2470 homines
658 2420 946 2470 honorandi.
1022 2421 1300 2471 Adsumunt
1347 2422 1576 2472 Romani:
1633 2421 1730 2471 Sed
1769 2422 1903 2472 nullo

221 2493 367 2543 modo
405 2494 528 2543 tales
559 2493 784 2544 homines
814 2494 1089 2544 honorandi
1127 2501 1256 2544 sunt.
1334 2495 1645 2546 Concludunt
1670 2494 1902 2546 Christia-

222 2569 295 2617 ni:
335 2566 478 2616 Nullo
518 2568 663 2617 modo
702 2569 852 2633 igitur
891 2568 958 2617 dii
997 2568 1118 2617 tales
1158 2569 1351 2618 colendi
1389 2575 1518 2618 sunt.

341 2698 386 2751 4)
417 2695 532 2752 Rep.
566 2699 609 2750 4,
643 2700 710 2739 10.

340 2833 395 2871 23
431 2829 700 2873 concert-‚ent
730 2827 899 2882 AKF‚·
931 2830 1203 2874 concertant
1233 2843 1258 2874 v
1281 2830 1375 2884 1124
1408 2843 1513 2873 cum
1544 2829 1702 2874 colant
1732 2829 1834 2874 ΚΓ
