2020 3122
527 144 593 177 m:
617 143 854 178 cmTA'rE
878 145 966 177 nm
987 145 1030 178 L.
1054 145 1161 178 xm.
1186 144 1223 179 c.
1248 147 1301 179 ιτ.
1326 147 1387 181 is.>
1688 136 1793 188 579

108 260 190 308 isti
238 257 427 326 volunt,
475 258 558 322 qui
605 272 767 322 neque
806 272 833 306 a
872 256 1164 322 corporibus
1216 258 1573 322 separationem
1614 259 1795 309 audent

111 333 226 382 dare
283 331 377 381 diis
432 332 535 380 suis
547 371 561 397 ,
615 346 676 379 ne
728 330 838 379 illos
890 330 1122 380 mortales
1163 330 1323 380 colere
1364 330 1647 399 videantur,
1702 347 1793 382 nec

110 405 428 455 beatitudinis
473 406 822 470 privationem,
868 419 930 453 ne
977 404 1200 453 infelices
1249 420 1333 453 eos
1381 420 1490 454 esse
1531 406 1791 456 fateantur.

108 479 217 528 Non
257 494 375 544 ergo
422 478 481 527 ad
528 477 884 528 beatitudinem
924 478 1320 542 consequendam
1361 480 1522 527 omnia
1562 480 1791 544 fugienda

110 560 226 603 sunt
258 567 490 618 corpora3
529 551 616 601 sed
650 551 989 617 corruptibilia
1020 551 1240 619 molesta,
1281 554 1442 616 gravia
1473 551 1803 619 moribunda3-
1823 563 1854 603 5

108 642 208 676 non
249 626 409 691 qualia
448 627 564 675 fecit
601 627 774 692 primis
813 624 1095 675 hominibus
1134 624 1326 674 bonitas
1365 625 1466 692 Dei,
1507 627 1591 676 sed
1634 627 1792 692 qualia

109 715 217 750 esse
259 700 497 764 compulit
534 715 690 765 poena
730 701 933 764 peccati.

731 873 929 928 CAPUT
969 873 1170 927 XVIII.

109 982 184 1030 De
238 984 456 1030 terrenis
508 982 833 1043 corporibus,
894 996 1027 1042 quae
1077 983 1366 1044 philosophi
1415 984 1693 1041 adfirmant
1742 986 1793 1033 in

174 1056 474 1104 caelestibus
513 1069 619 1104 esse
658 1069 757 1103 non
789 1069 951 1121 posse,
991 1058 1126 1116 quia,
1167 1058 1303 1116 quod
1340 1062 1598 1105 terrenum
1638 1063 1724 1123 est,
1825 1068 1879 1108 10

372 1131 602 1177 naturali
634 1130 863 1190 pondere
902 1135 1169 1178 revocetur
1208 1130 1280 1178 ad
1317 1135 1521 1179 terram.

255 1230 351 1280 Sed
391 1246 595 1280 necesse
635 1239 733 1298 est,
771 1233 1031 1298 inquiunt,
1072 1239 1126 1281 ut
1164 1238 1362 1281 terrena
1402 1247 1610 1297 corpora
1650 1242 1787 1283 natu-

105 1305 204 1354 rale
255 1305 450 1370 pondus
501 1304 576 1353 vel
627 1307 678 1353 in
726 1313 859 1354 terra
904 1313 1070 1355 teneat
1121 1305 1197 1354 vel
1237 1312 1378 1371 cogat
1417 1305 1476 1354 ad
1518 1314 1700 1355 terram
1740 1315 1790 1357 et

103 1378 213 1428 ideo
253 1380 304 1427 in
345 1379 479 1428 caelo
519 1394 629 1427 esse
674 1394 773 1428 non
811 1381 1017 1443 possint.
1094 1378 1248 1428 Primi
1288 1379 1488 1444 quidem
1526 1379 1595 1428 illi
1633 1380 1787 1430 homi-

105 1468 194 1502 nes
231 1454 283 1501 in
323 1459 455 1501 terra
495 1459 635 1501 erant
673 1467 931 1502 nemorosa
972 1460 1118 1517 atque
1160 1453 1435 1519 fructuosa,
1486 1469 1609 1518 quae
1649 1469 1786 1519 para·
1822 1464 1875 1504 15

103 1526 196 1575 disi
241 1540 422 1575 nomen
470 1525 704 1592 obtinuit3
752 1525 839 1576 sed
888 1529 1002 1591 quia
1048 1534 1096 1576 et
1144 1526 1203 1575 ad
1252 1526 1346 1576 hoc
1386 1526 1786 1591 respondendum

103 1608 180 1649 est
224 1599 300 1648 vel
350 1608 554 1665 propter
594 1598 778 1649 Christi
818 1615 999 1665 corpus
1039 1615 1153 1650 cum
1192 1616 1290 1665 quo
1330 1600 1550 1649 ascendit
1587 1602 1639 1649 in
1679 1617 1785 1650 cae-

102 1674 205 1723 lum
243 1673 318 1722 vel
356 1681 561 1738 propter
600 1681 884 1723 sanctorum
923 1674 1084 1738 qualia
1122 1676 1172 1723 in
1212 1675 1578 1723 resurrectione
1618 1674 1786 1724 futura

102 1754 243 1814 sunt,
296 1749 585 1796 intueantur
644 1747 789 1812 paulo
844 1747 1093 1796 adtentius
1143 1746 1362 1812 pondera
1410 1748 1517 1811 ipsa
1571 1754 1783 1797 terrena.

104 1820 155 1869 Si
196 1822 327 1870 enim
367 1836 447 1869 ars
478 1820 705 1869 humana.
731 1821 895 1886 efficit,
934 1828 990 1870 ut
1029 1836 1087 1870 ex
1127 1820 1350 1886 metalliS,
1390 1835 1514 1885 quae
1554 1822 1605 1869 in
1645 1823 1784 1885 aquis
1818 1831 1874 1871 20

102 1896 259 1958 posita
322 1897 556 1943 continuo
619 1893 1038 1960 submerguntur,
1100 1893 1395 1959 quibusdam
1455 1893 1613 1943 modis
1674 1910 1786 1944 vasa

101 1966 337 2016 fabricata
379 1969 525 2016 etiam
577 1974 743 2016 natare
783 1970 998 2032 possint:
1046 1974 1229 2032 quanto
1271 1966 1555 2017 credibilius
1595 1974 1645 2017 et
1683 1969 1786 2017 effi-

101 2043 266 2091 cacius
299 2040 524 2090 occultus
557 2040 732 2105 aliquis
764 2041 939 2090 modus
972 2043 1273 2106 operationis
1306 2041 1408 2108 Dei,
1449 2042 1590 2090 cuius
1630 2044 1783 2091 omni-

99 2116 438 2180 potentissima
494 2114 741 2163 voluntate
795 2114 933 2164 Plato
987 2115 1105 2165 dicit
1151 2131 1242 2164 nec
1292 2122 1400 2164 orta
1445 2116 1650 2164 interire
1691 2130 1783 2164 nec

99 2188 340 2254 conligata
378 2203 524 2253 posse
565 2187 785 2254 dissolvi,
833 2203 946 2238 cum
985 2189 1138 2238 multo
1179 2187 1453 2237 mirabilius
1491 2190 1783 2253 incorporea
1814 2197 1870 2237 25

99 2264 352 2327 corporeis
411 2277 558 2326 quam
597 2277 936 2327 quaecumque
994 2278 1200 2328 corpora
1242 2261 1634 2384 qupuscumque
1675 2277 1780 2311 cor-

97 2335 301 2400 poribus
342 2335 663 2401 copulentur,
709 2342 874 2399 potest
912 2336 1123 2385 molibus
1161 2351 1305 2401 praes
1330 2351 1413 2384 are
1452 2337 1687 2400 terreniS,
1726 2341 1782 2383 ut

100 2408 232 2458 nullo
279 2412 330 2458 in
376 2411 471 2458 ima
518 2408 736 2474 pondere
785 2409 1147 2476 deprimantur,
1198 2412 1416 2474 ipsisque
1457 2410 1630 2457 animis
1669 2423 1779 2471 per-

219 2587 244 2624 9
266 2594 356 2636 sqq.
375 2584 427 2623 ut
457 2581 609 2624 editur
635 2580 716 2634 Vv,
742 2581 836 2624 nisi
850 2581 970 2636 quod
983 2581 1118 2637 vulqo
1134 2583 1328 2624 vocetur
1345 2580 1533 2635 leqitum
1557 2578 1778 2621 aduersus

98 2653 177 2682 eos
210 2640 291 2694 qui
321 2641 506 2683 terrena.
538 2653 732 2695 corpora
764 2639 927 2683 dicunt
957 2653 1147 2695 corpore
1179 2638 1413 2696 grauitate
1444 2636 1647 2680 naturali
1679 2649 1778 2679 cae-

98 2699 193 2740 lum
233 2711 326 2741 non
363 2711 500 2754 posse
540 2697 849 2742 conscendere
888 2699 934 2741 A
942 2715 959 2752 ;
999 2699 1200 2754 idemque
1237 2698 1332 2752 fere
1370 2696 1544 2739 exhibet
1574 2694 1625 2737 F
1650 2707 1778 2738 voca-

98 2757 203 2800 bulo
228 2769 419 2812 corpore
444 2757 618 2801 omisso.
663 2757 746 2800 Ita
769 2758 822 2800 in
844 2758 1034 2813 reliquis
1063 2770 1236 2813 quoque
1266 2756 1403 2799 huius
1436 2754 1545 2797 libri
1576 2753 1779 2808 capitum

96 2815 473 2871 inscriptionibus
519 2817 563 2858 A
604 2819 644 2859 et
683 2815 733 2858 F
768 2830 798 2859 a
836 2817 930 2860 cod.
987 2815 1235 2860 Veronensi
1282 2819 1321 2856 et
1367 2813 1549 2868 vulqari
1595 2812 1779 2855 lectione

89 2886 284 2929 prorsus
315 2874 576 2929 discrepant
598 2876 614 2931 ss
637 2878 693 2918 26
727 2887 949 2930 corporea
980 2889 1005 2917 v

1335 2946 1424 2989 37*
