2020 3122
551 143 618 174 m:
642 140 881 174 crvrm'rn
905 141 994 174 nm
1016 142 1058 174 L.
1082 143 1156 175 111.
1180 142 1217 176 c.
1243 145 1296 178 15.
1322 146 1375 178 16.
1707 136 1811 187 119

129 254 309 305 sceleri
331 253 671 303 reddiderunt.
746 252 848 302 Nec
871 253 1176 319 „discessere
1203 255 1359 320 adytis
1392 258 1588 321 arisque
1629 257 1814 308 relictis

128 323 228 378 di.“
299 327 406 377 Nisi
437 328 564 377 forte
602 328 846 392 quispiam
877 329 950 376 sic
990 327 1220 377 defendat
1259 331 1380 378 istos
1420 330 1553 395 deoS,
1592 338 1647 380 ut
1686 331 1814 380 dicat

131 417 217 451 eos
263 401 374 451 ideo
424 403 664 451 mansisse
712 400 921 466 Romae,
972 416 1070 465 quo
1120 410 1325 466 possent
1371 403 1616 453 Romanos
1662 407 1814 469 magis

128 477 306 542 punire
346 475 601 540 suppliciis
635 489 782 538 quam
820 473 1076 523 beneficiis
1115 474 1358 541 adiuvare,
1398 477 1691 527 seducentes
1730 493 1815 528 eos

130 551 266 599 vanis
304 550 524 598 victoriis
566 555 615 598 et
653 547 794 597 bellis
833 548 1134 612 gravissimis
1174 555 1504 599 conterentes.

275 622 408 672 Haec
470 622 564 671 fuit
623 621 958 670 Romanorum
1018 623 1118 670 vita
1178 621 1270 671 sub
1332 622 1531 687 regibus
1586 623 1814 673 laudabili

131 704 353 762 tempore
385 695 516 745 illius
548 697 622 744 rei
644 694 870 760 publicae
896 709 1054 759 usque
1096 695 1154 744 ad
1195 695 1536 760 expulsionem
1559 696 1815 761 Tarquinii

131 770 347 836 Superbi
399 785 490 835 per
537 769 778 819 ducentos
824 769 980 818 ferme
1032 776 1082 818 et
1122 769 1443 834 quadraginta
1494 776 1596 819 tres
1648 786 1816 836 annoS‚

126 859 243 894 cum
295 843 403 893 illae
456 859 627 892 omnes
677 844 910 892 victoriae
958 850 1059 892 tam
1098 842 1252 892 multo
1302 845 1539 908 sanguine
1579 851 1629 893 et
1667 846 1816 893 tantis

128 924 320 984 emptae
369 915 725 966 calamitatibus
771 918 851 965 vix
897 916 1016 966 illud
1063 918 1327 982 imperium
1376 919 1507 966 intra
1544 919 1717 981 viginti
1756 917 1815 966 ab

129 991 261 1041 Urbe
300 991 432 1041 milia
471 990 808 1056 dilataverint3
850 997 1089 1055 quantum
1129 992 1342 1056 spatium
1382 990 1507 1040 absit
1545 998 1602 1040 ut
1641 990 1817 1041 saltem

128 1065 336 1115 alicuius
377 1064 578 1114 Getulae
620 1066 830 1114 civitatis
869 1079 1000 1113 nunc
1042 1066 1295 1114 territorio
1336 1071 1666 1130 comparetur.

782 1249 981 1305 CAPUT
1015 1251 1157 1305 XVI.

126 1361 205 1410 De
237 1361 419 1422 primis
458 1360 600 1421 apud
634 1359 889 1409 Romanos
929 1361 1230 1419 consulibus,
1270 1373 1484 1421 quorum
1524 1362 1655 1410 alter
1695 1363 1814 1410 alte-

195 1448 310 1483 rum
342 1436 520 1496 patria
554 1435 750 1496 pepulit
786 1447 1002 1495 moxque
1042 1433 1236 1484 Romae
1267 1440 1384 1496 post
1422 1436 1742 1483 atrocissima

255 1508 551 1570 parricidia
590 1522 623 1556 α
662 1510 925 1557 vulnerato
964 1509 1104 1557 hoste
1141 1510 1436 1557 vulneratus
1477 1509 1682 1557 interiit.

276 1610 402 1660 Huic
442 1611 655 1675 tempori
694 1610 963 1659 adiciamus
1002 1612 1150 1659 etiam
1189 1618 1386 1675 tempus
1424 1609 1560 1676 illud,
1599 1625 1697 1674 quo
1734 1626 1815 1659 115-

128 1699 226 1749 que
265 1684 385 1734 dicit
417 1684 680 1734 Sallustius
719 1699 876 1749 aequo
917 1691 967 1733 et
1004 1684 1229 1734 modesto
1268 1686 1377 1733 iure
1417 1686 1667 1749 agitatum,
1700 1684 1816 1733 dum

130 1764 292 1807 metus
331 1773 357 1806 a
397 1757 666 1823 Tarquinio
706 1765 756 1808 et
802 1757 986 1807 bellum
1025 1773 1170 1823 grave
1211 1773 1325 1807 cum
1362 1756 1563 1806 Etruria
1600 1759 1816 1822 positum

127 1838 220 1881 est.
297 1831 542 1889 Quamdiu
589 1833 722 1881 enim
759 1831 960 1882 Etrusci
999 1831 1267 1896 Tarquinio
1315 1831 1478 1880 redire
1518 1833 1569 1880 111
1608 1846 1817 1895 regnum

129 1907 330 1955 conanti
382 1905 606 1970 opitulati
662 1913 800 1971 sunt,
853 1907 990 1970 gravi
1045 1905 1174 1954 bello
1224 1905 1378 1954 Roma
1433 1919 1673 1954 concussa
1728 1912 1816 1954 est.

127 1978 246 2028 Ideo
293 1979 411 2029 dicit
458 1994 615 2044 aequo
662 1987 712 2028 et
759 1979 983 2029 modesto
1029 1981 1138 2028 iure
1185 1986 1372 2044 gestam
1419 1993 1525 2027 rem
1571 1977 1818 2043 publicam

127 2060 265 2102 metu
303 2060 576 2119 premente,
615 2068 715 2102 non
752 2053 1083 2118 persuadente
1123 2054 1324 2102 iustitia.
1399 2051 1456 2101 In
1495 2067 1592 2116 quo
1632 2051 1816 2101 brevis·

129 2128 253 2176 simo
301 2134 523 2191 tempore
572 2142 719 2191 quam
770 2127 999 2176 funestus
1045 2126 1126 2176 ille
1166 2142 1324 2175 annus
1363 2127 1478 2192 fuit,
1533 2141 1631 2190 quo
1669 2127 1815 2190 primi

1851 930 1904 968 10

1850 1445 1903 1483 15

1849 1842 1904 1882 20

129 2199 361 2249 consules
386 2202 541 2249 creati
565 2208 682 2250 sunt
713 2201 917 2266 expulsa
948 2202 1083 2266 regia
1106 2198 1373 2266 potestate!
1412 2199 1607 2249 Annum
1634 2202 1814 2264 quippe
1847 2209 1901 2248 25

129 2288 278 2323 suum
325 2289 425 2323 non
473 2274 860 2339 compleverunt.
935 2274 1059 2324 Nam
1104 2274 1276 2324 Iunius
1315 2273 1499 2322 Brutus
1547 2273 1813 2322 exhonora-

127 2343 236 2396 tum
282 2349 426 2397 eiecit
458 2347 589 2397 Urbe
630 2348 865 2413 collegam
897 2347 1104 2398 Lucium
1137 2347 1460 2412 Tarquinium
1500 2346 1813 2409 Collatinum3

127 2420 307 2470 deinde
349 2436 460 2470 mox
507 2423 613 2487 ipse
657 2424 709 2471 in
761 2421 890 2472 bello
939 2421 1118 2472 cecidit
1156 2423 1341 2471 mutuis
1381 2435 1495 2470 cum
1532 2420 1673 2468 hoste
1712 2418 1812 2467 vul-

129 2493 356 2560 neribuS,
411 2497 588 2545 occisis
635 2511 663 2544 a
709 2511 761 2545 se
815 2498 924 2560 ipso
970 2498 1201 2561 primitus
1248 2494 1359 2543 filiis
1408 2495 1510 2542 suis
1558 2500 1607 2542 et
1645 2493 1812 2541 uxoris

129 2581 249 2616 suae
289 2567 548 2635 fratribUS‚
599 2570 731 2634 quod
778 2585 862 2619 eos
908 2585 1000 2634 pro
1040 2568 1347 2618 restituendo
1388 2566 1655 2629 Tarquinio
1695 2579 1809 2613 con·
1843 2574 1900 2614 30

252 2712 323 2766 18)
355 2709 474 2754 Hist.
508 2711 542 2755 I.

248 2875 276 2915 8
305 2872 402 2916 tres
434 2871 526 2925 A¹,·
556 2877 597 2917 et
631 2877 719 2917 tres
750 2886 776 2917 v
799 2875 814 2927 u
840 2877 891 2916 11
926 2866 1129 2915 miliaria
1159 2870 1230 2914 K²
