2020 3122
240 161 306 214 78
909 172 942 206 s.
966 173 1241 208 AUGUSTINI

239 284 381 348 [non]
432 299 540 334 esse
581 300 686 334 rem
725 284 986 350 publicam.
1062 286 1305 352 „Tantum
1346 292 1464 351 stet,
1514 287 1768 351 inquiunt,
1816 293 1923 336 tan-

236 367 342 409 tum
379 359 552 408 floreat
591 360 745 424 copiis
777 359 976 427 referta,
1014 361 1234 409 victoriis
1274 359 1499 425 gloriosa,
1539 359 1630 420 vel,
1671 359 1802 424 quod
1843 368 1924 409 est

237 433 449 493 felicius,
496 447 616 497 pace
657 447 831 482 secura
871 436 947 483 sit.
1025 433 1087 482 Et
1127 433 1244 497 quid
1283 433 1342 482 ad
1381 429 1513 481 nos‘?
1574 433 1728 482 Immo
1769 433 1818 482 id
1857 434 1919 483 ad

235 522 326 555 nos
351 508 504 571 magis
527 508 759 572 pertinet,
799 507 841 555 si
865 507 1057 556 divitias
1082 509 1290 571 quisque
1325 521 1520 571 semper
1560 513 1752 573 augeat,
1791 521 1917 571 quae

178 590 202 628 5
237 579 493 629 cotidianis
532 579 856 630 effusionibus
896 587 1181 647 suppetant,
1228 596 1319 645 per
1359 596 1481 644 quas
1522 579 1617 629 sibi
1658 582 1804 630 etiam
1846 582 1922 629 in-

236 654 479 702 firmiores
519 653 696 703 subdat
720 656 930 719 quisque
968 656 1233 720 potentior.
1297 653 1647 719 Obsequantur
1687 653 1924 704 divitibus

234 742 478 792 pauperes
503 742 648 777 causa
672 729 943 778 saturitatis
967 734 1113 792 atque
1145 735 1201 777 ut
1232 743 1404 777 eorum
1436 730 1724 793 patrociniis
1756 729 1924 792 quieta

235 803 413 850 inertia
451 802 787 867 perfruantur,
826 802 1001 851 divites
1039 801 1341 867 pauperibus
1381 801 1440 850 ad
1481 801 1732 851 clientelas
1773 808 1822 851 et
1860 802 1920 850 ad

237 877 565 924 ministerium
616 876 694 924 sui
744 875 898 925 fastus
953 874 1232 924 abutantur.
1308 875 1486 940 Populi
1534 875 1769 939 plaudant
1821 890 1922 924 non

149 957 203 997 10
237 948 603 998 consultoribus
642 948 910 998 utilitatum
949 963 1172 1014 suarum,
1221 948 1306 996 sed
1346 948 1663 1012 largitoribus
1702 949 1920 1014 volupta-

237 1030 354 1071 tum.
431 1022 554 1080 ‘Non
609 1022 731 1071 dura
785 1021 1077 1088 iubeantur,
1139 1037 1236 1070 non
1298 1021 1655 1086 prohibeantur
1714 1025 1923 1088 impura.

235 1095 394 1159 Reges
434 1111 533 1144 non
557 1102 735 1145 curent
759 1111 905 1160 quam
937 1095 1094 1162 bonis,
1134 1095 1219 1144 sed
1260 1111 1406 1160 quam
1446 1095 1656 1145 subditis
1695 1103 1920 1161 regnent.

234 1169 521 1218 Provinciae
562 1169 762 1234 regibus
810 1185 910 1218 non
957 1176 1204 1234 tamquam
1244 1169 1525 1219 rectoribus
1564 1185 1784 1238 morum,
1835 1170 1921 1220 sed

236 1250 485 1307 tamquam
523 1258 694 1292 rerum
732 1243 1124 1293 dominatoribus
1165 1250 1214 1292 et
1252 1241 1539 1293 deliciarum
1572 1259 1774 1293 suarum
1807 1259 1920 1309 pro-

150 1326 202 1364 15
235 1316 478 1366 visoribus
533 1318 769 1384 serviant,
823 1332 1007 1381 eosque
1054 1332 1153 1366 non
1201 1319 1463 1367 sinceriter
1511 1318 1779 1385 honorent,
1834 1317 1921 1367 sed

236 1391 466 1455 nequiter
497 1405 553 1439 ac
586 1391 828 1440 serviliter
867 1392 1085 1440 timeant.
1151 1390 1279 1448 Quid
1319 1391 1504 1440 alienae
1545 1393 1714 1440 vineae
1754 1393 1922 1457 potius

237 1479 383 1528 quam
422 1464 539 1528 quid
580 1479 696 1513 suae
735 1466 862 1513 vitae
904 1466 1113 1528 quisque
1154 1472 1352 1531 noceat,
1391 1464 1583 1530 legibus
1622 1464 1920 1515 advertatur.

236 1537 411 1587 Nullus
450 1537 660 1587 ducatur
700 1538 759 1587 ad
797 1538 1002 1604 iudiceS,
1040 1540 1137 1587 nisi
1177 1540 1263 1602 qui
1300 1539 1486 1588 alienae
1526 1541 1600 1588 rei
1639 1538 1808 1589 domui
1847 1553 1920 1588 sa-

235 1611 326 1661 luti
359 1612 434 1660 vel
466 1613 695 1676 cuiquam
737 1613 889 1661 invito
921 1612 1073 1661 fuerit
1103 1613 1402 1677 inportunus
1435 1619 1519 1662 aut
1550 1614 1750 1679 noxius3
1790 1619 1920 1662 cete-

148 1694 203 1734 20
236 1701 348 1735 rum
388 1685 447 1734 de
488 1687 591 1735 suis
631 1685 706 1734 vel
752 1701 866 1735 cum
914 1687 1017 1735 suis
1055 1685 1131 1734 vel
1171 1701 1285 1735 cum
1325 1686 1603 1750 quibusque
1643 1686 1922 1736 volentibus

236 1760 380 1808 faciat
427 1761 635 1823 quisque
689 1759 819 1824 quod
870 1758 1003 1808 libet.
1080 1759 1343 1809 Abundent
1391 1759 1589 1825 publica
1636 1766 1799 1809 scorta
1845 1759 1921 1809 vel

234 1840 439 1898 propter
471 1848 656 1895 omneS,
698 1832 877 1897 quibus
909 1833 1007 1883 frui
1046 1833 1301 1899 placuerit,
1341 1833 1416 1882 vel
1453 1840 1658 1898 propter
1697 1848 1782 1883 eos
1821 1849 1920 1882 ma-

235 1909 387 1972 xime,
434 1908 519 1971 qui
564 1906 746 1956 habere
785 1909 973 1971 privata
1012 1922 1111 1955 non
1150 1914 1372 1972 possunt.
1447 1906 1783 1957 Exstruantur
1821 1922 1919 1956 am-

234 1980 482 2045 plissimae
522 1986 668 2044 atque
709 1982 1047 2030 ornatissimae
1089 1981 1287 2047 domus,
1326 1983 1526 2046 opipara
1566 1982 1785 2030 convivia
1824 1981 1919 2030 fre—

147 2061 203 2102 25
237 2059 554 2119 quententur,
592 2053 680 2103 ubi
718 2056 896 2118 cuique
930 2054 1131 2104 libuerit
1170 2062 1219 2104 et
1255 2055 1512 2121 placuerit,
1551 2054 1629 2104 die
1669 2061 1920 2119 noctuque

235 2127 432 2176 ludatur
477 2126 696 2193 bibatur,
743 2135 968 2177 vomatur
1014 2128 1281 2177 diffluatur.
1359 2128 1652 2178 Saltationes
1700 2128 1919 2192 undique

237 2207 553 2267 concrepent,
584 2200 774 2250 theatra
805 2201 1093 2251 inhonestae
1125 2202 1338 2251 laetitiae
1371 2201 1574 2251 vocibus
1607 2208 1754 2266 atque
1786 2203 1920 2251 omni

236 2289 418 2339 genere
466 2276 566 2323 sive
615 2274 983 2323 crudelissimae
1033 2277 1133 2324 sive
1181 2277 1494 2340 turpissimae
1535 2275 1799 2340 voluptatis
1839 2290 1919 2324 ex-

237 2354 475 2397 aestuent.
554 2347 638 2396 Ille
673 2349 736 2396 sit
766 2347 994 2412 publicus
1019 2350 1263 2415 inimicUS,
1304 2350 1384 2398 cui
1415 2349 1535 2397 haec
1575 2348 1783 2398 felicitas
1823 2347 1918 2397 dis-

147 2430 204 2470 30
235 2421 406 2487 plicet3
454 2422 678 2485 quisquis
718 2436 826 2470 eam
864 2428 1055 2470 mutare
1095 2422 1170 2470 vel
1209 2423 1404 2471 auferre
1442 2423 1767 2487 temptaverit,
1806 2437 1919 2471 eum

236 2494 390 2544 libera
444 2494 706 2544 multitudo
761 2501 948 2544 avertat
1001 2494 1060 2543 ab
1108 2495 1340 2562 auribuS,
1396 2502 1583 2544 evertat
1629 2510 1656 2544 e
1704 2495 1919 2561 sedibUS,

237 2569 427 2618 auferat
480 2584 507 2617 a
559 2568 849 2617 viventibus,
926 2568 1000 2617 Illi
1054 2567 1328 2617 habeantur
1382 2568 1450 2617 dii
1495 2570 1622 2634 veri,
1670 2570 1754 2634 qui
1792 2569 1918 2617 hanc

238 2641 601 2708 adipiscendam
625 2642 820 2706 populis
844 2643 1222 2707 procuraverint
1246 2642 1569 2707 adeptamque
1603 2644 1918 2691 servaverint.

357 2790 378 2828 1
412 2769 528 2840 non,
567 2785 687 2841 quod
724 2785 819 2828 iam
859 2785 910 2828 in
935 2785 1094 2840 priore
1124 2784 1318 2829 editione
1347 2788 1600 2839 suspectum
1630 2797 1720 2828 esse
1749 2785 1919 2837 notavi,

234 2857 354 2946 grssfi
351 2844 585 2947 5¹1(ssvass
631 2842 796 2887 uineae
845 2842 1073 2897 0¹AKF,·
1119 2842 1206 2887 viti
1244 2857 1269 2887 v
1315 2845 1330 2898 Η
1377 2848 1431 2887 25
1470 2842 1700 2899 placuerit
1730 2842 1801 2897 A‚·
1838 2855 1919 2899 po-
