<?xml version="1.0" encoding="UTF-8"?>
<!DOCTYPE html PUBLIC "-//W3C//DTD XHTML 1.0 Transitional//EN"
    "http://www.w3.org/TR/xhtml1/DTD/xhtml1-transitional.dtd">
<html xmlns="http://www.w3.org/1999/xhtml" xml:lang="en" lang="en">
 <head>
  <title>
</title>
<meta http-equiv="Content-Type" content="text/html;charset=utf-8" />
  <meta name='ocr-system' content='tesseract 3.04.00' />
  <meta name='ocr-capabilities' content='ocr_page ocr_carea ocr_par ocr_line ocrx_word'/>
</head>
<body>
  <div class='ocr_page' id='page_1' title='image "./decivitatedeilib01auguuoft_0316.png"; bbox 0 0 2020 3122; ppageno 0'>
   <div class='ocr_carea' id='block_1_1' title="bbox 257 138 1278 190">
    <p class='ocr_par' dir='ltr' id='par_1_1' title="bbox 257 138 1278 190">
     <span class='ocr_line' id='line_1_1' title="bbox 257 138 1278 190; baseline -0.009 0"><span class='ocrx_word' id='word_1_1' title='bbox 257 138 367 190; x_wconf 87' lang='lat'>304</span> <span class='ocrx_word' id='word_1_2' title='bbox 943 147 977 181; x_wconf 79' lang='lat' dir='ltr'>s,</span> <span class='ocrx_word' id='word_1_3' title='bbox 1002 147 1278 182; x_wconf 67' lang='lat' dir='ltr'>AUGUSTnu</span> 
     </span>
    </p>
   </div>
   <div class='ocr_carea' id='block_1_2' title="bbox 164 259 1938 1652">
    <p class='ocr_par' dir='ltr' id='par_1_2' title="bbox 164 259 1938 1652">
     <span class='ocr_line' id='line_1_2' title="bbox 254 259 1936 327; baseline 0.001 -16"><span class='ocrx_word' id='word_1_4' title='bbox 254 264 384 311; x_wconf 89' lang='lat' dir='ltr'>sicut</span> <span class='ocrx_word' id='word_1_5' title='bbox 415 267 487 310; x_wconf 89' lang='lat' dir='ltr'>tot</span> <span class='ocrx_word' id='word_1_6' title='bbox 519 260 893 324; x_wconf 84' lang='lat' dir='ltr'>cognominibus</span> <span class='ocrx_word' id='word_1_7' title='bbox 933 275 1063 309; x_wconf 87' lang='lat' dir='ltr'>unus</span> <span class='ocrx_word' id='word_1_8' title='bbox 1101 259 1322 325; x_wconf 90' lang='lat' dir='ltr'>luppiter</span> <span class='ocrx_word' id='word_1_9' title='bbox 1361 268 1410 310; x_wconf 94' lang='lat' dir='ltr'>et</span> <span class='ocrx_word' id='word_1_10' title='bbox 1448 268 1522 310; x_wconf 90' lang='lat' dir='ltr'>tot</span> <span class='ocrx_word' id='word_1_11' title='bbox 1561 261 1936 327; x_wconf 84' lang='lat' dir='ltr'><strong>cognominibus</strong></span> 
     </span>
     <span class='ocr_line' id='line_1_3' title="bbox 260 333 1938 399; baseline 0.002 -16"><span class='ocrx_word' id='word_1_12' title='bbox 260 350 357 384; x_wconf 87' lang='lat' dir='ltr'>una</span> <span class='ocrx_word' id='word_1_13' title='bbox 396 335 539 399; x_wconf 92' lang='lat' dir='ltr'>Iuno,</span> <span class='ocrx_word' id='word_1_14' title='bbox 585 336 636 382; x_wconf 93' lang='lat' dir='ltr'>in</span> <span class='ocrx_word' id='word_1_15' title='bbox 684 333 863 398; x_wconf 90' lang='lat' dir='ltr'>quibus</span> <span class='ocrx_word' id='word_1_16' title='bbox 911 333 1140 383; x_wconf 91' lang='lat' dir='ltr'>omnibus</span> <span class='ocrx_word' id='word_1_17' title='bbox 1192 336 1266 383; x_wconf 88' lang='lat' dir='ltr'>vis</span> <span class='ocrx_word' id='word_1_18' title='bbox 1312 334 1568 399; x_wconf 81' lang='lat' dir='ltr'>multiplex</span> <span class='ocrx_word' id='word_1_19' title='bbox 1608 350 1718 384; x_wconf 91' lang='lat' dir='ltr'>esse</span> <span class='ocrx_word' id='word_1_20' title='bbox 1756 335 1938 386; x_wconf 88' lang='lat' dir='ltr'>dicitur</span> 
     </span>
     <span class='ocr_line' id='line_1_4' title="bbox 260 407 1937 474; baseline 0.002 -18"><span class='ocrx_word' id='word_1_21' title='bbox 260 408 319 456; x_wconf 92' lang='lat' dir='ltr'>ad</span> <span class='ocrx_word' id='word_1_22' title='bbox 358 423 514 457; x_wconf 91' lang='lat' dir='ltr'>unum</span> <span class='ocrx_word' id='word_1_23' title='bbox 553 408 701 457; x_wconf 89' lang='lat' dir='ltr'>deum</span> <span class='ocrx_word' id='word_1_24' title='bbox 739 408 815 457; x_wconf 91' lang='lat' dir='ltr'>vel</span> <span class='ocrx_word' id='word_1_25' title='bbox 854 423 1001 457; x_wconf 87' lang='lat' dir='ltr'>unam</span> <span class='ocrx_word' id='word_1_26' title='bbox 1041 407 1180 456; x_wconf 85' lang='lat' dir='ltr'>deam</span> <span class='ocrx_word' id='word_1_27' title='bbox 1220 410 1497 474; x_wconf 82' lang='lat' dir='ltr'>pertinens,</span> <span class='ocrx_word' id='word_1_28' title='bbox 1535 423 1635 457; x_wconf 91' lang='lat' dir='ltr'>non</span> <span class='ocrx_word' id='word_1_29' title='bbox 1674 409 1937 459; x_wconf 89' lang='lat' dir='ltr'>multitudo</span> 
     </span>
     <span class='ocr_line' id='line_1_5' title="bbox 259 481 1934 546; baseline 0.001 -16"><span class='ocrx_word' id='word_1_30' title='bbox 259 482 604 546; x_wconf 83' lang='lat' dir='ltr'>cognominum</span> <span class='ocrx_word' id='word_1_31' title='bbox 660 481 866 531; x_wconf 89' lang='lat' dir='ltr'>deorum</span> <span class='ocrx_word' id='word_1_32' title='bbox 920 483 1067 531; x_wconf 90' lang='lat' dir='ltr'>etiam</span> <span class='ocrx_word' id='word_1_33' title='bbox 1128 481 1494 530; x_wconf 85' lang='lat' dir='ltr'>multitudinem</span> <span class='ocrx_word' id='word_1_34' title='bbox 1548 482 1746 532; x_wconf 84' lang='lat' dir='ltr'>faciens,</span> <span class='ocrx_word' id='word_1_35' title='bbox 1839 482 1934 532; x_wconf 91' lang='lat' dir='ltr'>Sed</span> 
     </span>
     <span class='ocr_line' id='line_1_6' title="bbox 201 555 1935 620; baseline 0.002 -18"><span class='ocrx_word' id='word_1_36' title='bbox 201 564 226 602; x_wconf 87' lang='lat'>5</span> <span class='ocrx_word' id='word_1_37' title='bbox 258 555 481 620; x_wconf 86' lang='lat' dir='ltr'>profecto</span> <span class='ocrx_word' id='word_1_38' title='bbox 537 557 665 605; x_wconf 85' lang='lat' dir='ltr'>sicut</span> <span class='ocrx_word' id='word_1_39' title='bbox 720 555 978 620; x_wconf 91' lang='lat' dir='ltr'>aliquando</span> <span class='ocrx_word' id='word_1_40' title='bbox 1035 557 1181 604; x_wconf 88' lang='lat' dir='ltr'>etiam</span> <span class='ocrx_word' id='word_1_41' title='bbox 1235 556 1365 619; x_wconf 84' lang='lat' dir='ltr'>ipsas</span> <span class='ocrx_word' id='word_1_42' title='bbox 1419 555 1677 604; x_wconf 87' lang='lat' dir='ltr'>vilissimas</span> <span class='ocrx_word' id='word_1_43' title='bbox 1729 556 1935 605; x_wconf 87' lang='lat' dir='ltr'>seminas</span> 
     </span>
     <span class='ocr_line' id='line_1_7' title="bbox 254 628 1933 697; baseline 0.001 -20"><span class='ocrx_word' id='word_1_44' title='bbox 254 645 445 697; x_wconf 83' lang='lat' dir='ltr'>earum,</span> <span class='ocrx_word' id='word_1_45' title='bbox 493 645 613 694; x_wconf 89' lang='lat' dir='ltr'>quas</span> <span class='ocrx_word' id='word_1_46' title='bbox 653 628 854 678; x_wconf 85' lang='lat' dir='ltr'>libidine</span> <span class='ocrx_word' id='word_1_47' title='bbox 895 630 1236 694; x_wconf 86' lang='lat' dir='ltr'>quaesierunt,</span> <span class='ocrx_word' id='word_1_48' title='bbox 1277 628 1439 677; x_wconf 88' lang='lat' dir='ltr'>taedet</span> <span class='ocrx_word' id='word_1_49' title='bbox 1476 631 1790 694; x_wconf 87' lang='lat' dir='ltr'>paenitetque</span> <span class='ocrx_word' id='word_1_50' title='bbox 1831 637 1933 679; x_wconf 91' lang='lat' dir='ltr'>tur-</span> 
     </span>
     <span class='ocr_line' id='line_1_8' title="bbox 254 702 1935 768; baseline 0 -16"><span class='ocrx_word' id='word_1_51' title='bbox 254 703 451 753; x_wconf 90' lang='lat' dir='ltr'>barum:</span> <span class='ocrx_word' id='word_1_52' title='bbox 499 705 568 752; x_wconf 88' lang='lat' dir='ltr'>sic</span> <span class='ocrx_word' id='word_1_53' title='bbox 615 704 822 751; x_wconf 87' lang='lat' dir='ltr'>animam</span> <span class='ocrx_word' id='word_1_54' title='bbox 871 702 1014 751; x_wconf 90' lang='lat' dir='ltr'>vilem</span> <span class='ocrx_word' id='word_1_55' title='bbox 1062 702 1236 751; x_wconf 86' lang='lat' dir='ltr'>factam</span> <span class='ocrx_word' id='word_1_56' title='bbox 1285 709 1332 750; x_wconf 84' lang='lat' dir='ltr'>et.</span> <span class='ocrx_word' id='word_1_57' title='bbox 1380 702 1630 751; x_wconf 89' lang='lat' dir='ltr'>inmundis</span> <span class='ocrx_word' id='word_1_58' title='bbox 1679 702 1935 768; x_wconf 88' lang='lat' dir='ltr'>spiritibus</span> 
     </span>
     <span class='ocr_line' id='line_1_9' title="bbox 255 775 1934 842; baseline 0.001 -17"><span class='ocrx_word' id='word_1_59' title='bbox 255 779 570 842; x_wconf 84' lang='lat' dir='ltr'>prostitutam</span> <span class='ocrx_word' id='word_1_60' title='bbox 622 777 740 825; x_wconf 90' lang='lat' dir='ltr'>deos</span> <span class='ocrx_word' id='word_1_61' title='bbox 791 775 883 824; x_wconf 92' lang='lat' dir='ltr'>sibi</span> <span class='ocrx_word' id='word_1_62' title='bbox 931 775 1282 841; x_wconf 87' lang='lat' dir='ltr'>multiplicare,</span> <span class='ocrx_word' id='word_1_63' title='bbox 1334 775 1515 839; x_wconf 87' lang='lat' dir='ltr'>quihus</span> <span class='ocrx_word' id='word_1_64' title='bbox 1562 777 1934 826; x_wconf 86' lang='lat' dir='ltr'>contaminanda</span> 
     </span>
     <span class='ocr_line' id='line_1_10' title="bbox 259 848 1934 915; baseline 0.001 -16"><span class='ocrx_word' id='word_1_65' title='bbox 259 857 687 915; x_wconf 79' lang='lat' dir='ltr'>prosterneretur,</span> <span class='ocrx_word' id='word_1_66' title='bbox 740 851 867 898; x_wconf 89' lang='lat' dir='ltr'>sicut</span> <span class='ocrx_word' id='word_1_67' title='bbox 916 849 1183 913; x_wconf 87' lang='lat' dir='ltr'>plurimum</span> <span class='ocrx_word' id='word_1_68' title='bbox 1234 848 1403 915; x_wconf 87' lang='lat' dir='ltr'>libuit,</span> <span class='ocrx_word' id='word_1_69' title='bbox 1457 851 1527 898; x_wconf 91' lang='lat' dir='ltr'>sic</span> <span class='ocrx_word' id='word_1_70' title='bbox 1577 849 1834 914; x_wconf 83' lang='lat' dir='ltr'>aliquando</span> <span class='ocrx_word' id='word_1_71' title='bbox 1885 857 1934 900; x_wconf 92' lang='lat' dir='ltr'>et</span> 
     </span>
     <span class='ocr_line' id='line_1_11' title="bbox 168 922 1932 989; baseline 0.001 -17"><span class='ocrx_word' id='word_1_72' title='bbox 168 934 223 973; x_wconf 89' lang='lat'>10</span> <span class='ocrx_word' id='word_1_73' title='bbox 254 926 426 989; x_wconf 84' lang='lat' dir='ltr'>piguit.</span> <span class='ocrx_word' id='word_1_74' title='bbox 503 923 624 972; x_wconf 91' lang='lat' dir='ltr'>Nam</span> <span class='ocrx_word' id='word_1_75' title='bbox 666 930 713 972; x_wconf 89' lang='lat' dir='ltr'>et</span> <span class='ocrx_word' id='word_1_76' title='bbox 753 925 858 988; x_wconf 91' lang='lat' dir='ltr'>ipse</span> <span class='ocrx_word' id='word_1_77' title='bbox 900 922 1051 970; x_wconf 83' lang='lat' dir='ltr'>Varro</span> <span class='ocrx_word' id='word_1_78' title='bbox 1094 925 1232 986; x_wconf 87' lang='lat' dir='ltr'>quasi</span> <span class='ocrx_word' id='word_1_79' title='bbox 1272 922 1331 970; x_wconf 89' lang='lat' dir='ltr'>de</span> <span class='ocrx_word' id='word_1_80' title='bbox 1371 924 1474 987; x_wconf 87' lang='lat' dir='ltr'>ipsa</span> <span class='ocrx_word' id='word_1_81' title='bbox 1514 922 1659 972; x_wconf 87' lang='lat' dir='ltr'>turba</span> <span class='ocrx_word' id='word_1_82' title='bbox 1697 939 1932 973; x_wconf 85' lang='lat' dir='ltr'>verecun-</span> 
     </span>
     <span class='ocr_line' id='line_1_12' title="bbox 250 995 1933 1064; baseline 0 -18"><span class='ocrx_word' id='word_1_83' title='bbox 250 997 393 1046; x_wconf 82' lang='lat' dir='ltr'>datus</span> <span class='ocrx_word' id='word_1_84' title='bbox 440 1013 586 1046; x_wconf 84' lang='lat' dir='ltr'>unam</span> <span class='ocrx_word' id='word_1_85' title='bbox 627 997 765 1045; x_wconf 89' lang='lat' dir='ltr'>deam</span> <span class='ocrx_word' id='word_1_86' title='bbox 805 997 908 1045; x_wconf 89' lang='lat' dir='ltr'>vult</span> <span class='ocrx_word' id='word_1_87' title='bbox 948 1011 1055 1044; x_wconf 92' lang='lat' dir='ltr'>esse</span> <span class='ocrx_word' id='word_1_88' title='bbox 1096 996 1357 1045; x_wconf 79' lang='lat' dir='ltr'>Tellurem.</span> <span class='ocrx_word' id='word_1_89' title='bbox 1434 995 1704 1064; x_wconf 86' lang='lat' dir='ltr'>„Eandem,</span> <span class='ocrx_word' id='word_1_90' title='bbox 1759 999 1933 1063; x_wconf 84' lang='lat' dir='ltr'>inquit,</span> 
     </span>
     <span class='ocr_line' id='line_1_13' title="bbox 253 1069 1932 1137; baseline 0.001 -18"><span class='ocrx_word' id='word_1_91' title='bbox 253 1071 431 1119; x_wconf 72' lang='lat' dir='ltr'>dicunt</span> <span class='ocrx_word' id='word_1_92' title='bbox 461 1070 667 1119; x_wconf 88' lang='lat' dir='ltr'>Matrem</span> <span class='ocrx_word' id='word_1_93' title='bbox 713 1070 958 1135; x_wconf 69' lang='lat' dir='ltr'>Magnam,</span> <span class='ocrx_word' id='word_1_94' title='bbox 1009 1069 1138 1134; x_wconf 87' lang='lat' dir='ltr'>quod</span> <span class='ocrx_word' id='word_1_95' title='bbox 1179 1076 1464 1134; x_wconf 82' lang='lat' dir='ltr'>tympanum</span> <span class='ocrx_word' id='word_1_96' title='bbox 1503 1069 1700 1137; x_wconf 89' lang='lat' dir='ltr'>habeat,</span> <span class='ocrx_word' id='word_1_97' title='bbox 1752 1072 1932 1136; x_wconf 84' lang='lat' dir='ltr'>signifi·</span> 
     </span>
     <span class='ocr_line' id='line_1_14' title="bbox 251 1144 1933 1212; baseline 0.001 -19"><span class='ocrx_word' id='word_1_98' title='bbox 251 1146 351 1193; x_wconf 88' lang='lat' dir='ltr'>cari</span> <span class='ocrx_word' id='word_1_99' title='bbox 404 1160 511 1193; x_wconf 89' lang='lat' dir='ltr'>esse</span> <span class='ocrx_word' id='word_1_100' title='bbox 567 1144 737 1193; x_wconf 83' lang='lat' dir='ltr'>orbem</span> <span class='ocrx_word' id='word_1_101' title='bbox 787 1151 972 1210; x_wconf 81' lang='lat' dir='ltr'>terrae3</span> <span class='ocrx_word' id='word_1_102' title='bbox 1028 1144 1156 1208; x_wconf 88' lang='lat' dir='ltr'>quod</span> <span class='ocrx_word' id='word_1_103' title='bbox 1208 1146 1358 1191; x_wconf 88' lang='lat' dir='ltr'>turris</span> <span class='ocrx_word' id='word_1_104' title='bbox 1406 1146 1455 1191; x_wconf 89' lang='lat' dir='ltr'>in</span> <span class='ocrx_word' id='word_1_105' title='bbox 1497 1147 1680 1211; x_wconf 83' lang='lat' dir='ltr'>capite,</span> <span class='ocrx_word' id='word_1_106' title='bbox 1735 1145 1933 1212; x_wconf 81' lang='lat' dir='ltr'>oppida;</span> 
     </span>
     <span class='ocr_line' id='line_1_15' title="bbox 252 1218 1933 1285; baseline 0.001 -18"><span class='ocrx_word' id='word_1_107' title='bbox 252 1218 381 1282; x_wconf 89' lang='lat' dir='ltr'>quod</span> <span class='ocrx_word' id='word_1_108' title='bbox 431 1218 608 1267; x_wconf 89' lang='lat' dir='ltr'>sedens</span> <span class='ocrx_word' id='word_1_109' title='bbox 655 1219 888 1283; x_wconf 86' lang='lat' dir='ltr'>fingatur,</span> <span class='ocrx_word' id='word_1_110' title='bbox 938 1219 1067 1266; x_wconf 85' lang='lat' dir='ltr'>circa</span> <span class='ocrx_word' id='word_1_111' title='bbox 1115 1232 1220 1265; x_wconf 78' lang='lat' dir='ltr'>eam</span> <span class='ocrx_word' id='word_1_112' title='bbox 1270 1233 1380 1266; x_wconf 89' lang='lat' dir='ltr'>cum</span> <span class='ocrx_word' id='word_1_113' title='bbox 1430 1220 1590 1266; x_wconf 91' lang='lat' dir='ltr'>omnia</span> <span class='ocrx_word' id='word_1_114' title='bbox 1631 1226 1933 1285; x_wconf 87' lang='lat' dir='ltr'>moveantur,</span> 
     </span>
     <span class='ocr_line' id='line_1_16' title="bbox 164 1290 1934 1356; baseline 0.001 -17"><span class='ocrx_word' id='word_1_115' title='bbox 164 1300 218 1339; x_wconf 87' lang='lat'>15</span> <span class='ocrx_word' id='word_1_116' title='bbox 251 1293 406 1356; x_wconf 83' lang='lat' dir='ltr'>ipsam</span> <span class='ocrx_word' id='word_1_117' title='bbox 454 1307 552 1340; x_wconf 89' lang='lat' dir='ltr'>non</span> <span class='ocrx_word' id='word_1_118' title='bbox 600 1294 799 1340; x_wconf 86' lang='lat' dir='ltr'>moveri.</span> <span class='ocrx_word' id='word_1_119' title='bbox 878 1291 1018 1348; x_wconf 91' lang='lat' dir='ltr'>Quod</span> <span class='ocrx_word' id='word_1_120' title='bbox 1061 1291 1221 1339; x_wconf 81' lang='lat' dir='ltr'>Gallos</span> <span class='ocrx_word' id='word_1_121' title='bbox 1268 1290 1383 1340; x_wconf 85' lang='lat' dir='ltr'>huic</span> <span class='ocrx_word' id='word_1_122' title='bbox 1429 1291 1547 1340; x_wconf 89' lang='lat' dir='ltr'>deae</span> <span class='ocrx_word' id='word_1_123' title='bbox 1597 1299 1651 1340; x_wconf 89' lang='lat' dir='ltr'>ut</span> <span class='ocrx_word' id='word_1_124' title='bbox 1691 1294 1934 1342; x_wconf 88' lang='lat' dir='ltr'>servirent</span> 
     </span>
     <span class='ocr_line' id='line_1_17' title="bbox 257 1364 1933 1432; baseline 0.001 -19"><span class='ocrx_word' id='word_1_125' title='bbox 257 1366 507 1431; x_wconf 84' lang='lat' dir='ltr'>fecerunt,</span> <span class='ocrx_word' id='word_1_126' title='bbox 560 1366 824 1432; x_wconf 83' lang='lat' dir='ltr'>significat,</span> <span class='ocrx_word' id='word_1_127' title='bbox 873 1367 957 1428; x_wconf 87' lang='lat' dir='ltr'>qui</span> <span class='ocrx_word' id='word_1_128' title='bbox 1005 1366 1191 1414; x_wconf 91' lang='lat' dir='ltr'>semine</span> <span class='ocrx_word' id='word_1_129' title='bbox 1242 1364 1514 1431; x_wconf 78' lang='lat' dir='ltr'>indigeant,</span> <span class='ocrx_word' id='word_1_130' title='bbox 1562 1372 1742 1414; x_wconf 86' lang='lat' dir='ltr'>terram</span> <span class='ocrx_word' id='word_1_131' title='bbox 1793 1367 1933 1430; x_wconf 91' lang='lat' dir='ltr'>sequi</span> 
     </span>
     <span class='ocr_line' id='line_1_18' title="bbox 252 1438 1931 1505; baseline 0.001 -19"><span class='ocrx_word' id='word_1_132' title='bbox 252 1448 503 1505; x_wconf 84' lang='lat' dir='ltr'>oportere3</span> <span class='ocrx_word' id='word_1_133' title='bbox 558 1440 607 1487; x_wconf 89' lang='lat' dir='ltr'>in</span> <span class='ocrx_word' id='word_1_134' title='bbox 665 1454 720 1488; x_wconf 90' lang='lat' dir='ltr'>ea</span> <span class='ocrx_word' id='word_1_135' title='bbox 771 1440 951 1504; x_wconf 88' lang='lat' dir='ltr'>quippe</span> <span class='ocrx_word' id='word_1_136' title='bbox 1003 1440 1164 1486; x_wconf 87' lang='lat' dir='ltr'>omnia</span> <span class='ocrx_word' id='word_1_137' title='bbox 1213 1440 1435 1503; x_wconf 84' lang='lat' dir='ltr'>reperiri.</span> <span class='ocrx_word' id='word_1_138' title='bbox 1514 1438 1654 1496; x_wconf 87' lang='lat' dir='ltr'>Quod</span> <span class='ocrx_word' id='word_1_139' title='bbox 1703 1454 1754 1488; x_wconf 88' lang='lat' dir='ltr'>se</span> <span class='ocrx_word' id='word_1_140' title='bbox 1803 1439 1931 1504; x_wconf 90' lang='lat' dir='ltr'>apud</span> 
     </span>
     <span class='ocr_line' id='line_1_19' title="bbox 252 1513 1931 1580; baseline 0.001 -20"><span class='ocrx_word' id='word_1_141' title='bbox 252 1528 358 1561; x_wconf 87' lang='lat' dir='ltr'>eam</span> <span class='ocrx_word' id='word_1_142' title='bbox 413 1515 615 1580; x_wconf 88' lang='lat' dir='ltr'>iactant,</span> <span class='ocrx_word' id='word_1_143' title='bbox 668 1514 995 1577; x_wconf 85' lang='lat' dir='ltr'>praecipitur,</span> <span class='ocrx_word' id='word_1_144' title='bbox 1049 1514 1231 1578; x_wconf 85' lang='lat' dir='ltr'>inquit,</span> <span class='ocrx_word' id='word_1_145' title='bbox 1289 1513 1372 1575; x_wconf 88' lang='lat' dir='ltr'>qui</span> <span class='ocrx_word' id='word_1_146' title='bbox 1411 1518 1593 1561; x_wconf 89' lang='lat' dir='ltr'>terram</span> <span class='ocrx_word' id='word_1_147' title='bbox 1635 1513 1822 1580; x_wconf 85' lang='lat' dir='ltr'>colunt,</span> <span class='ocrx_word' id='word_1_148' title='bbox 1870 1529 1931 1562; x_wconf 89' lang='lat' dir='ltr'>ne</span> 
     </span>
     <span class='ocr_line' id='line_1_20' title="bbox 251 1585 1930 1652; baseline 0.001 -18"><span class='ocrx_word' id='word_1_149' title='bbox 251 1587 472 1652; x_wconf 84' lang='lat' dir='ltr'>sedeant3</span> <span class='ocrx_word' id='word_1_150' title='bbox 513 1602 709 1651; x_wconf 90' lang='lat' dir='ltr'>semper</span> <span class='ocrx_word' id='word_1_151' title='bbox 747 1589 878 1635; x_wconf 91' lang='lat' dir='ltr'>enim</span> <span class='ocrx_word' id='word_1_152' title='bbox 918 1601 1026 1635; x_wconf 89' lang='lat' dir='ltr'>esse</span> <span class='ocrx_word' id='word_1_153' title='bbox 1067 1585 1195 1650; x_wconf 89' lang='lat' dir='ltr'>quod</span> <span class='ocrx_word' id='word_1_154' title='bbox 1238 1592 1394 1650; x_wconf 87' lang='lat' dir='ltr'>agant.</span> <span class='ocrx_word' id='word_1_155' title='bbox 1472 1585 1815 1650; x_wconf 84' lang='lat' dir='ltr'>Cymbalorum</span> <span class='ocrx_word' id='word_1_156' title='bbox 1855 1602 1930 1636; x_wconf 91' lang='lat' dir='ltr'>so·</span> 
     </span>
    </p>
   </div>
   <div class='ocr_carea' id='block_1_3' title="bbox 102 1661 1931 1709">
    <p class='ocr_par' dir='ltr' id='par_1_3' title="bbox 102 1661 1931 1709">
     <span class='ocr_line' id='line_1_21' title="bbox 102 1661 1931 1709; baseline 0.001 -1"><span class='ocrx_word' id='word_1_157' title='bbox 102 1684 107 1687; x_wconf 93' lang='lat'>·</span> <span class='ocrx_word' id='word_1_158' title='bbox 165 1669 222 1708; x_wconf 78' lang='lat'>20</span> <span class='ocrx_word' id='word_1_159' title='bbox 255 1662 388 1709; x_wconf 88' lang='lat' dir='ltr'>nitus</span> <span class='ocrx_word' id='word_1_160' title='bbox 435 1661 848 1709; x_wconf 88' lang='lat' dir='ltr'>ferramentorum</span> <span class='ocrx_word' id='word_1_161' title='bbox 896 1661 1207 1709; x_wconf 89' lang='lat' dir='ltr'>iactationem</span> <span class='ocrx_word' id='word_1_162' title='bbox 1255 1674 1309 1707; x_wconf 93' lang='lat' dir='ltr'>ac</span> <span class='ocrx_word' id='word_1_163' title='bbox 1350 1674 1584 1708; x_wconf 90' lang='lat' dir='ltr'>manuum</span> <span class='ocrx_word' id='word_1_164' title='bbox 1624 1667 1674 1709; x_wconf 89' lang='lat' dir='ltr'>et</span> <span class='ocrx_word' id='word_1_165' title='bbox 1712 1662 1818 1709; x_wconf 91' lang='lat' dir='ltr'>eius</span> <span class='ocrx_word' id='word_1_166' title='bbox 1857 1662 1931 1709; x_wconf 90' lang='lat' dir='ltr'>rei</span> 
     </span>
    </p>
   </div>
   <div class='ocr_carea' id='block_1_4' title="bbox 159 1733 1932 2534">
    <p class='ocr_par' dir='ltr' id='par_1_4' title="bbox 159 1733 1932 2534">
     <span class='ocr_line' id='line_1_22' title="bbox 255 1733 1932 1800; baseline 0 -18"><span class='ocrx_word' id='word_1_167' title='bbox 255 1735 498 1798; x_wconf 78' lang='lat' dir='ltr'>crepitum</span> <span class='ocrx_word' id='word_1_168' title='bbox 550 1736 599 1782; x_wconf 91' lang='lat' dir='ltr'>in</span> <span class='ocrx_word' id='word_1_169' title='bbox 652 1734 857 1783; x_wconf 91' lang='lat' dir='ltr'>colendo</span> <span class='ocrx_word' id='word_1_170' title='bbox 906 1749 1021 1798; x_wconf 89' lang='lat' dir='ltr'>agro</span> <span class='ocrx_word' id='word_1_171' title='bbox 1071 1735 1152 1798; x_wconf 92' lang='lat' dir='ltr'>qui</span> <span class='ocrx_word' id='word_1_172' title='bbox 1200 1733 1255 1781; x_wconf 84' lang='lat' dir='ltr'>fit</span> <span class='ocrx_word' id='word_1_173' title='bbox 1302 1733 1598 1799; x_wconf 81' lang='lat' dir='ltr'>significant3</span> <span class='ocrx_word' id='word_1_174' title='bbox 1653 1733 1762 1782; x_wconf 91' lang='lat' dir='ltr'>ideo</span> <span class='ocrx_word' id='word_1_175' title='bbox 1803 1748 1932 1800; x_wconf 86' lang='lat' dir='ltr'>aere,</span> 
     </span>
     <span class='ocr_line' id='line_1_23' title="bbox 251 1807 1931 1873; baseline 0 -17"><span class='ocrx_word' id='word_1_176' title='bbox 251 1808 383 1871; x_wconf 90' lang='lat' dir='ltr'>quod</span> <span class='ocrx_word' id='word_1_177' title='bbox 423 1823 530 1856; x_wconf 88' lang='lat' dir='ltr'>eam</span> <span class='ocrx_word' id='word_1_178' title='bbox 581 1809 768 1872; x_wconf 87' lang='lat' dir='ltr'>antiqui</span> <span class='ocrx_word' id='word_1_179' title='bbox 816 1807 1040 1856; x_wconf 87' lang='lat' dir='ltr'>colebant</span> <span class='ocrx_word' id='word_1_180' title='bbox 1089 1821 1223 1873; x_wconf 86' lang='lat' dir='ltr'>aere,</span> <span class='ocrx_word' id='word_1_181' title='bbox 1272 1812 1532 1870; x_wconf 88' lang='lat' dir='ltr'>antequam</span> <span class='ocrx_word' id='word_1_182' title='bbox 1572 1807 1760 1856; x_wconf 86' lang='lat' dir='ltr'>ferrum</span> <span class='ocrx_word' id='word_1_183' title='bbox 1799 1815 1931 1856; x_wconf 90' lang='lat' dir='ltr'>esset</span> 
     </span>
     <span class='ocr_line' id='line_1_24' title="bbox 252 1880 1928 1949; baseline 0.001 -21"><span class='ocrx_word' id='word_1_184' title='bbox 252 1883 518 1930; x_wconf 88' lang='lat' dir='ltr'>inventum.</span> <span class='ocrx_word' id='word_1_185' title='bbox 596 1880 833 1949; x_wconf 81' lang='lat' dir='ltr'>Leonem,</span> <span class='ocrx_word' id='word_1_186' title='bbox 881 1883 1063 1947; x_wconf 90' lang='lat' dir='ltr'>inquit,</span> <span class='ocrx_word' id='word_1_187' title='bbox 1113 1881 1384 1944; x_wconf 87' lang='lat' dir='ltr'>adiungunt</span> <span class='ocrx_word' id='word_1_188' title='bbox 1431 1880 1646 1929; x_wconf 91' lang='lat' dir='ltr'>solutum</span> <span class='ocrx_word' id='word_1_189' title='bbox 1693 1896 1748 1929; x_wconf 90' lang='lat' dir='ltr'>ac</span> <span class='ocrx_word' id='word_1_190' title='bbox 1795 1895 1928 1930; x_wconf 91' lang='lat' dir='ltr'>man·</span> 
     </span>
     <span class='ocr_line' id='line_1_25' title="bbox 250 1955 1927 2020; baseline 0.001 -18"><span class='ocrx_word' id='word_1_191' title='bbox 250 1962 468 2020; x_wconf 87' lang='lat' dir='ltr'>suetum,</span> <span class='ocrx_word' id='word_1_192' title='bbox 514 1962 570 2004; x_wconf 90' lang='lat' dir='ltr'>ut</span> <span class='ocrx_word' id='word_1_193' title='bbox 609 1955 869 2004; x_wconf 85' lang='lat' dir='ltr'>ostendant</span> <span class='ocrx_word' id='word_1_194' title='bbox 926 1955 1113 2004; x_wconf 90' lang='lat' dir='ltr'>nullum</span> <span class='ocrx_word' id='word_1_195' title='bbox 1169 1969 1325 2019; x_wconf 87' lang='lat' dir='ltr'>genus</span> <span class='ocrx_word' id='word_1_196' title='bbox 1365 1969 1472 2002; x_wconf 86' lang='lat' dir='ltr'>esse</span> <span class='ocrx_word' id='word_1_197' title='bbox 1513 1960 1674 2003; x_wconf 91' lang='lat' dir='ltr'>terrae</span> <span class='ocrx_word' id='word_1_198' title='bbox 1713 1961 1812 2003; x_wconf 85' lang='lat' dir='ltr'>tam</span> <span class='ocrx_word' id='word_1_199' title='bbox 1852 1969 1927 2003; x_wconf 89' lang='lat' dir='ltr'>re-</span> 
     </span>
     <span class='ocr_line' id='line_1_26' title="bbox 162 2026 1927 2093; baseline 0.002 -19"><span class='ocrx_word' id='word_1_200' title='bbox 162 2035 218 2074; x_wconf 80' lang='lat'>25</span> <span class='ocrx_word' id='word_1_201' title='bbox 251 2034 439 2076; x_wconf 90' lang='lat' dir='ltr'>motum</span> <span class='ocrx_word' id='word_1_202' title='bbox 494 2044 548 2076; x_wconf 90' lang='lat' dir='ltr'>ac</span> <span class='ocrx_word' id='word_1_203' title='bbox 602 2029 919 2078; x_wconf 89' lang='lat' dir='ltr'>vehementer</span> <span class='ocrx_word' id='word_1_204' title='bbox 974 2029 1157 2093; x_wconf 89' lang='lat' dir='ltr'>ferum,</span> <span class='ocrx_word' id='word_1_205' title='bbox 1214 2027 1342 2090; x_wconf 81' lang='lat' dir='ltr'>quod</span> <span class='ocrx_word' id='word_1_206' title='bbox 1391 2043 1488 2075; x_wconf 91' lang='lat' dir='ltr'>non</span> <span class='ocrx_word' id='word_1_207' title='bbox 1536 2026 1696 2092; x_wconf 87' lang='lat' dir='ltr'>subigi</span> <span class='ocrx_word' id='word_1_208' title='bbox 1735 2028 1927 2092; x_wconf 83' lang='lat' dir='ltr'>colique</span> 
     </span>
     <span class='ocr_line' id='line_1_27' title="bbox 251 2097 1927 2167; baseline 0.001 -19"><span class='ocrx_word' id='word_1_209' title='bbox 251 2097 552 2150; x_wconf 79' lang='lat' dir='ltr'>conveniat.“</span> <span class='ocrx_word' id='word_1_210' title='bbox 627 2101 810 2151; x_wconf 90' lang='lat' dir='ltr'>Deinde</span> <span class='ocrx_word' id='word_1_211' title='bbox 861 2102 1080 2166; x_wconf 89' lang='lat' dir='ltr'>adiungit</span> <span class='ocrx_word' id='word_1_212' title='bbox 1129 2108 1177 2150; x_wconf 89' lang='lat' dir='ltr'>et</span> <span class='ocrx_word' id='word_1_213' title='bbox 1222 2102 1362 2167; x_wconf 92' lang='lat' dir='ltr'>dicit,</span> <span class='ocrx_word' id='word_1_214' title='bbox 1420 2101 1669 2150; x_wconf 90' lang='lat' dir='ltr'>Tellurem</span> <span class='ocrx_word' id='word_1_215' title='bbox 1720 2108 1927 2151; x_wconf 87' lang='lat' dir='ltr'>matrem</span> 
     </span>
     <span class='ocr_line' id='line_1_28' title="bbox 252 2174 1928 2240; baseline 0.002 -19"><span class='ocrx_word' id='word_1_216' title='bbox 252 2179 300 2222; x_wconf 86' lang='lat' dir='ltr'>et</span> <span class='ocrx_word' id='word_1_217' title='bbox 339 2174 620 2224; x_wconf 91' lang='lat' dir='ltr'>nominibus</span> <span class='ocrx_word' id='word_1_218' title='bbox 659 2175 884 2240; x_wconf 88' lang='lat' dir='ltr'>pluribus</span> <span class='ocrx_word' id='word_1_219' title='bbox 925 2182 974 2224; x_wconf 91' lang='lat' dir='ltr'>et</span> <span class='ocrx_word' id='word_1_220' title='bbox 1014 2174 1387 2239; x_wconf 85' lang='lat' dir='ltr'>cognominibus</span> <span class='ocrx_word' id='word_1_221' title='bbox 1428 2174 1557 2238; x_wconf 91' lang='lat' dir='ltr'>quod</span> <span class='ocrx_word' id='word_1_222' title='bbox 1598 2177 1928 2240; x_wconf 89' lang='lat' dir='ltr'>nominarunt,</span> 
     </span>
     <span class='ocr_line' id='line_1_29' title="bbox 254 2247 1927 2314; baseline 0.001 -19"><span class='ocrx_word' id='word_1_223' title='bbox 254 2247 372 2296; x_wconf 89' lang='lat' dir='ltr'>deos</span> <span class='ocrx_word' id='word_1_224' title='bbox 413 2250 715 2297; x_wconf 85' lang='lat' dir='ltr'>existimatos</span> <span class='ocrx_word' id='word_1_225' title='bbox 756 2264 862 2298; x_wconf 88' lang='lat' dir='ltr'>esse</span> <span class='ocrx_word' id='word_1_226' title='bbox 905 2248 1197 2313; x_wconf 89' lang='lat' dir='ltr'>complures.</span> <span class='ocrx_word' id='word_1_227' title='bbox 1273 2247 1576 2314; x_wconf 91' lang='lat' dir='ltr'>„Tellurem,</span> <span class='ocrx_word' id='word_1_228' title='bbox 1615 2249 1796 2314; x_wconf 90' lang='lat' dir='ltr'>inquit,</span> <span class='ocrx_word' id='word_1_229' title='bbox 1834 2263 1927 2312; x_wconf 92' lang='lat' dir='ltr'>pu-</span> 
     </span>
     <span class='ocr_line' id='line_1_30' title="bbox 247 2320 1925 2388; baseline 0.001 -19"><span class='ocrx_word' id='word_1_230' title='bbox 247 2328 353 2370; x_wconf 89' lang='lat' dir='ltr'>tant</span> <span class='ocrx_word' id='word_1_231' title='bbox 400 2337 506 2370; x_wconf 90' lang='lat' dir='ltr'>esse</span> <span class='ocrx_word' id='word_1_232' title='bbox 549 2321 729 2387; x_wconf 89' lang='lat' dir='ltr'>Opem,</span> <span class='ocrx_word' id='word_1_233' title='bbox 777 2322 905 2386; x_wconf 88' lang='lat' dir='ltr'>quod</span> <span class='ocrx_word' id='word_1_234' title='bbox 955 2337 1103 2386; x_wconf 90' lang='lat' dir='ltr'>opere</span> <span class='ocrx_word' id='word_1_235' title='bbox 1152 2322 1234 2370; x_wconf 84' lang='lat' dir='ltr'>fiat</span> <span class='ocrx_word' id='word_1_236' title='bbox 1281 2321 1473 2387; x_wconf 70' lang='lat' dir='ltr'>melior,</span> <span class='ocrx_word' id='word_1_237' title='bbox 1513 2320 1744 2388; x_wconf 87' lang='lat' dir='ltr'>Matrem,</span> <span class='ocrx_word' id='word_1_238' title='bbox 1795 2321 1925 2385; x_wconf 88' lang='lat' dir='ltr'>quod</span> 
     </span>
     <span class='ocr_line' id='line_1_31' title="bbox 159 2394 1925 2462; baseline 0 -19"><span class='ocrx_word' id='word_1_239' title='bbox 159 2404 216 2443; x_wconf 91' lang='lat'>30</span> <span class='ocrx_word' id='word_1_240' title='bbox 247 2395 456 2460; x_wconf 83' lang='lat' dir='ltr'>plurima</span> <span class='ocrx_word' id='word_1_241' title='bbox 487 2397 666 2462; x_wconf 81' lang='lat' dir='ltr'>pariat3</span> <span class='ocrx_word' id='word_1_242' title='bbox 706 2395 941 2460; x_wconf 87' lang='lat' dir='ltr'>Magnam,</span> <span class='ocrx_word' id='word_1_243' title='bbox 983 2395 1110 2459; x_wconf 88' lang='lat' dir='ltr'>quod</span> <span class='ocrx_word' id='word_1_244' title='bbox 1146 2394 1310 2444; x_wconf 91' lang='lat' dir='ltr'>cibum</span> <span class='ocrx_word' id='word_1_245' title='bbox 1348 2396 1526 2460; x_wconf 82' lang='lat' dir='ltr'>pariat3</span> <span class='ocrx_word' id='word_1_246' title='bbox 1564 2394 1925 2460; x_wconf 87' lang='lat' dir='ltr'>Proserpinam,</span> 
     </span>
     <span class='ocr_line' id='line_1_32' title="bbox 248 2467 1926 2534; baseline -0.001 -17"><span class='ocrx_word' id='word_1_247' title='bbox 248 2468 379 2532; x_wconf 91' lang='lat' dir='ltr'>quod</span> <span class='ocrx_word' id='word_1_248' title='bbox 435 2485 493 2517; x_wconf 84' lang='lat' dir='ltr'>ex</span> <span class='ocrx_word' id='word_1_249' title='bbox 548 2484 604 2517; x_wconf 88' lang='lat' dir='ltr'>ea</span> <span class='ocrx_word' id='word_1_250' title='bbox 657 2476 951 2533; x_wconf 87' lang='lat' dir='ltr'>proserpant</span> <span class='ocrx_word' id='word_1_251' title='bbox 990 2469 1174 2534; x_wconf 79' lang='lat' dir='ltr'>fruges3</span> <span class='ocrx_word' id='word_1_252' title='bbox 1237 2467 1454 2534; x_wconf 89' lang='lat' dir='ltr'>Vestam,</span> <span class='ocrx_word' id='word_1_253' title='bbox 1509 2468 1638 2531; x_wconf 91' lang='lat' dir='ltr'>quod</span> <span class='ocrx_word' id='word_1_254' title='bbox 1690 2470 1926 2517; x_wconf 85' lang='lat' dir='ltr'>vestiatur</span> 
     </span>
    </p>
   </div>
   <div class='ocr_carea' id='block_1_5' title="bbox 238 2638 1925 2933">
    <p class='ocr_par' dir='ltr' id='par_1_5' title="bbox 238 2638 1925 2933">
     <span class='ocr_line' id='line_1_33' title="bbox 367 2638 1925 2696; baseline -0.001 -13"><span class='ocrx_word' id='word_1_255' title='bbox 367 2646 419 2683; x_wconf 89' lang='lat'>13</span> <span class='ocrx_word' id='word_1_256' title='bbox 453 2642 602 2684; x_wconf 83' lang='lat' dir='ltr'>turres</span> <span class='ocrx_word' id='word_1_257' title='bbox 634 2655 660 2684; x_wconf 83' lang='lat' dir='ltr'><em>v</em></span> <span class='ocrx_word' id='word_1_258' title='bbox 684 2643 699 2696; x_wconf 82' lang='grc' dir='ltr'>ΙΙ</span> <span class='ocrx_word' id='word_1_259' title='bbox 725 2646 779 2683; x_wconf 86' lang='grc'>14</span> <span class='ocrx_word' id='word_1_260' title='bbox 811 2640 971 2684; x_wconf 89' lang='lat' dir='ltr'>sedens</span> <span class='ocrx_word' id='word_1_261' title='bbox 1003 2639 1207 2695; x_wconf 74' lang='lat' dir='ltr'>fingatur</span> <span class='ocrx_word' id='word_1_262' title='bbox 1240 2639 1293 2684; x_wconf 80' lang='lat' dir='ltr'>G.</span> <span class='ocrx_word' id='word_1_263' title='bbox 1329 2639 1512 2695; x_wconf 72' lang='lat' dir='ltr'>Zoeya</span> <span class='ocrx_word' id='word_1_264' title='bbox 1540 2639 1617 2693; x_wconf 82' lang='lat' dir='ltr'>(cf.</span> <span class='ocrx_word' id='word_1_265' title='bbox 1653 2640 1725 2682; x_wconf 86' lang='lat' dir='ltr'>M.</span> <span class='ocrx_word' id='word_1_266' title='bbox 1757 2638 1925 2694; x_wconf 77' lang='lat' dir='ltr'>Haupt</span> 
     </span>
     <span class='ocr_line' id='line_1_34' title="bbox 246 2697 1921 2756; baseline -0.001 -14"><span class='ocrx_word' id='word_1_267' title='bbox 246 2700 298 2742; x_wconf 78' lang='lat' dir='ltr'>in</span> <span class='ocrx_word' id='word_1_268' title='bbox 329 2700 484 2744; x_wconf 77' lang='lat' dir='ltr'>Herm.</span> <span class='ocrx_word' id='word_1_269' title='bbox 521 2700 606 2742; x_wconf 90' lang='lat' dir='ltr'>IV</span> <span class='ocrx_word' id='word_1_270' title='bbox 629 2714 735 2756; x_wconf 74' lang='lat' dir='ltr'>pay.</span> <span class='ocrx_word' id='word_1_271' title='bbox 769 2703 903 2754; x_wconf 81' lang='lat'><em>333);</em></span> <span class='ocrx_word' id='word_1_272' title='bbox 943 2698 1072 2742; x_wconf 85' lang='lat' dir='ltr'>sedes</span> <span class='ocrx_word' id='word_1_273' title='bbox 1103 2698 1339 2754; x_wconf 74' lang='lat' dir='ltr'>fingantur</span> <span class='ocrx_word' id='word_1_274' title='bbox 1369 2712 1393 2740; x_wconf 82' lang='lat' dir='ltr'><em>v</em></span> <span class='ocrx_word' id='word_1_275' title='bbox 1418 2699 1433 2753; x_wconf 84' lang='grc' dir='ltr'>ΙΙ</span> <span class='ocrx_word' id='word_1_276' title='bbox 1460 2702 1512 2741; x_wconf 92' lang='grc'>18</span> <span class='ocrx_word' id='word_1_277' title='bbox 1545 2697 1617 2740; x_wconf 89' lang='lat' dir='ltr'>his</span> <span class='ocrx_word' id='word_1_278' title='bbox 1650 2697 1730 2752; x_wconf 86' lang='lat' dir='ltr'>qui</span> <span class='ocrx_word' id='word_1_279' title='bbox 1759 2698 1805 2741; x_wconf 85' lang='lat' dir='ltr'><strong><em>A</em></strong></span> <span class='ocrx_word' id='word_1_280' title='bbox 1828 2699 1843 2754; x_wconf 81' lang='grc' dir='ltr'>ΙΙ</span> <span class='ocrx_word' id='word_1_281' title='bbox 1867 2702 1921 2741; x_wconf 79' lang='lat'>20</span> 
     </span>
     <span class='ocr_line' id='line_1_35' title="bbox 245 2756 1923 2814; baseline -0.001 -14"><span class='ocrx_word' id='word_1_282' title='bbox 245 2758 543 2802; x_wconf 74' lang='lat' dir='ltr'>iactationem</span> <span class='ocrx_word' id='word_1_283' title='bbox 570 2759 735 2814; x_wconf 74' lang='lat' dir='ltr'>scripSi</span> <span class='ocrx_word' id='word_1_284' title='bbox 756 2762 880 2814; x_wconf 87' lang='lat'>(305,</span> <span class='ocrx_word' id='word_1_285' title='bbox 905 2762 1013 2811; x_wconf 78' lang='lat'>20),·</span> <span class='ocrx_word' id='word_1_286' title='bbox 1043 2756 1364 2800; x_wconf 77' lang='lat' dir='ltr'>iactandorum</span> <span class='ocrx_word' id='word_1_287' title='bbox 1387 2770 1412 2800; x_wconf 83' lang='lat' dir='ltr'><em>v</em></span> <span class='ocrx_word' id='word_1_288' title='bbox 1437 2757 1452 2813; x_wconf 78' lang='lat' dir='ltr'>ss</span> <span class='ocrx_word' id='word_1_289' title='bbox 1476 2761 1529 2799; x_wconf 84' lang='lat'>21</span> <span class='ocrx_word' id='word_1_290' title='bbox 1557 2756 1783 2812; x_wconf 75' lang='lat' dir='ltr'>crepitum</span> <span class='ocrx_word' id='word_1_291' title='bbox 1813 2757 1923 2800; x_wconf 68' lang='lat' dir='ltr'>scri-</span> 
     </span>
     <span class='ocr_line' id='line_1_36' title="bbox 238 2815 1921 2873; baseline -0.001 -14"><span class='ocrx_word' id='word_1_292' title='bbox 238 2818 342 2871; x_wconf 77' lang='lat' dir='ltr'>psi;</span> <span class='ocrx_word' id='word_1_293' title='bbox 375 2818 575 2873; x_wconf 74' lang='lat' dir='ltr'>crepitus</span> <span class='ocrx_word' id='word_1_294' title='bbox 606 2832 658 2870; x_wconf 80' lang='lat' dir='ltr'>v;</span> <span class='ocrx_word' id='word_1_295' title='bbox 687 2817 1072 2861; x_wconf 78' lang='lat' dir='ltr'>ferramentorum</span> <span class='ocrx_word' id='word_1_296' title='bbox 1103 2815 1423 2858; x_wconf 72' lang='lat' dir='ltr'>iactandorum</span> <span class='ocrx_word' id='word_1_297' title='bbox 1455 2829 1509 2859; x_wconf 84' lang='lat' dir='ltr'>ac</span> <span class='ocrx_word' id='word_1_298' title='bbox 1540 2829 1760 2858; x_wconf 83' lang='lat' dir='ltr'>manuum</span> <span class='ocrx_word' id='word_1_299' title='bbox 1790 2828 1921 2858; x_wconf 79' lang='lat' dir='ltr'>usum</span> 
     </span>
     <span class='ocr_line' id='line_1_37' title="bbox 248 2873 1830 2933; baseline 0.001 -16"><span class='ocrx_word' id='word_1_300' title='bbox 248 2876 295 2917; x_wconf 74' lang='lat' dir='ltr'>et</span> <span class='ocrx_word' id='word_1_301' title='bbox 327 2875 423 2918; x_wconf 85' lang='lat' dir='ltr'>eius</span> <span class='ocrx_word' id='word_1_302' title='bbox 456 2876 522 2919; x_wconf 87' lang='lat' dir='ltr'>rei</span> <span class='ocrx_word' id='word_1_303' title='bbox 555 2876 755 2933; x_wconf 74' lang='lat' dir='ltr'>crepitus</span> <span class='ocrx_word' id='word_1_304' title='bbox 787 2877 834 2919; x_wconf 89' lang='lat' dir='ltr'>in</span> <span class='ocrx_word' id='word_1_305' title='bbox 867 2875 1059 2921; x_wconf 87' lang='lat' dir='ltr'>colendo</span> <span class='ocrx_word' id='word_1_306' title='bbox 1092 2888 1204 2930; x_wconf 87' lang='lat' dir='ltr'>agro</span> <span class='ocrx_word' id='word_1_307' title='bbox 1238 2873 1316 2929; x_wconf 87' lang='lat' dir='ltr'>qui</span> <span class='ocrx_word' id='word_1_308' title='bbox 1347 2874 1467 2918; x_wconf 75' lang='lat' dir='ltr'>fiunt:</span> <span class='ocrx_word' id='word_1_309' title='bbox 1496 2874 1691 2929; x_wconf 77' lang='lat' dir='ltr'>Haupt</span> <span class='ocrx_word' id='word_1_310' title='bbox 1720 2874 1830 2918; x_wconf 75' lang='lat' dir='ltr'>ibid.</span> 
     </span>
    </p>
   </div>
  </div>
 </body>
</html>
