2020 3122
574 143 640 174 DE
664 140 903 175 c1vrrA⁷rn
927 141 1015 173 nm
1038 142 1080 175 L.
1103 143 1150 178 v.
1175 143 1213 177 c.
1236 144 1267 178 5.
1659 132 1760 184 197

82 272 172 307 cur
210 257 435 304 nativitas
475 255 712 303 momenti
751 254 897 302 unius
938 268 1037 302 non
1078 256 1224 304 etiam
1264 255 1510 320 quoslibet
1549 255 1672 305 duos
1712 258 1763 305 in

81 337 214 380 terra
245 329 465 378 diversos
498 343 642 377 casus
681 326 862 376 hahere
902 329 1170 391 permittat,
1210 344 1265 378 ac
1306 331 1375 378 sic
1417 331 1575 378 omnis
1614 329 1763 379 huius

79 405 200 453 artis
247 402 324 451 vel
376 404 542 467 potius
588 402 816 450 vanitatis
864 408 1139 450 commenta
1188 400 1457 452 tollantur?
1521 402 1648 461 Quid
1689 410 1763 452 est

80 477 188 543 hoc,
227 491 318 525 cur
356 491 455 525 uno
496 482 734 540 tempore,
773 480 1023 523 momento
1063 490 1185 541 un0,
1226 475 1316 524 sub
1356 492 1455 525 una
1493 476 1762 541 eademque

80 550 203 600 caeli
254 551 499 614 positione
555 550 783 613 concepti
832 548 1025 597 diversa
1074 547 1257 598 habent
1308 550 1428 615 sata,
1476 565 1598 614 quae
1654 550 1762 600 illos

79 623 353 690 perducant
406 622 466 672 ad
520 622 826 672 diversarum
879 621 1115 671 horarum
1168 624 1500 689 nativitatem,
1555 631 1604 673 et
1664 640 1762 673 uno

80 703 327 747 momento
374 698 613 762 temporis
661 695 752 746 sub
799 711 898 745 una
948 695 1216 761 eademque
1258 696 1380 746 caeli
1417 699 1661 762 positione
1703 698 1762 746 de

78 770 270 821 duabus
301 769 541 820 matribus
573 770 671 820 duo
710 771 896 835 pariter
935 772 1036 819 nati
1075 770 1267 820 diversa
1307 771 1404 820 sata
1443 770 1624 819 habere
1665 786 1764 820 non

77 846 290 910 possint,
345 859 468 909 quae
532 843 641 893 illos
702 845 978 908 perducant
1031 843 1091 893 ad
1142 844 1386 894 diversam
1440 844 1634 893 vivendi
1687 844 1764 894 vel

79 918 321 968 moriendi
352 914 738 967 necessitatem?
791 918 866 967 An
906 920 1133 983 concepti
1171 918 1392 968 nondum
1430 918 1612 968 habent
1652 919 1762 985 sata,

0 1024 2 1058 t
77 1007 202 1057 quae
242 993 338 1041 nisi
376 999 643 1041 nascantur
682 991 864 1040 habere
905 1007 1003 1040 non
1042 990 1312 1056 poterunt?
1363 991 1491 1050 Quid
1532 999 1607 1041 est
1646 1008 1763 1058 ergo

81 1065 213 1130 quod
253 1065 451 1131 dicunt,
498 1068 539 1114 si
578 1065 699 1114 hora
739 1065 1123 1130 conceptionalis
1162 1067 1465 1133 inveniatur,
1505 1066 1658 1115 multa
1704 1065 1763 1115 ab

81 1141 189 1189 istis
244 1139 341 1188 dici
395 1154 540 1206 posse
589 1136 837 1188 divinius?
899 1138 1036 1188 Unde
1094 1141 1242 1188 etiam
1289 1139 1409 1189 illud
1450 1155 1476 1189 a
1515 1140 1763 1190 nonnullis

77 1212 404 1279 praedicatur,
446 1213 577 1277 quod
617 1212 815 1277 quidam
855 1214 1049 1277 sapiens
1089 1212 1262 1262 horam
1302 1213 1474 1281 elegit,
1514 1229 1610 1278 qua
1650 1229 1763 1263 cum

77 1302 230 1336 uxore
256 1286 624 1352 concumberet,
663 1286 794 1335 unde
826 1285 981 1336 filium
1020 1286 1295 1335 mirabilem
1334 1289 1572 1352 gigneret.
1623 1287 1763 1337 Unde

76 1367 327 1426 postremo
375 1366 425 1409 et
470 1360 564 1409 hoc
605 1367 703 1426 est,
752 1359 882 1424 quod
933 1359 993 1408 de
1033 1360 1129 1409 illis
1167 1363 1355 1425 pariter
1394 1361 1763 1426 aegrotantibus

74 1436 283 1500 geminis
307 1433 602 1483 Posidonius
626 1449 832 1499 magnus
864 1433 1141 1499 astrologus
1172 1434 1403 1500 idemque
1442 1434 1763 1500 philosophus

75 1507 421 1574 respondebat,
459 1507 569 1557 ideo
602 1509 725 1574 fieri,
765 1507 896 1572 quod
937 1507 1111 1557 eodem
1149 1515 1372 1573 tempore
1413 1509 1624 1558 fuissent
1663 1511 1764 1559 nati

77 1582 350 1646 eodemque
405 1584 645 1647 concepti.
745 1581 867 1630 Nam
921 1583 1093 1647 utique
1147 1589 1353 1647 propter
1406 1583 1500 1632 hoc
1555 1582 1763 1632 addebat

73 1657 479 1722 conceptionem,
533 1671 595 1705 ne
651 1656 902 1705 diceretur
950 1657 995 1704 ei
1045 1671 1145 1705 non
1193 1656 1251 1705 ad
1298 1656 1540 1721 liquidum
1588 1657 1761 1706 eodem

76 1735 299 1795 tempore
351 1731 573 1795 potuisse
627 1732 789 1795 nasci,
844 1745 968 1794 quos
1024 1729 1278 1779 constabat
1333 1732 1532 1779 omnino
1588 1731 1762 1779 eodem

74 1809 296 1871 tempore
330 1803 483 1853 fuisse
517 1810 804 1869 conceptos3
843 1810 899 1852 ut
930 1803 1039 1869 hoc,
1080 1803 1211 1868 quod
1252 1804 1477 1853 similiter
1516 1803 1760 1868 simulque

77 1876 416 1943 aegrotabant,
466 1893 566 1926 non
614 1878 753 1927 daret
799 1877 858 1926 de
899 1879 1124 1941 proximo
1164 1879 1271 1942 pari
1311 1879 1535 1942 corporis
1575 1885 1759 1943 tempe-

75 1957 296 2000 ramento
307 1990 321 2017 ,
361 1951 444 1999 sed
487 1951 694 2000 eandem
733 1965 928 2015 quoque
968 1950 1261 2000 valetudinis
1300 1951 1594 2016 parilitatem
1635 1952 1759 2001 side-

75 2026 174 2073 reis
205 2023 415 2074 nexibus
446 2024 680 2090 alligaret.
758 2024 810 2073 Si
842 2026 993 2089 igitur
1025 2026 1076 2073 in
1116 2032 1360 2090 conceptu
1400 2032 1534 2074 tanta
1572 2027 1645 2074 vis
1685 2032 1761 2074 est

76 2097 136 2146 ad
175 2097 518 2163 aequalitatem
558 2099 792 2164 fatorum,
842 2113 941 2147 non
982 2097 1263 2148 debuerunt
1301 2098 1548 2148 nascendo
1589 2099 1761 2148 eadem

76 2171 172 2220 sata
217 2173 410 2221 mutari.
487 2172 584 2221 Aut
633 2174 676 2221 si
720 2178 984 2238 propterea
1022 2179 1276 2222 mutantur
1314 2173 1412 2222 fata
1450 2174 1761 2238 geminorum

76 2246 191 2310 quia
235 2245 542 2311 temporibus
588 2245 796 2295 diversis
846 2254 1140 2311 nascuntur,
1193 2262 1283 2295 cur
1330 2261 1430 2295 non
1479 2249 1646 2311 potius
1686 2249 1757 2295 in-

76 2317 362 2384 tellegamus
399 2322 495 2369 iam
535 2320 686 2369 fuisse
727 2325 933 2386 mutata,
987 2327 1042 2369 ut
1081 2320 1288 2370 diversis
1328 2320 1634 2386 temporibus
1675 2335 1756 2368 na·

1798 927 1852 967 10

1798 1296 1851 1336 15

1796 1666 1851 1706 20

1793 2034 1848 2073 25

78 2389 371 2443 scerentur‘?
408 2393 542 2444 Itane
570 2409 668 2443 non
692 2400 850 2443 mutat
888 2394 985 2442 fata
1025 2395 1290 2443 nativitatis
1330 2394 1555 2443 voluntas
1594 2395 1756 2443 viven-
1790 2403 1846 2442 30

76 2466 214 2533 tium,
252 2482 366 2517 cum
405 2475 561 2518 mutet
601 2469 696 2516 sata
736 2469 1073 2532 conceptionis
1114 2467 1237 2516 ordo
1276 2465 1618 2517 nascentium?

195 2644 220 2683 2
253 2640 402 2684 omnis
431 2639 574 2693 AK1‚-
606 2639 763 2684 omnia
792 2653 818 2683 v
853 2641 868 2696 ΙΙ
899 2644 926 2682 4
960 2653 1040 2683 cur
1071 2639 1244 2692 AKF,·
1276 2639 1401 2694 quod
1430 2652 1455 2682 v
1479 2640 1495 2694 ΙΙ
1519 2642 1544 2681 9
1577 2635 1758 2693 possint

78 2697 197 2763 ‹4K‚·
241 2700 437 2755 possunt
468 2699 542 2743 Fv
589 2701 603 2755 Ι]
652 2704 705 2743 13
754 2698 955 2742 diuinius
997 2698 1266 2751 KFParr.,·
1312 2696 1492 2741 diuinos
1526 2696 1599 2749 A,·
1642 2694 1759 2739 divi-

73 2769 145 2800 ms
175 2770 201 2801 v
