2020 3122
528 140 596 172 nn
620 140 861 174 CIVITATE
883 141 974 174 nm
996 142 1038 175 n.
1062 142 1109 175 x.
1134 142 1171 176 c.
1197 143 1250 176 21.
1275 145 1329 177 22.
1674 133 1785 188 435

246 252 431 300 Vineor
469 253 532 300 ab
570 252 756 314 Aenea,

98 357 260 420 ipsum
306 354 503 404 Aenean
555 354 814 403 admoneat
862 353 1080 405 Helenus
1130 359 1269 421 quasi
1309 359 1513 409 consilio
1554 360 1783 425 religioso

98 434 148 478 et
186 429 334 478 dicat:

242 533 423 581 Iunoni
460 547 580 581 cane
618 535 736 582 vota,
774 532 953 594 libenS,
994 534 1340 597 dominamque
1378 539 1635 598 potentem

245 606 561 671 Supplicibus
603 622 784 668 supera,
823 607 981 656 donis.
1814 620 1840 661 5

99 709 171 759 Ex
210 724 307 774 qua
339 710 568 774 opinione
599 708 919 776 Porphyrius,
959 712 1179 774 quamvis
1218 725 1317 759 non
1359 726 1419 760 ex
1458 726 1547 761 sua
1586 720 1782 762 senten-

94 785 182 849 tia,
237 783 322 833 sed
370 798 429 832 ex
479 783 708 850 aliorum,
762 783 881 833 dicit
917 783 1104 834 honum
1143 783 1290 834 deum
1332 785 1406 833 vel
1444 786 1643 850 genium
1681 801 1782 835 non

93 859 260 907 venire
299 859 351 906 in
389 856 662 923 hominem,
701 858 798 906 nisi
836 857 995 907 malus
1035 858 1186 908 fuerit
1225 865 1336 907 ante
1375 857 1619 926 placatus3
1658 866 1780 909 tam·

94 945 240 996 quam
294 931 499 981 fortiora
553 932 652 980 sint
706 931 835 996 apud
892 946 976 981 eos
1014 934 1216 982 numina
1270 932 1395 981 mala
1442 948 1589 998 quam
1635 932 1779 995 hona,

93 1005 285 1070 quando
341 1005 539 1070 quidem
590 1004 715 1054 mala
764 1004 1026 1070 inpediunt
1075 1006 1317 1055 adiutoria
1367 1005 1635 1074 bonorum,
1681 1009 1778 1057 nisi
1813 1019 1868 1059 10

91 1080 162 1128 eis
200 1079 388 1144 placata
435 1078 554 1128 dent
598 1078 786 1145 locum,
838 1078 1078 1144 malisque
1130 1079 1412 1130 nolentibus
1458 1079 1586 1130 hona
1631 1081 1777 1146 prod-

91 1167 198 1202 esse
245 1168 345 1202 non
391 1159 621 1219 possunt3
668 1168 849 1202 nocere
899 1160 1063 1203 autem
1102 1154 1226 1203 mala
1263 1161 1496 1221 possunt,
1543 1170 1644 1203 non
1685 1154 1779 1204 sihi

88 1226 362 1276 valentibus
409 1228 643 1277 resistere
691 1226 848 1276 boniS.
925 1227 1034 1276 Non
1083 1234 1158 1277 est
1195 1230 1290 1277 ista
1329 1243 1473 1277 verae
1512 1230 1776 1278 veraciter·

89 1315 183 1365 que
216 1307 412 1350 sanctae
445 1300 696 1366 religionis
728 1302 825 1367 via;
864 1316 964 1350 non
997 1303 1068 1351 sic
1092 1301 1345 1368 Iunonem,
1384 1301 1479 1351 hoc
1512 1309 1587 1351 est
1620 1304 1776 1351 aerias

85 1380 356 1440 potestates
405 1377 602 1440 piorum
650 1374 917 1424 virtutibus
966 1374 1269 1441 invidenteS,
1323 1377 1482 1425 nostri
1533 1383 1774 1441 martyres
1810 1386 1863 1426 15

86 1449 302 1498 vincunt.
379 1448 489 1498 Non
521 1450 736 1516 omnine,
776 1449 818 1497 si
850 1448 947 1498 dici
978 1450 1159 1498 usitate
1191 1455 1373 1516 posset,
1411 1448 1591 1499 heroes
1616 1451 1776 1499 nostri

87 1522 389 1588 supplicibus
438 1522 602 1589 donis,
649 1522 736 1572 sed
782 1522 1049 1572 virtutibus
1088 1523 1265 1572 divinis
1304 1522 1487 1572 Heram
1526 1531 1774 1588 superant.

89 1594 402 1646 Commodius
459 1598 640 1662 quippe
697 1595 862 1661 Scipio
924 1596 1185 1646 Africanus
1249 1604 1325 1646 est
1386 1600 1774 1663 cognominatuS,

87 1670 216 1734 quod
264 1672 446 1720 virtute
494 1671 709 1720 Africam
756 1671 952 1738 vicerit,
1000 1686 1147 1736 quam
1195 1673 1236 1719 si
1283 1671 1451 1721 hostes
1492 1670 1633 1720 donis
1672 1671 1771 1736 pla—

86 1751 272 1811 casset,
311 1751 368 1794 ut
405 1751 684 1809 parcerent.
1805 1755 1861 1796 20

724 1930 920 1986 CAPUT
952 1932 1126 1985 XXII.

130 2039 268 2090 Unde
305 2041 372 2090 sit
407 2041 599 2089 sanctis
638 2041 906 2089 adversum
946 2042 1214 2090 daemones
1248 2044 1471 2102 potestas
1510 2046 1561 2091 et
1598 2042 1731 2113 unde

607 2115 778 2163 cordis
817 2128 941 2163 vera
974 2116 1233 2176 puryatz'o.

228 2214 353 2265 Vera
387 2218 568 2281 pietate
600 2216 825 2265 homines
850 2216 939 2266 Dei
971 2219 1152 2266 aeriam
1184 2223 1479 2282 potestatem
1518 2218 1766 2266 inimicam

83 2291 475 2355 contrariamque
522 2291 694 2355 pietati
741 2290 1062 2340 exorcizando
1110 2293 1320 2358 eiciunt,
1368 2306 1467 2340 non
1513 2291 1765 2357 placando,
1800 2299 1855 2339 25

85 2376 353 2428 omnesque
406 2366 755 2428 temptationes
811 2364 1118 2413 adversitatis
1171 2367 1277 2414 eius
1327 2366 1534 2414 vincunt
1579 2364 1764 2413 orando

79 2447 179 2485 non
217 2439 395 2503 ipsam,
447 2438 533 2487 sed
582 2453 728 2487 suum
766 2437 923 2487 Deum
962 2438 1197 2487 adversus
1235 2440 1406 2503 ipsam.
1483 2437 1592 2487 Non
1632 2439 1765 2486 enim

81 2508 292 2574 aliquem
343 2513 496 2561 vincit
556 2518 641 2561 aut
705 2510 934 2577 subiugat
987 2513 1084 2561 nisi
1138 2513 1373 2561 societate
1426 2512 1629 2576 peccati.
1706 2510 1763 2558 In

81 2583 186 2632 eius
227 2599 344 2649 ergo
391 2586 588 2634 nomine
635 2587 871 2652 vincitur,
918 2587 1003 2650 qui
1040 2585 1290 2635 hominem
1330 2584 1603 2649 adsumpsit
1642 2585 1760 2648 egit-

80 2660 174 2720 que
215 2659 320 2706 sine
358 2665 577 2725 peccato,
616 2665 672 2707 ut
710 2661 761 2707 in
799 2661 907 2725 ipso
948 2659 1202 2708 sacerdote
1243 2675 1298 2707 ac
1338 2659 1577 2707 sacrificio
1616 2657 1760 2705 fleret
1791 2665 1850 2707 30

78 2731 302 2780 remissio
334 2739 664 2799 peccatorum,
703 2732 753 2780 id
794 2739 869 2782 est
905 2748 996 2798 per
1035 2733 1356 2782 mediatorem
1389 2731 1476 2781 Dei
1516 2737 1565 2780 et
1602 2730 1758 2779 homi-

197 2874 239 2928 1)
269 2873 381 2917 Aen.
416 2878 455 2930 7,
489 2878 589 2918 310.
654 2875 698 2931 ὅ)
730 2875 843 2920 Aen.
876 2879 922 2929 3,
953 2878 1039 2918 438
1073 2888 1138 2929 sq.

1319 2946 1406 2989 28*
