2020 3122
601 141 668 174 DE
692 140 929 174 cm'rA'rE
952 142 1040 174 DEI
1063 144 1104 175 L.
1130 144 1194 176 VI.
1220 144 1257 178 c.
1282 147 1335 178 10.
1706 136 1813 188 269

132 252 389 320 advocent,
437 259 553 301 sunt
593 254 678 316 qui
717 252 908 301 libellos
949 254 1158 303 offerant
1198 262 1246 304 et
1286 256 1394 305 illos
1435 272 1630 307 causam
1671 274 1809 308 suam

129 327 350 376 doceant.
427 325 612 375 Doctus
661 325 1001 392 archimimUS,
1049 343 1199 376 senex
1237 331 1333 378 iam
1374 330 1678 398 decrepitUS,
1734 348 1812 381 co—

129 401 246 450 tidie
279 402 331 450 in
364 399 602 465 Capitolio
635 401 840 449 mimum
872 399 1060 466 agebat,
1100 403 1240 465 quasi
1273 402 1340 451 dii
1372 403 1583 454 libenter
1623 413 1811 470 specta-

127 480 262 541 rent,
310 489 458 539 quem
504 473 575 522 illi
619 473 844 522 homines
893 474 1155 523 desierant.
1234 474 1388 524 Omne
1429 477 1527 526 illic
1568 479 1809 528 artificum

129 563 285 613 genus
310 553 567 612 operatum
592 547 685 597 diis
710 546 1055 597 inmortalibus
1081 543 1316 597 desidet.“
1391 549 1454 598 Et
1491 551 1636 615 paulo
1677 559 1810 617 post:
1844 564 1870 602 5

126 621 219 689 „Hi
257 628 444 687 tamen,
489 622 674 688 inquit,
722 622 914 670 etiamsi
953 636 1316 686 supervacuum
1355 637 1523 688 usum,
1569 640 1667 673 non
1707 633 1810 674 tur·

125 711 239 761 pem
290 710 382 744 nec
436 695 668 744 infamem
721 695 812 744 deo
863 697 1172 760 promittunt.
1254 694 1438 745 Sedent
1485 698 1722 760 quaedam
1761 701 1812 747 in

127 769 388 834 Capitolio,
436 784 560 833 quae
609 784 661 818 se
702 784 728 817 a
767 769 878 817 Iove
927 771 1079 818 amari
1118 775 1316 834 putant:
1362 784 1424 818 ne
1464 769 1667 819 Iunonis
1708 774 1811 835 qui-

127 843 253 910 dem,
294 845 335 892 si
375 842 579 892 credere
619 844 779 907 poetis
819 843 954 909 velis,
993 843 1400 892 iracundissimae
1440 851 1672 909 respectu
1712 852 1808 893 ter-

125 912 347 966 rentur.“
1848 929 1901 968 10

273 989 410 1039 Hanc
464 989 742 1039 libertatem
795 989 948 1039 Varro
1010 1006 1110 1039 non
1164 989 1356 1056 habuit,
1418 996 1611 1040 tantum
1666 991 1809 1040 modo

124 1066 368 1130 poeticam
414 1063 690 1128 theologian
739 1062 1106 1128 reprehendere
1147 1079 1296 1114 ausus
1336 1070 1432 1131 est,
1481 1064 1673 1113 civilem
1712 1079 1810 1114 non

126 1153 277 1188 ausus
308 1145 399 1205 est,
439 1152 586 1202 quam
618 1139 710 1186 iste
745 1137 973 1187 concidit.
1052 1137 1148 1187 Sed
1183 1140 1224 1187 si
1262 1153 1434 1187 verum
1475 1137 1810 1204 adtendamus,

127 1211 372 1262 deteriora
405 1218 522 1261 sunt
552 1211 732 1276 templa
764 1211 850 1260 ubi
880 1211 1001 1260 haec
1041 1218 1270 1278 aguntur,
1310 1227 1457 1275 quam
1494 1211 1685 1260 theatra
1724 1211 1810 1260 ubi

125 1285 392 1350 finguntur.
469 1284 608 1334 Unde
634 1287 686 1334 in
709 1284 786 1334 his
819 1287 972 1334 sacris
1012 1285 1166 1334 civilis
1206 1285 1478 1350 theologiae
1518 1285 1606 1333 has
1643 1292 1809 1350 partes
1845 1295 1898 1334 15

123 1361 289 1425 potius
344 1359 490 1423 elegit
538 1358 726 1408 Seneca
772 1361 1003 1424 sapienti,
1055 1365 1113 1408 ut
1159 1374 1240 1408 eas
1287 1361 1338 1407 in
1386 1360 1535 1408 animi
1573 1358 1810 1424 religione

126 1449 224 1482 non
255 1431 445 1494 habeat,
485 1433 570 1482 sed
602 1434 653 1481 in
678 1431 868 1482 actibus
900 1433 1063 1498 fingat.
1140 1432 1220 1482 Ait
1252 1434 1404 1483 enim:
1441 1431 1609 1500 „Quae
1650 1434 1811 1482 omnia

126 1507 321 1572 sapiens
355 1505 568 1556 servabit
591 1512 841 1572 tamquam
871 1506 1063 1571 legibus
1102 1508 1250 1573 iussa,
1290 1522 1390 1556 non
1429 1513 1676 1571 tamquam
1718 1507 1810 1555 diis

126 1575 308 1645 grata.“
382 1579 446 1630 Et
475 1579 621 1645 paulo
652 1587 788 1645 post:
826 1580 985 1647 „Quid
1019 1581 1151 1645 quod
1185 1587 1234 1630 et
1272 1581 1596 1646 matrimonia,
1634 1582 1809 1645 inquit,

126 1654 333 1703 deorum
363 1655 627 1720 iungimuS,
668 1661 716 1703 et
747 1669 809 1703 ne
841 1656 920 1719 pie
961 1654 1175 1720 quidem,
1214 1654 1422 1704 fratrum
1463 1669 1517 1703 ac
1559 1652 1807 1702 sororum!
1841 1663 1897 1702 20

124 1727 374 1776 Bellonam
419 1726 564 1777 Marti
611 1728 947 1794 conlocamus,
997 1727 1213 1776 Vulcano
1261 1727 1524 1794 Venerem,
1578 1727 1807 1792 Neptuno

127 1800 376 1850 Salaciam.
462 1801 711 1859 Quosdam
765 1808 930 1850 tamen
985 1801 1196 1850 caelibes
1251 1801 1606 1865 relinquimuS,
1670 1802 1808 1864 quasi

127 1875 350 1923 condicio
399 1874 658 1935 defecerit,
708 1876 1004 1939 praesertim
1051 1890 1165 1924 cum
1204 1875 1443 1939 quaedam
1480 1874 1652 1924 viduae
1695 1876 1807 1940 sint,

127 1954 182 1996 ut
235 1947 507 2012 Populonia
561 1947 637 1996 vel
690 1947 899 2012 Fulgora
950 1954 1000 1997 et
1046 1948 1154 1997 diva
1200 1949 1432 2014 Rumina3
1489 1947 1667 2011 quibus
1705 1962 1804 1996 non

124 2022 279 2070 miror
324 2022 587 2086 petitorem
635 2021 865 2070 defuisse.
943 2020 1152 2071 Omnem
1197 2024 1340 2071 istam
1386 2021 1651 2087 ignobilem
1690 2021 1799 2070 deo-
1836 2030 1891 2070 25

127 2109 238 2143 rum
274 2093 482 2160 turbam,
522 2109 668 2158 quam
699 2094 844 2159 longo
878 2110 994 2144 aevo
1033 2095 1177 2160 longa
1217 2097 1504 2161 superstitio
1545 2096 1806 2161 congessit,

125 2170 210 2234 sic,
241 2169 416 2234 inquit,
448 2167 774 2235 adorabimUS,
806 2175 861 2218 ut
891 2171 1263 2219 meminerimus
1295 2169 1482 2219 cultum
1515 2170 1621 2218 eius
1654 2171 1805 2233 magis

124 2241 183 2290 ad
216 2255 404 2290 morem
437 2256 582 2306 quam
615 2241 673 2290 ad
712 2257 819 2291 rem
857 2238 1154 2307 pertinere.“
1226 2242 1328 2292 Nec
1367 2243 1501 2308 leges
1541 2258 1658 2307 ergo
1696 2242 1804 2291 illae

124 2330 216 2364 nec
248 2329 355 2364 mos
386 2316 437 2363 in
478 2315 607 2364 civili
644 2315 888 2380 theologia
927 2317 976 2365 id
1014 2318 1355 2383 instituerunt,
1395 2316 1526 2381 quod
1566 2316 1658 2365 diis
1698 2331 1803 2380 gra-

125 2395 402 2437 tum-esset
446 2389 522 2437 vel
569 2388 628 2438 ad
667 2404 773 2438 rem
812 2392 1100 2455 pertineret.
1178 2390 1273 2439 Sed
1314 2393 1423 2457 iste,
1464 2405 1609 2454 quem
1648 2389 1800 2454 philo·
1836 2397 1891 2436 30

126 2461 268 2526 sophi
301 2463 439 2526 quasi
470 2461 682 2512 liberum
722 2463 964 2531 fecerunt,
1003 2471 1182 2531 tamen,
1222 2466 1335 2529 quia
1374 2463 1596 2513 inlustris
1634 2462 1802 2527 populi

124 2534 331 2583 Romani
371 2543 570 2585 senator
609 2543 735 2597 erat,
776 2536 967 2587 colebat
1007 2538 1137 2602 quod
1177 2535 1591 2602 reprehendebat,
1631 2534 1802 2599 agebat

127 2608 257 2671 quod
313 2607 578 2672 arguebat,
633 2610 763 2674 quod
819 2610 1046 2676 culpabat
1102 2611 1355 2675 adorabat,
1411 2611 1523 2674 quia
1579 2607 1801 2656 videlicet

239 2755 265 2792 3
299 2752 474 2806 expect.
508 2751 609 2794 ΑΚ
642 2753 657 2807 ΙΙ
698 2755 751 2795 15
782 2751 832 2794 in
863 2765 946 2798 om.
978 2752 1045 2795 A¹
1084 2754 1098 2808 ΙΙ
1138 2757 1194 2795 24
1225 2751 1412 2808 fulgura
1442 2750 1486 2792 A
1525 2751 1540 2805 Η
1579 2749 1802 2792 diuarona

122 2808 469 2912 ῥηίῖἰθξὲᾑοζζι.
502 2809 569 2853 A¹
601 2810 613 2866 ll
646 2815 702 2854 30
733 2810 1001 2868 philosophi
1035 2847 1043 2856 .
1078 2845 1088 2856 .
1123 2810 1333 2855 fecerunt
1363 2822 1474 2862 mss;
1504 2805 1800 2864 philosophia
