2020 3122
595 144 662 177 m:
687 141 927 176 ommim
951 143 1039 175 DEI
1064 143 1105 175 L.
1130 144 1195 176 Π.
1221 143 1259 176 c.
1283 145 1337 177 10.
1705 131 1809 184 159

126 255 255 305 aliud
294 254 565 321 Tellurem,
613 255 743 304 aliud
783 253 1122 304 Tellumonem
1168 262 1364 323 putant,
1412 263 1462 305 et
1509 255 1599 304 hos
1640 271 1810 305 omnes

128 329 246 379 deos
291 328 476 378 habent
522 330 625 378 suis
672 326 955 377 nominibus
1002 327 1292 395 appellatOS,
1343 331 1447 379 suis
1498 330 1672 378 officiis
1713 329 1809 378 dis-

127 405 325 468 tinctoS,
357 405 461 452 suis
487 404 585 452 aris
611 404 863 466 sacrisque
887 407 1163 451 veneratos
1210 402 1430 451 Eandem
1455 410 1638 452 terram
1664 404 1810 452 etiam

126 483 333 526 matrem
384 476 590 525 deorum
636 482 834 541 vocant,
881 481 938 525 ut
975 477 1072 524 iam
1110 483 1283 540 poetae
1323 476 1655 525 tolerabiliora
1696 491 1811 525 con-

126 552 334 616 fingant,
373 552 415 599 si
454 549 728 600 secundum
766 552 977 598 istorum
1016 564 1116 598 non
1154 551 1391 615 poeticOS,
1431 550 1518 598 sed
1558 564 1812 599 sacrorum

130 623 284 673 libros
323 639 423 672 non
464 623 622 674 solum
662 623 800 689 Iuno,
837 637 1012 690 „soror
1052 630 1101 672 et
1140 618 1364 689 coniux“,
1404 623 1490 672 sed
1529 625 1676 672 etiam
1715 638 1812 671 ma-

128 705 205 748 ter
261 704 338 747 est
394 697 535 747 Iovis.
610 697 831 746 Eandem
879 703 1064 746 terram
1104 696 1360 763 Cererem,
1415 696 1620 746 eandem
1668 699 1813 746 etiam

131 770 327 822 Vestam
351 771 536 838 volunt,
575 787 688 821 cum
723 778 883 820 tamen
925 773 1121 836 saepius
1144 770 1340 820 Vestam
1379 786 1479 819 non
1518 772 1614 819 nisi
1651 772 1815 835 ignem

133 861 241 895 esse
279 844 573 911 perhibeant
610 847 942 911 pertinentem
983 844 1041 893 ad
1082 846 1241 912 focoS,
1280 847 1386 894 sine
1427 843 1607 909 quibus
1647 846 1815 893 civitas

127 935 236 969 esse
277 935 377 968 non
415 926 595 986 potest,
635 926 685 968 et
722 919 834 968 ideo
873 918 944 968 illi
983 920 1198 984 virgines
1239 918 1397 968 solere
1439 920 1642 986 servire,
1682 918 1814 982 quod

126 996 255 1043 sicut
295 1009 354 1042 ex
392 995 597 1059 virgine,
635 995 701 1042 ita
741 992 863 1042 nihil
904 1007 963 1041 ex
1001 994 1114 1057 ign'e
1155 999 1400 1043 nascatur.
1465 991 1622 1050 Quam
1660 999 1814 1041 totam

124 1069 389 1117 vanitatem
428 1066 614 1116 aboleri
654 1073 703 1115 et
744 1068 966 1131 extingui
1003 1068 1175 1131 utique
1216 1066 1276 1115 ab
1316 1066 1398 1115 illo
1438 1068 1680 1132 oportuit,
1729 1068 1813 1130 qui

124 1147 201 1190 est
231 1147 376 1190 natus
409 1156 469 1189 ex
500 1141 704 1204 virgine.
770 1140 892 1198 Quis
932 1142 1063 1189 enim
1104 1141 1244 1207 ferat,
1284 1140 1431 1206 quod,
1471 1155 1583 1189 cum
1622 1146 1813 1189 tantum

123 1215 326 1264 honoris
358 1214 415 1263 et'
439 1216 579 1278 quasi
610 1216 851 1263 castitatis
883 1215 985 1278 igni
1016 1213 1300 1281 tribuerint,
1332 1213 1591 1278 aliquando
1616 1212 1812 1262 Vestam

125 1305 223 1338 non
257 1287 560 1337 erubescunt
593 1290 739 1336 etiam
770 1287 1015 1336 Venerem
1054 1288 1235 1353 dicere,
1275 1295 1331 1337 ut
1369 1294 1600 1336 vanescat
1637 1289 1688 1335 in
1728 1303 1808 1336 an-

128 1362 252 1412 cillis
293 1364 399 1411 eius
438 1362 678 1411 honorata
717 1358 1008 1427 virginitas?
1071 1361 1123 1410 Si
1163 1364 1295 1411 enim
1333 1360 1479 1410 Vesta
1518 1360 1683 1409 Venus
1724 1368 1813 1427 est,

127 1452 223 1501 quo
263 1436 408 1486 modo
450 1438 495 1485 ei
534 1437 628 1485 rite
669 1437 885 1500 virgines
926 1451 951 1484 a
982 1434 1208 1485 Veneriis
1248 1433 1482 1500 operibus
1523 1433 1812 1484 abstinendo

124 1506 438 1578 servierunt?
489 1510 564 1558 An
602 1508 820 1559 Veneres
853 1509 978 1559 duae
1019 1518 1150 1576 sunt,
1188 1525 1287 1559 una
1325 1511 1478 1575 virg0,
1517 1508 1668 1558 altera
1708 1523 1811 1557 mu-

122 1581 255 1634 lier?
294 1584 366 1633 An
398 1585 564 1649 potius
604 1590 723 1649 treS,
762 1598 860 1632 una
898 1585 1161 1649 virginum,
1202 1599 1325 1648 quae
1367 1584 1514 1632 etiam
1538 1581 1684 1631 Vesta
1723 1588 1813 1648 est,

124 1657 215 1707 alia
254 1660 642 1723 coniugatamm,
682 1657 774 1706 alia
812 1654 1170 1706 meretricum?
1222 1656 1312 1706 Cui
1353 1658 1496 1706 etiam
1537 1655 1811 1705 Phoenices

124 1731 308 1781 donum
363 1731 542 1781 dabant
596 1731 656 1780 de
710 1733 1062 1796 prostitutione
1117 1731 1350 1797 filiarum,
1412 1737 1675 1794 antequam
1731 1744 1812 1778 eas

125 1808 390 1870 iungerent
427 1807 560 1854 viris,
633 1803 769 1862 Quae
808 1805 1004 1854 illarum
1043 1811 1120 1854 est
1150 1812 1374 1854 matrona
1412 1800 1651 1852 Vulcani?
1704 1802 1813 1851 Non

126 1881 296 1944 utique
348 1881 508 1944 virgo,
555 1881 788 1943 quoniam
838 1878 988 1928 habet
1032 1880 1279 1928 maritum.
1357 1876 1498 1926 Absit
1544 1883 1707 1926 autem
1758 1884 1814 1926 ut

125 1955 383 2018 meretrix,
437 1968 500 2001 ne
547 1951 646 2001 filio
686 1951 889 2002 Iunonis
938 1960 986 2002 et
1035 1953 1322 2017 cooperario
1362 1950 1610 2000 Minervae
1649 1951 1813 1999 facere

123 2026 376 2076 videamur
415 2027 662 2076 iniuriam.
740 2025 870 2091 Ergo
917 2026 1038 2076 baec
1086 2026 1142 2075 ad
1186 2027 1470 2090 coniugatas
1509 2024 1813 2088 intellegitur

125 2102 400 2166 pertinere:
451 2100 538 2149 sed
585 2114 693 2148 eam
739 2100 971 2150 nolumus
1017 2102 1274 2150 imitentur
1320 2101 1371 2148 in
1419 2114 1477 2148 eo
1526 2098 1655 2162 quod
1697 2098 1813 2148 fecit

125 2173 204 2223 illa
229 2188 343 2223 cum
366 2173 535 2223 Marte.
598 2172 807 2240 RursuS,
846 2176 1094 2240 inquiunt,
1133 2174 1192 2222 ad
1232 2172 1420 2222 fabulas
1459 2173 1606 2221 redis.
1678 2171 1812 2230 Quae

126 2249 219 2297 ista
257 2250 447 2297 iustitia
487 2254 584 2314 est,
630 2247 774 2297 nobis
814 2263 1130 2315 suscensere,
1178 2247 1309 2313 quod
1348 2246 1462 2296 talia
1502 2246 1712 2295 dicimus
1751 2245 1811 2294 de

127 2321 219 2370 diis
262 2336 456 2388 eorum,
505 2327 554 2370 et
592 2320 687 2370 sibi
725 2337 826 2372 non
865 2337 1182 2388 suscensere,
1229 2322 1315 2386 qui
1352 2320 1473 2370 haec
1513 2321 1565 2368 in
1604 2319 1810 2368 theatris

124 2393 446 2444 libentissime
485 2402 709 2460 spectant
749 2397 954 2445 crimina
994 2396 1200 2445 deorum
1240 2390 1484 2444 suorum?
1550 2392 1614 2442 Et
1653 2387 1808 2459 (quod

126 2475 257 2518 esset
287 2468 592 2535 incredibile,
624 2471 721 2518 nisi
754 2471 1168 2519 contestatissime
1200 2463 1520 2534 probaretur)
1553 2466 1674 2515 haee
1706 2468 1811 2530 ipsa

124 2540 364 2591 theatrica
411 2544 616 2592 crimina
665 2543 871 2592 deorum
918 2546 970 2592 in
1020 2543 1260 2592 honorem
1306 2543 1536 2591 instituta
1576 2546 1692 2589 sunt
1731 2553 1809 2586 eo-

125 2615 334 2664 rundem
373 2615 593 2665 deorum.

246 2790 298 2830 17
331 2785 552 2831 Venereis
583 2802 608 2831 v
632 2789 648 2843 ss
672 2792 727 2832 32
762 2787 954 2832 deorum
985 2801 1097 2841 τηε-3,·
1129 2787 1171 2831 d.
1206 2800 1392 2831 suorum
1424 2798 1450 2828 v

1847 929 1901 968 10

1845 1295 1897 1336 15

1846 1666 1901 1707 20

1845 2033 1899 2073 25

1842 2402 1898 2441 30
