2020 3122
180 921 238 959 10

180 1288 234 1327 15

178 1656 234 1695 20

178 2023 233 2062 25

175 2392 231 2430 30

273 124 380 178 588
945 135 978 169 s.
1003 135 1278 170 Avensa-rm

274 248 359 298 sed
401 262 607 313 corpora
647 249 809 296 carnis
848 246 1075 297 habitura
1115 247 1464 315 substantiam,
1505 249 1590 298 sed
1638 249 1821 299 nullam
1859 257 1955 300 tar-

274 323 475 371 ditatem
516 323 985 386 corruptionemque
1035 321 1280 371 carnalem
1320 324 1497 387 spiritu
1537 324 1808 373 vivificante
1847 340 1954 389 pas·

274 411 401 445 sura.
481 395 620 444 Tunc
668 396 764 443 iam
812 410 911 444 non
959 401 1212 461 terrenUS,
1261 395 1346 444 sed
1387 396 1613 445 caelestis
1652 396 1798 445 homo
1839 399 1957 464 erit3

273 485 371 517 non
418 470 532 533 quia
580 483 783 534 coerS,
830 468 959 533 quod
1008 469 1067 518 de
1115 476 1248 518 terra
1288 470 1471 518 factum
1511 477 1607 536 est,
1654 485 1754 518 non
1793 473 1956 536 ipsum

274 545 390 608 erit,
431 541 517 591 sed
558 543 673 606 quia
711 541 840 591 dono
881 541 1081 591 caelesti
1119 544 1216 591 iam
1255 542 1350 591 tale
1391 545 1500 610 erit,
1538 549 1594 592 ut
1633 545 1779 592 etiam
1819 544 1956 593 caelo

273 615 533 665 incolendo
574 631 673 664 non
713 618 889 665 amissa
928 622 1117 682 natura,
1157 615 1242 664 sed
1284 622 1467 665 mutata
1509 616 1738 681 qualitate
1779 632 1954 666 conve-

273 691 388 739 niat.
464 689 661 738 Primus
708 696 873 739 autem
919 689 1064 738 homo
1113 689 1172 737 de
1213 696 1346 738 terra
1385 696 1616 739 terrenus
1654 692 1706 739 in
1745 693 1955 740 animam

271 765 516 812 viventem
550 763 707 812 sactus
741 769 830 829 est,
870 778 968 811 non
1000 765 1050 811 in
1092 764 1320 827 spiritum
1360 764 1698 830 vivificantem,
1737 765 1868 829 quod
1909 766 1954 813 ei

270 843 383 902 post
422 836 759 886 oboedientiae
808 838 1040 885 meritum
1080 835 1381 886 servabatur.
1457 837 1571 886 Ideo
1613 853 1793 903 corpus
1833 840 1955 904 eiuS,

270 910 401 974 quod
443 910 552 959 cibo
592 925 647 958 ac
686 918 806 975 potu
847 909 1034 976 egebat,
1074 925 1135 959 ne
1176 910 1302 959 fame
1342 910 1638 960 adficeretur
1676 926 1731 960 ac
1772 913 1868 977 siti,
1906 918 1956 960 et

269 999 367 1032 non
423 983 771 1033 inmortalitate
824 983 904 1032 illa
958 983 1179 1033 absoluta
1241 990 1387 1048 atque
1449 984 1804 1051 indissolubili,
1867 984 1952 1033 sed

268 1057 399 1122 ligno
431 1057 564 1106 'vitae
606 1073 632 1106 a
671 1059 844 1106 mortis
876 1059 1168 1107 necessitate
1208 1057 1563 1122 prohibebatur
1602 1064 1748 1123 atque
1788 1060 1839 1107 in
1877 1060 1950 1107 iu-

268 1132 483 1180 ventutis
523 1131 644 1179 flore
684 1131 966 1197 tenebatur,
1006 1146 1106 1180 non
1146 1131 1388 1198 spiritale,
1429 1131 1515 1181 sed
1554 1131 1759 1181 animale
1800 1132 1953 1181 fuisse

268 1220 367 1253 non
419 1203 624 1254 dubium
675 1212 776 1271 est,
831 1220 1140 1270 nequaquam
1189 1211 1350 1254 tamen
1399 1207 1716 1272 moriturum,
1767 1207 1864 1254 nisi
1901 1208 1951 1254 in

269 1277 356 1327 Dei
394 1279 724 1343 praedicentis
764 1281 1093 1343 minantisque
1135 1281 1427 1328 sententiam
1467 1279 1797 1343 delinquendo
1837 1294 1952 1328 con-

268 1353 451 1401 ruisset
503 1359 551 1401 et
605 1352 847 1402 alimentis
899 1350 1097 1417 quidem
1149 1354 1294 1402 etiam
1346 1359 1483 1402 extra
1533 1353 1815 1418 paradisum
1854 1367 1951 1401 non

268 1427 471 1491 negatiS,
512 1441 538 1474 a
570 1426 701 1490 ligno
734 1433 899 1475 tamen
933 1428 1058 1475 vitae
1090 1425 1369 1491 prohibitus
1410 1427 1620 1476 traditus
1660 1434 1791 1476 esset
1830 1434 1950 1475 tem-

266 1501 375 1562 pori
415 1502 743 1564 vetustatique
785 1499 1045 1567 finiendus,
1085 1502 1135 1548 in
1177 1515 1232 1548 ea
1273 1500 1522 1549 dumtaxat
1561 1502 1674 1566 vita,
1714 1515 1860 1564 quam
1900 1502 1948 1548 in

267 1587 475 1636 corpore
515 1573 631 1622 licet
669 1573 884 1639 animali,
937 1573 1094 1622 donec
1134 1573 1352 1638 spiritale
1394 1573 1732 1623 oboedientiae
1773 1575 1951 1622 merito

267 1646 421 1712 fieret,
459 1654 628 1711 posset
658 1649 708 1695 in
740 1647 966 1711 paradiso
999 1649 1095 1696 nisi
1132 1653 1387 1711 peccasset
1425 1647 1606 1696 habere
1646 1654 1950 1712 perpetuam.

2000 1287 2020 1616 2fflaenr-2-zza-12mm
2001 1219 2020 1279 -A-a'
2000 997 2020 1212 0-...fissfian
2007 918 2020 989 *A
2000 900 2005 909 ”

2001 1618 2016 1726 *she-4⁴⁹·

268 1718 580 1785 Quapropter
634 1722 824 1770 etiamsi
879 1727 1091 1770 mortem
1142 1723 1287 1769 istam
1341 1721 1678 1786 manifestam,
1741 1736 1836 1786 qua
1897 1721 1952 1769 fit
2010 1734 2015 1781 ῥ

266 1794 454 1842 animae
503 1809 530 1842 a
580 1809 787 1859 corpore
832 1796 1096 1861 separatio,
1143 1793 1485 1858 intellegamus
1525 1794 1671 1843 simul
1710 1795 1950 1859 significa·

267 1873 365 1914 tam
413 1869 463 1915 in
513 1883 570 1916 eo
619 1868 751 1932 quod
790 1867 922 1917 Deus
962 1868 1173 1917 dixerat:
1229 1869 1338 1927 Qua
1379 1871 1462 1917 die
1500 1871 1707 1918 ederitis
1747 1883 1812 1917 ex
1851 1871 1950 1928 ille,
2010 1886 2015 1914 ι

264 1947 424 1990 morte
462 1944 767 1991 moriemini:
814 1957 912 1990 non
958 1941 1068 1990 ideo
1116 1941 1263 1990 debet
1302 1941 1572 1991 absurdum
1610 1941 1787 2008 videri,
1835 1943 1949 2005 quia
2010 1943 2012 1947 '

266 2028 363 2061 non
404 2029 462 2062 eo
503 2014 580 2063 die
613 2030 820 2079 prorsus
860 2030 886 2064 a
927 2030 1134 2080 corpore
1175 2022 1292 2065 sunt
1331 2014 1494 2082 soluti,
1533 2031 1630 2080 quo
1672 2014 1836 2064 cibum
1874 2017 1947 2063 in·
2009 2051 2011 2063 2

263 2087 528 2136 terdictum
589 2089 999 2154 mortiferumque
1063 2096 1394 2154 sumpserunt.
1494 2088 1565 2137 Eo
1627 2090 1807 2154 quippe
1871 2087 1948 2137 die

265 2166 449 2209 mutata
496 2163 547 2209 in
595 2162 814 2211 deterius
863 2165 1126 2226 vitiataque
1175 2168 1350 2212 natura
1398 2169 1544 2226 atque
1585 2178 1611 2211 a
1650 2162 1782 2226 ligno
1821 2163 1947 2210 vitae

265 2236 572 2298 separatione
619 2237 888 2285 iustissima
937 2238 1111 2294 mortis
1158 2239 1209 2285 in
1258 2237 1329 2284 eis
1370 2238 1516 2285 etiam
1556 2235 1825 2300 corporalis
1864 2250 1946 2284 ne-

266 2308 469 2356 cessitas
524 2308 652 2357 facta
699 2316 796 2375 est,
852 2325 965 2358 cum
1013 2325 1108 2373 qua
1156 2325 1246 2359 nos
1286 2311 1580 2359 necessitate
1619 2311 1721 2358 nati
1761 2323 1947 2358 sumus,

263 2379 473 2444 Propter
521 2382 651 2445 quod
703 2383 952 2446 apostolus
1000 2398 1098 2432 non
1138 2386 1226 2433 ait:
1275 2382 1466 2447 Corpus
1507 2383 1704 2447 quidem
1743 2385 1946 2431 moritu-

262 2468 373 2502 rum
415 2462 490 2503 est
527 2462 731 2520 propter
770 2462 1048 2521 peccatum3
1089 2457 1174 2505 sed
1215 2459 1303 2507 ait:
1350 2457 1541 2519 Corpus
1579 2458 1778 2517 quidem
1815 2470 1944 2505 mor-

263 2534 401 2576 tuum
442 2535 513 2577 est
546 2534 759 2591 propter
789 2536 1084 2591 peccatum,
1124 2533 1333 2592 spiritus
1373 2536 1539 2579 autem
1578 2533 1680 2578 vita
1720 2535 1794 2578 est
1824 2543 1943 2591 pro·
2003 2539 2006 2549 ¹

254 2606 374 2662 pter
413 2604 667 2651 iustitiam.
746 2601 930 2651 Deinde
964 2602 1238 2653 subiunxit:
1279 2605 1337 2653 Sz‘
1373 2609 1539 2652 autem
1577 2605 1785 2665 spiritus
1824 2605 1946 2664 eiu-9,

383 2728 425 2783 7)
461 2733 497 2772 1.
532 2727 631 2773 Cor.
670 2734 738 2785 15,
772 2734 843 2774 47.
907 2731 981 2785 24)
1016 2728 1127 2774 Gen.
1162 2735 1204 2785 2,
1239 2736 1305 2775 17.

379 2864 404 2902 9
434 2861 541 2916 post
581 2860 739 2915 VAR·
769 2875 852 2918 per
883 2875 908 2906 v
933 2863 948 2918 ΙΙ
971 2866 1027 2906 33
1061 2862 1297 2919 subiungit
1329 2876 1352 2906 v

1975 2596 2006 2729 ἐ

1992 2785 2005 2951 3*

2017 3096 2020 3122 l
