2020 3122
244 137 350 189 488
929 146 964 178 s.
988 145 1262 179 Auons'rmx

246 277 400 324 super
439 266 631 309 terram
664 265 713 307 et
743 273 986 320 praeesse
1024 261 1129 308 diez·
1165 264 1214 307 et
1250 261 1390 308 nocti
1425 265 1475 307 et
1511 274 1758 321 separare
1795 261 1929 308 inter

246 339 406 385 lucem
468 340 517 383 et
577 334 823 381 tenebras.
912 333 978 381 Et
1036 335 1162 382 vidit
1219 333 1356 381 Deus
1417 335 1539 393 quia
1600 334 1781 382 bonum
1842 339 1930 383 est.

248 408 526 471 Utrumque
566 406 770 471 placuit,
822 408 935 470 quia
974 413 1241 470 utrumque
1282 407 1386 454 sine
1426 412 1629 469 peccato
1669 413 1758 455 est.
1834 406 1929 455 Ubi

159 525 170 533 ,
250 488 414 531 autem
454 480 575 529 dixit
620 479 774 529 Deus:
821 481 939 529 Fiat
975 484 1087 540 lux,
1135 486 1185 528 et
1224 478 1372 540 facta
1412 485 1486 528 est
1522 483 1624 528 lux.
1703 481 1770 528 Et
1805 482 1930 530 vidit

186 566 211 604 5
246 557 384 605 Deus
422 558 581 604 lucem
644 557 765 615 quia
805 555 936 603 bona
990 560 1089 611 est;
1136 559 1185 601 et
1238 552 1552 616 postmodum
1590 553 1824 603 infertur:
1864 555 1928 603 Et

243 631 503 692 separavit
539 629 676 677 Deus
715 630 847 677 inter
887 631 1047 677 lucem
1087 633 1136 676 et
1173 628 1434 684 tenebras;
1473 633 1522 675 et
1558 630 1757 676 vocavit
1794 629 1929 677 Deus

245 707 406 754 lucem
455 704 586 751 diem
637 707 685 750 et
734 703 968 751 tenebras
1017 703 1215 750 vocavit
1263 706 1481 749 noctem:
1533 715 1634 748 non
1679 700 1773 749 hoc
1819 701 1926 750 loco

246 776 465 826 additum
497 783 593 825 est:
633 776 699 824 Et
728 777 854 824 vidit
884 776 1022 823 Deus
1061 777 1181 834 quia
1214 776 1395 822 bonum
1434 779 1519 834 est,
1559 789 1621 822 ne
1660 781 1927 839 utrumque

248 849 578 915 appellaretur
631 849 838 913 bonum,
894 864 1006 896 cum
1061 854 1193 896 esset
1242 847 1421 896 horum
1473 847 1682 896 alterum
1733 848 1928 914 malum,

159 934 214 974 10
245 926 363 973 vitio
413 924 637 988 propriO,
685 938 784 970 non
832 928 1019 971 natura.
1095 920 1158 970 Et
1203 921 1314 970 ideo
1362 921 1463 969 sola
1510 921 1579 970 ibi
1625 921 1708 970 lux
1745 922 1929 986 placuit

246 997 522 1046 Conditori:
561 995 795 1044 tenebrae
828 1002 990 1044 autem
1029 994 1292 1060 angelicae,
1333 997 1426 1043 etsi
1464 995 1660 1044 fuerant
1699 996 1926 1044 ordinan-

244 1071 348 1136 dae,
388 1078 487 1119 non
527 1077 691 1119 tamen
731 1070 926 1118 fuerant
964 1068 1320 1134 adprobandae.

903 1227 1099 1281 CAPUT
1133 1226 1276 1280 XXI.

246 1338 321 1387 De
366 1342 578 1386 aeterna
619 1342 666 1384 et
712 1336 1107 1385 incommutabili
1150 1337 1364 1384 scientia
1405 1335 1503 1383 Dei
1546 1350 1610 1384 ac
1660 1338 1927 1395 voluntate,
1986 1380 1999 1388 ,,

158 1420 211 1459 15
328 1426 429 1471 qua
467 1425 663 1472 semper
704 1412 779 1457 ille*
815 1412 1053 1457 universa
1093 1423 1224 1468 quae
1258 1407 1387 1468 fecit
1421 1411 1496 1457 sic
1529 1412 1843 1470 placuerunt

586 1483 853 1544 facienda,
893 1497 1037 1543 quem
1077 1484 1148 1530 ad
1184 1484 1382 1530 modum
1415 1481 1575 1543 facta.

393 1586 520 1643 Quid
562 1594 636 1635 est
675 1587 807 1634 enim
847 1584 976 1633 aliud
1017 1584 1399 1648 intellegendum
1439 1586 1490 1632 in
1530 1600 1612 1650 eo,
1659 1585 1790 1648 quod
1837 1600 1928 1650 per
1997 1585 2020 1601 ²

246 1663 406 1710 omnia
454 1660 657 1708 dicitur:
718 1660 851 1708 Vidit
897 1660 1034 1707 Deus
1081 1661 1201 1719 quia
1250 1660 1431 1707 bonum
1478 1664 1570 1719 est,
1622 1660 1717 1707 nisi
1763 1660 1927 1723 operis

249 1733 532 1799 adprobatio
567 1732 840 1782 secundum
880 1739 1035 1780 artem
1076 1732 1212 1797 facti,
1254 1747 1377 1795 quae
1419 1733 1655 1796 sapientia
1688 1731 1777 1780 Dei
1817 1729 1928 1780 est?

156 1818 214 1857 20
252 1808 382 1857 Deus
414 1814 577 1857 autem
608 1822 766 1870 usque
800 1806 919 1854 adeo
951 1821 1064 1870 non,
1104 1821 1218 1854 cum
1257 1806 1438 1854 factum
1473 1812 1562 1872 est,
1601 1812 1719 1854 tunc
1759 1805 1929 1854 didicit

247 1882 454 1947 bonum,
501 1888 556 1929 ut
603 1880 722 1929 nihil
771 1895 946 1928 eorum
992 1879 1158 1944 fieret,
1205 1880 1247 1927 si
1297 1881 1343 1927 ei
1388 1879 1564 1928 fuisset
1607 1880 1926 1943 incognitum.

246 1955 372 2004 Dum
412 1970 528 2019 ergo
562 1954 694 2003 videt
733 1956 847 2018 quia
884 1953 1069 2002 bonum
1102 1960 1191 2018 est,
1231 1953 1377 2018 quod,
1417 1955 1512 2001 nisi
1551 1953 1753 2001 vidisset
1793 1959 1925 2001 ante-

247 2044 391 2092 quam
438 2029 599 2093 fieret,
646 2043 745 2076 non
785 2029 958 2091 utique
1007 2027 1170 2075 fieret:
1229 2026 1372 2074 docet
1417 2026 1602 2075 bonum
1647 2041 1778 2091 esse,
1829 2041 1926 2074 non
1971 2090 1974 2091 7

248 2102 406 2151 discit.
460 2101 521 2150 Et
552 2100 687 2150 Plato
723 2101 920 2165 quidem
952 2101 1063 2165 plus
1095 2115 1245 2149 ausus
1278 2107 1353 2148 est
1385 2099 1565 2165 dicere,
1597 2099 1778 2148 elatum
1815 2114 1928 2166 esse*

161 2183 215 2222 25
250 2175 438 2224 scilicet
475 2174 630 2222 Deum
670 2174 846 2238 gaudio
886 2174 1056 2222 mundi
1095 2175 1413 2222 universitate
1452 2175 1685 2237 perfecta.
1746 2172 1839 2221 Ubi
1878 2182 1927 2223 et

246 2252 351 2314 ipse
378 2264 476 2296 non
500 2263 657 2311 usque
692 2248 812 2296 adeo
845 2247 1131 2313 desipiebat,
1162 2254 1218 2295 ut
1249 2254 1444 2311 putaret
1467 2246 1624 2295 Deum
1656 2249 1733 2295 sui
1764 2249 1928 2311 operis

247 2324 459 2371 novitate
506 2322 688 2369 factum
734 2320 1027 2386 beatiorem,
1075 2321 1160 2369 sed
1201 2323 1271 2369 sic
1311 2320 1572 2369 ostendere
1611 2320 1763 2369 voluit
1805 2323 1924 2370 arti-

250 2397 330 2444 fici
369 2411 458 2444 suo
497 2394 738 2460 placuisse
778 2396 875 2442 iam
914 2396 1118 2459 factum,
1167 2394 1297 2458 quod
1337 2393 1587 2458 placuerat
1625 2395 1676 2442 in
1716 2400 1820 2442 arte
1860 2395 1926 2442 fa-

253 2469 505 2535 ciendum,
553 2483 652 2516 non
704 2467 835 2531 quod
873 2467 972 2516 ullo
1012 2468 1156 2516 modo
1197 2466 1283 2516 Dei
1339 2469 1542 2516 scientia
1580 2469 1815 2527 varietur,
1873 2475 1926 2516 ut

161 2552 217 2590 30
252 2543 382 2592 aliud
412 2545 463 2591 in
495 2556 552 2591 ea
582 2543 761 2590 faciant
794 2556 916 2604 quae
943 2541 1161 2589 nondum
1194 2547 1324 2606 sunt,
1356 2540 1485 2589 aliud
1518 2555 1641 2604 quae
1675 2543 1771 2589 iam
1795 2548 1924 2606 sunt,

361 2654 434 2709 24)
467 2653 584 2698 Tim.
618 2669 661 2709 p.
696 2658 767 2709 37,
801 2652 848 2696 C.

363 2821 388 2859 3
420 2818 668 2871 utrumque
710 2815 867 2867 VAF;
898 2816 1142 2869 utrumque
1175 2814 1298 2856 enim
1328 2827 1354 2858 v
1379 2816 1393 2870 ΙΙ
1419 2820 1444 2858 6
1475 2814 1750 2870 vocavitque
1781 2827 1806 2857 υ
1830 2815 1845 2869 ss
1870 2817 1924 2856 14

245 2875 507 2932 voluntate]
539 2875 747 2918 bonitate
791 2874 866 2930 Vn
892 2879 944 2917 15
977 2873 1020 2917 ei
1051 2875 1095 2916 A
