2020 3122
149 912 204 951 10

149 1280 201 1318 15

148 2013 202 2052 25

147 2381 203 2421 30

234 117 343 169 440
922 125 956 159 s.
980 125 1254 160 Auens'rnu

235 240 492 304 tellegeret
537 241 587 288 in
627 239 892 286 novissima
931 253 1124 303 eorum,
1175 239 1260 302 qui
1299 238 1467 287 felices
1507 238 1795 287 videbantur
1834 253 1915 288 er-

235 315 377 363 ranti.
455 312 594 361 Tune
621 326 704 360 eos
743 311 983 360 intellexit
1020 313 1071 360 in
1111 327 1184 377 ee,
1225 311 1355 376 quod
1395 327 1447 360 se
1487 311 1785 378 extulerunt,
1823 313 1919 362 sic-

235 395 290 436 ut
337 386 480 451 dicit,
542 386 695 434 fuisse
747 384 965 434 deiectos
1006 392 1055 434 et
1109 385 1348 434 defecisse
1389 400 1443 433 ae
1482 386 1672 449 perisse
1709 392 1916 450 propter

234 461 519 524 iniquitates
559 474 695 525 suas;
742 465 999 523 totumque
1049 458 1169 508 illud
1210 457 1404 507 eulmen
1444 458 1726 523 temporalis
1765 458 1916 509 felici-

235 534 349 583 tatis
389 535 455 582 ita
496 534 566 582 eis
606 532 788 582 factum
827 538 1075 596 tamquam
1116 533 1361 580 somnium
1402 531 1674 596 evigilantis
1685 572 1700 599 ,
1739 533 1824 597 qui
1863 548 1921 583 se

236 613 440 672 repente
495 607 681 656 invenit
747 607 850 655 suis
911 621 1035 670 quae
1092 604 1365 654 somniabat
1417 605 1671 655 fallacibus
1726 605 1919 670 gaudiis

236 681 540 730 destitutum.
616 678 679 728 Et
711 681 942 744 quoniam
980 681 1030 727 in
1068 678 1159 727 hac
1199 684 1333 727 terra
1370 678 1446 727 vel
1486 680 1679 728 civitate
1719 684 1922 729 terrena

235 755 398 818 magni
450 753 542 802 sibi
596 752 911 801 videbantur:
966 753 1199 817 Domine,
1237 753 1421 817 inquit,
1477 755 1528 802 in
1576 755 1784 802 civitate
1829 760 1923 803 tua

237 830 503 889 imaqinem
535 829 733 876 illorum
766 828 837 874 ad
873 827 1083 874 nihilum
1121 827 1336 886 rediqes,
1416 825 1557 883 Quod
1596 826 1712 876 huic
1753 833 1916 876 tamen

236 900 356 949 utile
396 900 546 949 fuerit
579 901 725 948 etiam
763 901 868 962 ipsa
907 906 1106 947 terrena
1146 914 1245 947 non
1285 901 1381 948 nisi
1420 899 1479 948 ab
1521 915 1619 948 uno
1659 915 1776 948 vero
1817 899 1921 949 Deo

237 989 498 1039 quaerere,
552 975 602 1021 in
650 974 791 1020 ouius
838 978 1082 1036 potestate
1131 979 1247 1021 sunt
1293 974 1479 1039 omnia,
1534 975 1651 1022 satis
1704 974 1925 1024 ostendit

235 1046 319 1095 uhi
360 1048 448 1095 ait:
500 1046 641 1095 Velut
672 1061 832 1108 pecus
866 1045 1040 1106 faetus
1078 1060 1186 1095 sum
1227 1048 1368 1109 apud
1405 1052 1465 1106 te,
1506 1052 1556 1097 et
1593 1062 1683 1107 eqo
1723 1062 1925 1111 semper

236 1127 409 1169 tecum.
500 1119 641 1168 Velut
672 1134 831 1181 pecus
870 1119 992 1168 dixit
1031 1121 1201 1184 utique
1239 1135 1370 1186 „non
1409 1116 1747 1185 intellegenS.“
1818 1120 1919 1188 „Ea

235 1195 414 1258 quippe
456 1208 481 1241 a
521 1200 570 1242 te
610 1191 892 1241 desiderare
933 1192 1097 1259 debui,
1138 1208 1261 1258 quae
1301 1193 1422 1242 mihi
1462 1208 1577 1243 eum
1614 1195 1778 1259 impiis
1818 1210 1917 1244 non

234 1273 442 1331 possunt
495 1282 603 1315 esse
652 1268 956 1332 eommunia,
1011 1266 1191 1331 quibus
1240 1282 1323 1315 eos
1372 1283 1485 1316 eum
1524 1267 1773 1317 abundare
1814 1283 1920 1318 eer—

235 1355 427 1406 nerem,
481 1342 646 1404 putavi
693 1356 771 1388 me
817 1341 1066 1389 incassum
1107 1340 1196 1390 tihi
1236 1343 1471 1408 servisse,
1525 1341 1720 1406 quando
1760 1349 1810 1392 et
1847 1341 1919 1390 illi

233 1414 353 1462 haec
399 1413 663 1480 haberent,
719 1415 802 1477 qui
851 1413 941 1462 tibi
997 1415 1182 1463 servire
1231 1414 1517 1464 noluissent.
1595 1416 1779 1464 Tamen
1828 1431 1924 1477 eqo

233 1502 429 1549 semper
473 1494 649 1553 tecam,
689 1489 802 1551 quia
835 1488 982 1536 etiam
1014 1489 1065 1536 in
1097 1487 1267 1537 talium
1306 1503 1476 1537 rerum
1516 1489 1760 1538 desiderio
1801 1489 1953 1538 deos-

235 1560 354 1609 alios
394 1576 493 1609 non
541 1556 803 1625 quaesivi.“
877 1561 946 1610 Ae
995 1576 1086 1626 per
1124 1561 1217 1610 hoe
1257 1565 1504 1626 sequitur:
1558 1563 1782 1612 Tenuisli
1816 1577 1934 1612 ma--

236 1649 353 1683 num
402 1636 646 1684 dexterae
693 1649 853 1697 meae,
910 1638 962 1685 in
1002 1638 1256 1685 voluntate
1296 1641 1384 1685 tua
1425 1637 1685 1686 deduxisti
1719 1651 1818 1699 me,
1873 1644 1924 1686 et

237 1722 349 1757 eum
384 1711 555 1770 qloria
604 1710 931 1772 adsumpsisti
965 1723 1070 1767 me;
1115 1715 1364 1774 tamquam
1411 1709 1471 1758 ad
1512 1711 1761 1759 sinistram
1801 1725 1919 1759 cun·

236 1788 311 1830 cta
365 1781 445 1830 illa
491 1784 794 1848 pertineant,
850 1798 975 1847 quae
1023 1782 1273 1831 abundare
1314 1783 1443 1848 apud
1482 1784 1659 1848 impios
1699 1799 1814 1833 eum
1851 1785 1919 1832 vi-

235 1855 387 1904 disset
424 1870 579 1919 paene
621 1855 882 1921 conlapsus
922 1862 1010 1906 est.
1097 1858 1231 1916 Ouid
1275 1859 1405 1906 enim
1443 1859 1569 1906 mihi
1605 1863 1698 1918 est,
1745 1858 1923 1924 inquit,

236 1931 285 1977 in
326 1932 481 1990 caele,
522 1936 570 1979 ec
607 1945 639 1978 a
680 1935 727 1979 te
765 1932 891 1991 quid
926 1933 1063 1980 volui
1097 1946 1251 1993 super
1290 1933 1515 1981 terram?
1584 1930 1925 1996 Reprehendit

236 2017 287 2050 se
327 2003 489 2066 ipsum
528 2004 755 2067 iusteque
796 2003 890 2052 sibi
928 2003 1193 2071 displicuit,
1232 2006 1360 2070 quia,
1401 2019 1514 2054 cum
1552 2010 1651 2054 tam
1690 2019 1922 2069 magnum

236 2074 421 2123 honum
459 2074 664 2126 haberet
702 2078 753 2125 in
795 2077 928 2126 caelo
970 2072 1128 2144 (quod
1158 2084 1273 2142 post
1295 2072 1578 2146 intellexit),
1615 2093 1723 2127 rem
1762 2085 1920 2127 trans-

235 2149 451 2214 itoriam,
499 2149 719 2213 fragilem
766 2157 815 2199 et
874 2150 1085 2214 quodam
1147 2151 1292 2200 modo
1339 2151 1522 2201 luteam
1570 2151 1854 2200 felicitatem
1893 2166 1920 2199 a

237 2236 326 2269 suo
351 2219 452 2270 Deo
487 2225 727 2285 quaesivit
759 2225 807 2271 in
850 2230 996 2273 terra.
1074 2224 1289 2287 Defecit,
1328 2227 1503 2292 inquit,
1543 2240 1634 2276 eor
1672 2239 1833 2275 meum
1873 2230 1924 2274 et

236 2309 362 2344 earo
400 2309 532 2355 mea,
574 2297 710 2345 Deus
749 2299 919 2346 cordis
958 2300 1076 2359 mei,
1127 2298 1325 2348 defectu
1364 2301 1537 2363 utique
1576 2298 1707 2347 hono
1748 2297 1808 2347 ab
1847 2299 1920 2346 in·

237 2367 502 2417 ferioribus
543 2368 601 2417 ad
642 2384 877 2435 superna3
916 2371 1046 2419 unde
1086 2373 1136 2419 in
1177 2371 1270 2420 alio
1307 2372 1494 2437 psalmo
1535 2373 1737 2422 dicitur:
1778 2373 1920 2421 Desi-

236 2443 387 2490 derat
434 2448 482 2492 et
532 2444 703 2501 deficit
755 2446 926 2492 anima
972 2459 1083 2493 mea
1136 2448 1187 2494 in
1236 2449 1374 2495 atria
1428 2447 1655 2503 Domini;
1708 2447 1827 2494 item
1867 2446 1918 2493 in

351 2570 426 2625 31)
458 2568 532 2612 Ps.
566 2574 636 2625 83,
668 2574 709 2614 3.

355 2733 379 2773 9
413 2743 573 2774 eorum
602 2744 629 2775 υ
651 2732 667 2787 ΙΙ
690 2730 803 2786 quid
833 2730 1004 2774 A¹KF
1037 2733 1052 2787 ΙΙ
1093 2736 1145 2775 15
1180 2732 1348 2787 quibus
1380 2732 1548 2787 AKF;
1591 2746 1684 2777 non
1717 2747 1787 2789 ea,
1818 2731 1917 2788 qui-

233 2786 319 2831 bus
350 2801 377 2831 v
400 2790 416 2844 ΙΙ
442 2793 495 2833 18
529 2788 638 2844 quia
668 2789 981 2842 AKFParr.;
1021 2788 1100 2845 qui
1131 2805 1157 2834 v
1181 2792 1196 2847 ΙΙ
1223 2796 1275 2834 19
1309 2791 1484 2835 alienos
1518 2805 1595 2836 ace
1616 2794 1631 2849 ΙΙ
1656 2797 1712 2835 20
1743 2791 1791 2835 in
1822 2791 1922 2836 uol.

237 2846 386 2890 ΛΚΕ
413 2860 493 2892 sec.
530 2848 717 2903 Graec.;
749 2850 796 2892 et
826 2849 873 2892 in
904 2849 994 2893 vol.
1027 2862 1053 2892 v
1078 2851 1093 2905 ΙΙ
1118 2854 1172 2893 23
1205 2849 1359 2905 inquit
1388 2864 1472 2895 om.
1504 2852 1549 2894 A
