2020 3122
534 147 601 178 DE
626 145 864 178 01vrrA'rE
887 147 975 178 DEI
999 147 1040 179 L.
1065 148 1171 180 vm.
1198 149 1235 181 c.
1259 151 1311 182 24.
1662 136 1767 188 359

90 266 226 310 ceret
279 258 398 307 deos
411 299 425 324 ,
478 257 571 307 hoc
626 256 759 308 dolet
811 259 884 306 vir
939 262 1133 323 sapiens
1181 267 1427 324 tamquam
1479 259 1767 324 religionem

92 334 303 383 divinam
349 339 556 381 venturo
605 339 742 381 certo
790 339 1010 395 tempore
1066 334 1263 381 auferri.
1340 334 1458 382 Vide
1499 336 1541 382 si
1581 348 1678 382 non
1718 340 1768 382 et

89 409 135 456 vi
174 407 334 456 divina
382 407 624 454 maiorum
670 420 874 454 suorum
922 420 1143 454 errorem
1183 409 1502 470 praeteritum
1543 407 1769 473 prodere,

87 487 139 530 et
187 482 234 528 vi
288 479 525 528 diabolica
575 495 784 543 poenam
835 479 1127 527 daemonum
1175 481 1388 528 futuram
1431 480 1595 529 dolere
1637 496 1765 529 com-

86 554 299 619 pellitur.
389 553 442 601 Si
489 555 620 602 enim
670 555 839 617 proavi
891 568 1064 601 eorum
1115 553 1323 601 multum
1377 554 1585 601 errando
1638 557 1767 603 circa

88 627 292 677 deorum
331 629 572 676 rationem
611 626 956 675 incredulitate
997 633 1046 675 et
1085 628 1336 674 aversione
1378 628 1526 674 animi
1566 643 1592 674 a
1632 628 1764 676 cultu

86 717 142 750 ac
180 701 417 765 religione
450 701 612 749 divina
651 703 949 749 invenerunt
988 707 1158 765 artem,
1199 715 1294 764 qua
1334 700 1588 749 efficerent
1627 701 1767 750 deos:

86 775 203 839 quid
236 777 432 840 mirum,
472 777 527 840 si,
567 774 687 823 haec
721 789 800 822 ars
840 774 1127 823 detestanda
1167 773 1405 838 quidquid
1446 774 1562 822 fecit
1600 789 1768 822 aversa

84 864 111 897 a
149 848 385 913 religione
426 849 608 914 divina,
661 849 886 896 aufertur
926 847 1163 912 religione
1203 848 1385 913 divina,
1437 862 1549 896 cum
1589 849 1766 896 veritas

85 923 313 971 emendat
345 937 580 987 errorem,
619 921 742 970 fides
774 921 1027 986 redarguit
1057 921 1468 987 incredulitatem,
1509 923 1763 970 conversio
1802 927 1858 966 10

87 998 289 1060 corrigit
328 993 671 1044 aversionem?

235 1069 287 1118 Si
319 1071 448 1118 enim
481 1071 643 1118 tacitis
676 1071 836 1118 causis
877 1069 1081 1118 dixisset
1120 1085 1327 1133 proavos
1367 1085 1484 1119 suos
1522 1072 1768 1118 invenisse

83 1150 262 1208 artem,
310 1159 404 1207 qua
454 1144 675 1192 facerent
722 1143 863 1192 deos:
911 1150 1136 1192 nostrum
1186 1144 1278 1192 fuit
1324 1146 1522 1209 utique,
1569 1145 1610 1191 si
1650 1144 1767 1206 quid

85 1224 276 1266 rectum
323 1219 559 1281 piumque
607 1232 916 1281 saperemuS,
965 1217 1231 1265 adtendere
1282 1224 1331 1265 et
1377 1218 1542 1266 videre
1584 1232 1764 1280 nequa·

84 1305 228 1354 quam
274 1291 382 1339 illos
431 1291 489 1340 ad
538 1291 663 1339 hanc
703 1298 856 1339 artem
898 1299 1226 1355 perventuros
1267 1291 1445 1357 fuisse,
1485 1306 1579 1354 qua
1618 1290 1763 1338 homo
1801 1295 1853 1333 15

82 1364 200 1412 deos
240 1365 378 1429 facit,
418 1367 460 1413 si
499 1380 525 1413 a
564 1367 769 1413 veritate
810 1380 909 1413 non
949 1364 1260 1430 aberrarent,
1302 1366 1343 1412 si
1383 1380 1459 1430 ea,
1500 1379 1624 1427 quae
1667 1363 1765 1411 Deo

82 1437 226 1502 digna
267 1445 404 1503 sunt,
452 1438 736 1504 crederent,
788 1440 829 1486 si
873 1440 1090 1487 animum
1129 1438 1442 1487 adverterent
1481 1438 1539 1486 ad
1580 1437 1766 1486 cultum

81 1511 467 1576 religionemque
522 1512 755 1578 divinam3
812 1519 862 1560 et
915 1519 1077 1561 tamen
1133 1514 1174 1560 si
1230 1527 1400 1561 causas
1449 1513 1568 1561 artis
1620 1511 1767 1559 huius

80 1600 171 1634 nos
217 1585 495 1635 diceremus
542 1586 750 1635 multum
799 1601 1021 1634 errorem
1071 1586 1325 1634 hominum
1365 1593 1414 1634 et
1452 1585 1763 1634 incredulita-

80 1666 180 1707 tem
235 1666 284 1708 et
338 1661 486 1708 animi
540 1662 752 1708 errantis
801 1667 946 1724 atque
994 1659 1205 1708 infidelis
1254 1675 1279 1707 a
1328 1659 1487 1707 divina
1527 1659 1763 1722 religione
1797 1661 1853 1700 20

81 1735 409 1798 aversionem,
455 1740 725 1797 utcumque
774 1734 976 1782 ferenda
1027 1741 1157 1782 esset
1204 1733 1492 1798 inpudentia
1531 1735 1762 1781 resisten-

81 1806 205 1855 tium
236 1809 445 1856 veritati.
524 1806 647 1856 Cum
679 1823 796 1856 vero
829 1807 958 1856 idem
998 1809 1119 1873 ipse,
1159 1809 1244 1871 qui
1284 1814 1576 1871 potestatem
1616 1805 1763 1854 huius

80 1882 201 1929 artis
233 1895 383 1944 super
415 1883 576 1929 omnia
609 1888 774 1930 cetera
813 1883 1022 1930 miratur
1060 1883 1111 1929 in
1151 1881 1364 1946 homine,
1405 1895 1499 1944 qua
1538 1879 1606 1928 illi
1646 1879 1763 1928 deos

80 1954 242 2002 facere
276 1969 568 2003 concessum
601 1962 691 2020 est,
733 1962 781 2002 et
814 1955 945 2003 dolet
976 1962 1239 2003 venturum
1273 1969 1381 2002 esse
1414 1962 1622 2019 tempus,
1664 1968 1759 2016 quo

80 2025 199 2076 haec
223 2029 384 2075 omnia
417 2027 623 2077 deorum
663 2029 892 2092 figmenta
933 2028 991 2076 ab
1031 2028 1313 2076 hominibus
1352 2029 1575 2076 instituta
1616 2028 1762 2075 etiam
1796 2026 1850 2065 25

79 2099 269 2165 legibus
300 2101 565 2150 iubeantur
597 2103 796 2166 auferri,
837 2103 1103 2151 confitetur
1144 2110 1305 2150 tamen
1347 2109 1491 2164 atque
1533 2101 1763 2164 exprimit

77 2188 264 2241 causas,
304 2191 453 2239 quare
494 2175 552 2223 ad
593 2177 684 2224 ista
724 2183 1016 2239 perventum
1055 2178 1139 2240 sit,
1190 2176 1360 2224 dicens
1399 2189 1605 2239 proavos
1646 2188 1762 2222 suos

78 2247 232 2296 multo
273 2264 442 2297 errore
491 2256 540 2297 et
579 2249 923 2298 incredulitate
972 2256 1022 2297 et
1070 2251 1288 2297 animum
1328 2263 1424 2296 non
1465 2247 1761 2295 advertendo

79 2320 139 2368 ad
193 2321 381 2371 cultum
432 2322 820 2387 religionemque
871 2322 1082 2371 divinam
1123 2324 1367 2370 invenisse
1416 2321 1540 2369 hanc
1592 2328 1761 2383 artem,

79 2408 174 2458 qua
227 2396 447 2445 facerent
500 2396 642 2445 deos:
698 2412 787 2444 nos
839 2396 955 2460 quid
1006 2403 1202 2460 oportet
1248 2395 1435 2459 dicere,
1483 2393 1558 2441 vel
1596 2395 1759 2456 potius
1793 2392 1849 2429 30

79 2467 196 2531 quid
253 2484 397 2533 agere
454 2471 550 2518 nisi
604 2477 812 2534 quantas
861 2485 1124 2534 possumus
1171 2470 1353 2533 gratias
1404 2467 1608 2514 Domino
1659 2465 1759 2513 Deo

79 2547 276 2608 nostro,
330 2545 415 2607 qui
461 2543 582 2592 haec
630 2545 890 2592 contrariis
942 2545 1129 2607 causiS,
1184 2557 1328 2606 quam
1369 2542 1591 2588 instituta
1631 2545 1760 2600 sunt,

80 2612 315 2664 abstulit?
392 2616 513 2664 Nam
562 2617 693 2680 quod
740 2618 955 2665 instituit
1003 2615 1265 2664 multitudo
1305 2614 1511 2675 error1s,
1559 2610 1758 2658 abstulit

80 2687 152 2734 via
206 2690 447 2755 veritatis;
502 2690 630 2754 quod
687 2691 903 2738 instituit
960 2688 1303 2751 incredulitas,
1359 2684 1558 2733 abstulit
1610 2683 1754 2745 fides3

77 2760 208 2823 quod
258 2764 472 2811 instituit
511 2779 537 2811 a
577 2763 713 2812 cultu
765 2763 953 2811 divinae
1002 2761 1252 2825 religionis
1293 2759 1506 2822 aversiO,
1557 2756 1757 2804 abstulit
1788 2751 1846 2791 35

85 2832 144 2881 ad
177 2849 331 2884 unum
362 2851 532 2885 verum
565 2835 722 2885 Deum
761 2842 1083 2899 sanctumque
1123 2833 1398 2896 conversi03
1437 2845 1528 2879 nec
1566 2831 1618 2878 in
1657 2829 1759 2877 sola

1801 560 1825 599 Οἱ
