2020 3122
581 151 648 182 DE
674 149 911 183 οΠΙΤΑΤΕ
934 150 1023 182 DEI
1046 151 1087 182 L.
1112 151 1156 182 x.
1181 150 1218 183 c.
1244 153 1274 184 2.
1299 152 1330 184 3.
1685 140 1794 192 405

52 263 54 266 ’
114 263 324 328 dubitat,
365 277 465 312 non
504 261 684 311 habere
719 276 868 326 supra
900 276 952 309 se
985 269 1211 310 naturam
1251 263 1346 310 nisi
1378 261 1490 328 Dei,
1530 265 1615 327 qui
1647 263 1791 313 sabri-

115 343 252 387 catus
292 341 368 385 est
406 335 667 402 mundum,
714 351 741 384 a
781 350 878 399 quo
918 342 968 383 et
1006 336 1108 399 ipsa
1160 336 1286 384 sacta
1324 342 1422 402 est3
1468 352 1558 385 nec
1599 336 1792 386 aliunde

113 410 208 460 illis
234 411 461 474 supernis
493 408 722 474 praeberi
744 410 893 457 vitam
923 406 1120 457 beatam
1153 415 1202 457 et
1232 408 1399 457 lumen
1432 410 1793 475 intellegentiae

113 485 354 548 veritatiS‚
393 498 539 547 quam
572 482 703 531 unde
743 480 1010 547 praebetur
1051 487 1100 529 et
1132 480 1296 548 nobiS,
1336 497 1611 532 consonans
1651 499 1791 533 evan-

113 556 262 623 gelie,
308 555 393 605 ubi
439 556 641 620 legitur:
689 557 809 605 Fuit
845 557 987 604 homo
1027 557 1205 604 missus
1245 570 1277 603 a
1317 556 1445 615 Deo,
1494 560 1581 606 eui
1615 572 1792 607 nomen
1827 565 1852 604 5

113 636 227 680 erat
266 631 546 688 Iohannes;
593 631 676 679 hio
715 632 851 679 venit
889 631 940 677 in
981 631 1332 689 testimonium,
1372 635 1429 678 ut
1466 632 1796 680 testimonium

107 705 405 767 perhiberet
443 705 505 753 de
543 706 750 765 lumine,
789 709 846 752 ut
876 717 1044 752 omnes
1075 704 1348 751 crederent
1371 717 1469 764 per
1501 718 1625 753 eum.
1687 706 1798 754 Non

113 783 228 827 erat
259 780 340 827 ille
371 781 557 840 lumen,
596 779 689 827 sed
717 782 774 826 ut
803 779 1136 827 testimoniam
1171 777 1466 838 perhiberet
1497 778 1559 825 de
1597 780 1795 827 lumine.

113 853 245 900 Erat
266 854 430 901 lumen
454 865 642 912 verum,
667 853 804 912 quoa
826 853 1093 900 inluminat
1115 864 1303 899 omnem
1328 851 1574 899 hominem
1599 853 1796 899 venien-

114 931 208 975 tem
242 927 294 974 in
331 926 468 974 hane
498 927 751 974 mundum.
814 924 870 973 In
910 939 1004 989 qua
1044 923 1320 972 differentia
1361 925 1479 972 satis
1520 923 1797 973 ostenditur
1835 933 1885 971 10

117 1000 325 1047 animam
341 998 630 1048 rationalem
654 998 731 1047 vel
747 997 1144 1063 intellectualem,
1170 996 1327 1061 qualis
1353 1003 1459 1046 erat
1489 999 1539 1045 in
1568 997 1797 1063 Iohanne,

118 1071 211 1121 sibi
249 1066 416 1122 lumen
449 1088 557 1122 esse
592 1087 691 1121 non
730 1087 891 1138 posse,
931 1071 1018 1120 sed
1050 1071 1252 1120 alterius
1285 1072 1388 1119 veri
1419 1070 1618 1120 luminis
1648 1072 1797 1135 parti-

116 1147 357 1210 cipatione
390 1146 572 1196 lucere.
634 1145 738 1194 Hoc
772 1151 821 1194 et
850 1147 955 1211 ipse
987 1144 1229 1193 Iohannes
1261 1144 1461 1210 fatetur,
1492 1144 1578 1193 ubi
1610 1146 1655 1193 ei
1686 1159 1796 1209 per-

114 1218 289 1268 hibens
329 1221 668 1269 testimonium
708 1219 847 1269 dicit:
889 1221 988 1269 Nos
1027 1233 1195 1268 omnes
1239 1219 1302 1267 de
1334 1220 1652 1280 plenitudine
1690 1221 1798 1268 eius

117 1296 417 1355 accepimus,
1831 1298 1886 1338 15

788 1434 985 1489 CAPUT
1024 1434 1124 1488 ΠΙ.

119 1544 194 1592 De
231 1557 350 1592 vero
391 1544 490 1593 Dei
526 1546 686 1604 culta,
728 1558 760 1591 a
799 1557 896 1603 quo
938 1543 1210 1602 Platonici,
1251 1544 1477 1603 quamvis
1517 1548 1800 1591 creatorem

184 1619 530 1666 universitatis
570 1619 932 1678 intellexerint,
974 1618 1246 1665 deviarunt
1283 1618 1492 1664 colendo
1533 1619 1739 1676 anqelos

417 1693 521 1739 sive
561 1692 713 1739 bonos
750 1693 855 1739 sive
892 1692 1048 1739 malos
1086 1691 1278 1738 honore
1318 1691 1500 1738 divino.

267 1792 401 1850 Quae
449 1808 561 1842 cum
607 1794 674 1842 ita
722 1794 843 1858 sint,
889 1794 931 1841 si
976 1790 1338 1842 Platonicinvel
1382 1793 1679 1855 quicumque
1719 1790 1800 1839 alii
1834 1799 1889 1838 20

120 1868 213 1915 ista
246 1873 511 1916 senserunt
543 1871 899 1930 cognoscentes
931 1864 1087 1914 Deum
1121 1866 1250 1913 sicut
1280 1863 1437 1913 Deum
1472 1864 1803 1929 glorificarent

119 1946 168 2004 et
206 1941 386 2005 gratias
426 1946 628 2004 agerent
667 1954 759 1988 nec
799 1944 1150 1988 evanescerent
1188 1940 1239 1986 in
1280 1937 1659 2002 cogitationibus
1699 1939 1802 1987 suis

118 2029 208 2063 nec
259 2013 554 2078 populorum
595 2011 848 2061 erroribus
894 2014 1074 2077 partim
1113 2019 1341 2060 auctores
1380 2012 1578 2078 fierent,
1624 2012 1803 2076 partim

120 2089 353 2136 resistere
394 2102 493 2135 non
531 2086 793 2136 auderent:
839 2086 1062 2150 profecto
1103 2086 1458 2134 confiterentur
1498 2091 1547 2134 et
1594 2085 1690 2133 illis
1729 2086 1801 2133 in-

119 2159 409 2210 mortalibus
457 2175 512 2209 ac
560 2159 716 2209 beatis
764 2167 813 2208 et
859 2158 1000 2208 nobis
1046 2158 1334 2208 mortalibus
1382 2174 1436 2207 ac
1485 2160 1700 2223 miseriS‚
1748 2164 1803 2206 ut
1836 2165 1890 2204 25

119 2234 404 2283 inmortales
452 2249 507 2283 ac
555 2233 685 2282 beati
725 2248 831 2281 esse
884 2234 1152 2298 possimUS,
1201 2248 1355 2281 unum
1394 2232 1548 2281 Deum
1597 2231 1803 2280 deorum

122 2305 404 2374 colendum,
444 2309 529 2371 qui
570 2314 618 2356 et
656 2313 828 2355 noster
868 2313 943 2355 est
983 2313 1032 2355 et
1069 2305 1280 2355 illorum.

267 2381 393 2430 Huic
448 2396 537 2429 nos
593 2382 903 2447 servitutem,
958 2395 1080 2444 quae
1129 2380 1322 2445 λατρεία
1368 2378 1552 2428 Graece
1607 2379 1802 2443 dicitur,

123 2456 222 2503 sive
254 2457 306 2504 in
339 2454 617 2519 quibusque
653 2455 973 2502 sacramentis
1006 2455 1106 2502 sive
1139 2455 1189 2501 in
1222 2452 1364 2501 nobis
1397 2454 1518 2517 ipsis
1550 2451 1799 2500 debemus,

122 2525 278 2577 Huius
311 2529 443 2577 enim
474 2527 712 2592 templum
744 2527 890 2575 simul
921 2542 1092 2575 omnes
1118 2533 1167 2575 et
1199 2525 1379 2590 singuli
1410 2525 1590 2589 templa
1615 2539 1800 2590 summ,
1833 2533 1890 2571 30

123 2602 236 2663 quia
287 2608 336 2650 et
389 2602 609 2649 omnium
657 2600 971 2649 concordiam
1033 2607 1082 2649 et
1144 2599 1361 2664 singulos
1410 2597 1680 2646 inhabitare
1730 2597 1798 2645 di-

122 2680 318 2740 gnatur3
359 2690 458 2722 non
496 2676 547 2722 in
588 2673 815 2722 omnihus
855 2689 1001 2738 quam
1033 2675 1083 2722 in
1116 2673 1320 2737 singulis
1361 2673 1528 2736 maior,
1570 2671 1798 2733 quoniam

124 2761 214 2795 nec
262 2747 388 2796 mole
440 2747 737 2796 distenditur
783 2762 874 2796 nec
921 2748 1183 2813 partitione
1232 2746 1483 2794 minuitur.
1573 2742 1693 2792 Cum
1741 2742 1800 2790 ad

243 2874 315 2930 15)
348 2874 410 2918 Io.
446 2878 485 2929 1,
519 2879 544 2917 6
577 2887 697 2929 sqq.3
733 2878 800 2919 16.
864 2875 939 2928 30)
973 2878 1012 2917 1.
1045 2871 1145 2916 Cor.
1179 2878 1219 2927 3,
1256 2876 1308 2914 16
1341 2884 1408 2926 sq.
