2038 3152
123 950 180 989 10

120 1319 177 1358 15

118 1688 177 1727 20

115 2054 175 2094 25

115 2422 175 2462 30

216 151 286 204 26
897 162 935 198 s,
961 162 1237 196 AUGUsmM

215 276 349 326 tibus
399 281 713 325 necaverunt.
805 274 1058 324 Inclusum
1105 276 1285 339 quippe
1338 281 1546 338 angusto
1600 274 1759 340 lign0,
1813 274 1899 324 ubi

215 358 345 400 stare
387 356 671 415 cogeretur,
711 348 956 413 clavisque
996 350 1292 397 acutissimis
1331 347 1550 412 undique
1591 348 1803 414 confixo,
1843 357 1899 399 ut

216 440 267 473 se
307 427 357 473 in
406 423 589 472 nullam
636 425 742 471 eius
788 430 981 486 partem
1021 424 1126 471 sine
1172 424 1346 486 poenis
1398 423 1720 471 atrocissimis
1758 422 1896 472 incli-

214 506 375 563 naret,
425 499 571 547 etiam
609 496 850 561 vigilando
898 503 1231 561 peremerunt.
1308 495 1483 544 Merito
1525 503 1658 545 certe
1698 495 1897 546 laudant

213 574 447 621 virtutem
501 579 598 620 tam
653 585 827 635 magna
871 570 1157 619 infelicitate
1205 571 1454 619 maiorem.
1531 569 1595 619 Et
1641 585 1731 634 per
1778 570 1896 620 deos

213 646 292 694 ille
333 647 593 710 iuraverat,
633 659 845 709 quorum
885 643 1021 693 cultu
1058 643 1307 708 prohibito
1347 643 1434 692 has
1474 645 1645 708 generi
1684 643 1896 693 humano

213 719 375 768 clades
415 721 497 768 isti
535 720 799 783 opinantur
831 718 999 782 infligi.
1077 717 1170 775 Qui
1211 733 1327 782 ergo
1367 724 1630 782 propterea
1670 717 1894 767 coleban-

212 801 309 859 tur,
348 800 402 842 ut
426 795 571 842 istam
603 794 749 841 vitam
780 807 1069 856 prosperam
1100 791 1380 858 redderent,
1420 793 1462 840 si
1500 807 1673 841 verum
1711 794 1897 841 iuranti

211 867 299 916 has
338 868 554 931 inrogari
591 881 775 930 poenas
816 881 905 914 seu
943 865 1208 915 voluerunt
1247 881 1335 914 seu
1376 867 1736 932 permiserunt,
1776 866 1895 930 quid

210 943 411 1006 periuro
426 942 632 1005 gravius
656 941 770 988 irati
795 941 955 988 facere
989 936 1294 1003 potuerunt?
1351 939 1448 988 Sed
1481 954 1570 988 cur
1610 954 1709 988 non
1749 942 1894 989 ratio·

211 1017 506 1064 cinationem
546 1029 702 1062 meam
748 1015 914 1078 potius
961 1013 1019 1062 ad
1059 1019 1325 1077 utrumque
1367 1010 1692 1062 concludam?
1767 1013 1895 1063 Deos

211 1096 343 1138 certe
391 1087 471 1136 ille
519 1089 588 1136 sic
636 1087 808 1152 coluit,
863 1093 918 1136 ut
963 1094 1167 1152 propter
1212 1088 1336 1136 iuris
1382 1086 1578 1136 iurandi
1616 1087 1763 1136 fidem
1803 1103 1894 1136 nec

209 1169 431 1210 maneret
481 1163 531 1209 in
580 1163 758 1227 patria,
819 1176 909 1209 nec
963 1161 1078 1209 inde
1133 1160 1352 1224 quolibet
1398 1163 1496 1226 ire,
1551 1161 1634 1209 sed
1677 1161 1736 1210 ad
1778 1177 1894 1210 suos

210 1237 475 1284 acerrimos
514 1237 739 1283 inimicos
779 1234 941 1282 redire
983 1235 1181 1282 minime
1216 1234 1477 1283 dubitaret.
1554 1234 1658 1283 Hoc
1699 1237 1740 1283 si
1778 1235 1893 1284 huic

210 1311 336 1358 vitae
362 1309 481 1357 utile
508 1307 828 1372 existimabat,
869 1310 1010 1356 cuius
1035 1314 1133 1356 tam
1157 1307 1462 1356 horrendum
1487 1310 1672 1357 exitum
1699 1310 1892 1374 meruit,

208 1382 382 1447 procul
414 1381 562 1430 dubio
590 1381 859 1430 fallebatur.
938 1380 1038 1429 Suo
1080 1383 1259 1446 quippe
1300 1381 1468 1430 docuit
1508 1382 1730 1447 exemplo
1771 1383 1890 1431 nihil

209 1456 327 1504 deos
367 1456 425 1504 ad
464 1457 607 1504 istam
639 1454 959 1519 temporalem
998 1454 1277 1504 felicitatem
1319 1457 1421 1504 suis
1460 1455 1696 1520 prodesse
1737 1456 1891 1506 culto-

209 1529 368 1593 ribuS,
409 1528 603 1593 quando
644 1528 843 1593 quidem
882 1527 960 1576 ille
1002 1543 1173 1577 eorum
1214 1528 1408 1578 deditus
1450 1529 1605 1579 cultui
1644 1537 1693 1579 et
1732 1532 1891 1580 victus

210 1610 258 1651 et
298 1604 518 1666 captivus
558 1601 798 1652 abductus
839 1609 908 1667 ct,
961 1603 1073 1666 quia
1113 1602 1271 1651 noluit
1310 1602 1452 1651 aliter
1493 1619 1637 1667 quam
1675 1619 1766 1668 per
1805 1619 1890 1653 eos

207 1678 452 1725 iuraverat
478 1677 653 1742 facere,
692 1691 816 1724 novo
858 1691 912 1724 ac
951 1677 1089 1739 prius
1129 1677 1346 1725 inaudito
1387 1678 1691 1740 nimiumque
1731 1677 1889 1727 horri-

207 1749 295 1798 bili
351 1749 580 1815 supplicii
634 1764 814 1814 genere
870 1751 1117 1798 cruciatus
1158 1751 1405 1799 extinctus
1447 1757 1534 1799 est.
1613 1750 1666 1799 Si
1721 1757 1887 1800 autem

208 1823 413 1872 deorum
468 1823 629 1871 cultus
682 1829 794 1887 post
846 1822 971 1871 hanc
1018 1824 1164 1871 vitam
1214 1823 1344 1872 velut
1393 1823 1670 1873 mercedem
1713 1824 1888 1874 reddet

208 1897 517 1962 felicitatem,
557 1912 647 1945 cur
687 1896 1046 1945 calumniantur
1085 1897 1390 1961 temporibus
1431 1896 1738 1964 ChristianiS,
1776 1898 1886 1948 ideo

208 1969 428 2019 dicentes
467 1969 588 2019 Urbi
628 1970 862 2019 accidisse
903 1969 1033 2018 illam
1074 1970 1418 2035 calamitatem,
1458 1974 1571 2035 quia
1612 1972 1730 2020 deos
1771 1988 1887 2021 suos

209 2043 369 2092 colere
396 2043 599 2109 destitit,
624 2059 735 2092 cum
761 2045 978 2108 potuerit
1003 2046 1148 2092 etiam
1173 2045 1281 2092 illos
1321 2044 1693 2109 diligentissime
1721 2045 1886 2094 colens

206 2123 306 2165 tam
343 2117 511 2166 infelix
550 2118 671 2183 fieri,
711 2133 855 2180 quam
894 2117 973 2166 ille
1011 2117 1229 2182 Regulus
1269 2115 1397 2167 fuit?
1457 2118 1562 2167 Nisi
1602 2119 1727 2168 forte
1769 2135 1883 2168 con-

206 2197 282 2239 tra
322 2191 639 2239 clarissimam
678 2193 930 2240 veritatem
981 2198 1112 2239 tanta
1152 2194 1411 2255 quisquam
1451 2193 1695 2242 dementia
1735 2195 1885 2242 mirae
1924 2206 1942 2223 ·

207 2266 457 2313 caecitatis
497 2264 757 2329 obnititur,
805 2272 860 2313 ut
899 2265 1196 2313 contendere
1237 2265 1411 2314 audeat
1450 2267 1730 2316 universam
1771 2269 1883 2316 civi·

205 2343 356 2386 tatem
395 2337 512 2386 deos
537 2337 780 2386 colentem
802 2338 1050 2386 infelicem
1089 2354 1198 2386 esse
1238 2354 1336 2387 non
1374 2355 1535 2406 posse,
1575 2355 1730 2389 unum
1768 2355 1884 2390 vero

205 2410 454 2459 hominem
500 2427 667 2477 posse,
715 2412 844 2475 quod
891 2411 1117 2461 videlicet
1162 2415 1380 2476 potentia
1427 2413 1632 2462 deorum
1680 2429 1886 2462 suorum

206 2484 386 2533 multos
425 2487 588 2549 potius
636 2487 698 2533 sit
744 2485 919 2533 idonea
958 2500 1248 2534 conservare
1298 2502 1443 2550 quam
1483 2487 1724 2552 singuloS,
1772 2503 1883 2537 cum

205 2558 468 2607 multitudo
509 2565 701 2607 constet
741 2574 798 2607 ex
839 2558 1057 2622 singulis.

356 2631 407 2680 Si
439 2638 602 2680 autem
635 2632 804 2680 dicunt
835 2631 895 2680 M.
929 2631 1170 2696 Regulum
1211 2635 1357 2682 etiam
1395 2636 1447 2682 in
1485 2634 1565 2682 illa
1605 2636 1882 2699 captivitate

205 2704 397 2768 illisque
431 2705 730 2754 cruciatibus
756 2707 978 2769 corporis
1003 2707 1151 2754 animi
1189 2708 1370 2756 virtute
1412 2707 1609 2756 beatum
1650 2723 1758 2757 esse
1797 2723 1882 2773 po-

326 2837 379 2875 10
412 2832 467 2876 de
492 2808 683 2888 >periuro
709 2831 827 2874 FK2
850 2833 863 2887 ΙΙ
890 2837 942 2875 13
975 2835 1233 2876 remaneret-
1263 2848 1287 2877 v
1313 2836 1327 2890 Η
1351 2839 1406 2878 22
1439 2835 1601 2879 reddet
1631 2835 1751 2888 AK‚·
1781 2834 1883 2878 red-

206 2890 326 2934 didit·
357 2891 426 2944 F‚·
456 2890 609 2934 reddit
639 2905 664 2934 v
