<?xml version="1.0" encoding="UTF-8"?>
<!DOCTYPE html PUBLIC "-//W3C//DTD XHTML 1.0 Transitional//EN"
    "http://www.w3.org/TR/xhtml1/DTD/xhtml1-transitional.dtd">
<html xmlns="http://www.w3.org/1999/xhtml" xml:lang="en" lang="en">
 <head>
  <title>
</title>
<meta http-equiv="Content-Type" content="text/html;charset=utf-8" />
  <meta name='ocr-system' content='tesseract 3.04.00' />
  <meta name='ocr-capabilities' content='ocr_page ocr_carea ocr_par ocr_line ocrx_word'/>
</head>
<body>
  <div class='ocr_page' id='page_1' title='image "./decivitatedeilib01auguuoft_0402.png"; bbox 0 0 2020 3122; ppageno 0'>
   <div class='ocr_carea' id='block_1_1' title="bbox 251 136 1259 188">
    <p class='ocr_par' dir='ltr' id='par_1_1' title="bbox 251 136 1259 188">
     <span class='ocr_line' id='line_1_1' title="bbox 251 136 1259 188; baseline 0.002 -11"><span class='ocrx_word' id='word_1_1' title='bbox 251 136 359 188; x_wconf 82' lang='lat'>390</span> <span class='ocrx_word' id='word_1_2' title='bbox 928 145 963 179; x_wconf 86' lang='lat' dir='ltr'>s.</span> <span class='ocrx_word' id='word_1_3' title='bbox 987 146 1259 180; x_wconf 76' lang='lat' dir='ltr'>AUGUSTINI</span> 
     </span>
    </p>
   </div>
   <div class='ocr_carea' id='block_1_2' title="bbox 154 258 1932 2608">
    <p class='ocr_par' dir='ltr' id='par_1_2' title="bbox 154 258 1932 2608">
     <span class='ocr_line' id='line_1_2' title="bbox 249 258 1930 326; baseline 0.002 -20"><span class='ocrx_word' id='word_1_4' title='bbox 249 265 588 324; x_wconf 89' lang='lat' dir='ltr'>removerunt,</span> <span class='ocrx_word' id='word_1_5' title='bbox 636 258 941 308; x_wconf 89' lang='lat' dir='ltr'>intellectum</span> <span class='ocrx_word' id='word_1_6' title='bbox 986 258 1133 308; x_wconf 93' lang='lat' dir='ltr'>huius</span> <span class='ocrx_word' id='word_1_7' title='bbox 1182 259 1290 326; x_wconf 91' lang='lat' dir='ltr'>Dei,</span> <span class='ocrx_word' id='word_1_8' title='bbox 1337 259 1385 308; x_wconf 92' lang='lat' dir='ltr'>id</span> <span class='ocrx_word' id='word_1_9' title='bbox 1438 275 1634 324; x_wconf 90' lang='lat' dir='ltr'>quoque</span> <span class='ocrx_word' id='word_1_10' title='bbox 1680 259 1930 309; x_wconf 86' lang='lat' dir='ltr'>interdurn</span> 
     </span>
     <span class='ocr_line' id='line_1_3' title="bbox 248 331 1929 398; baseline 0.001 -17"><span class='ocrx_word' id='word_1_11' title='bbox 248 332 382 381; x_wconf 90' lang='lat' dir='ltr'>velut</span> <span class='ocrx_word' id='word_1_12' title='bbox 413 334 463 380; x_wconf 90' lang='lat' dir='ltr'>in</span> <span class='ocrx_word' id='word_1_13' title='bbox 496 332 744 381; x_wconf 83' lang='lat' dir='ltr'>altissimis</span> <span class='ocrx_word' id='word_1_14' title='bbox 777 331 995 382; x_wconf 88' lang='lat' dir='ltr'>tenebris</span> <span class='ocrx_word' id='word_1_15' title='bbox 1035 333 1344 398; x_wconf 90' lang='lat' dir='ltr'>rapidissimo</span> <span class='ocrx_word' id='word_1_16' title='bbox 1386 334 1724 393; x_wconf 82' lang='lat' dir='ltr'>coruscamine</span> <span class='ocrx_word' id='word_1_17' title='bbox 1764 333 1929 382; x_wconf 91' lang='lat' dir='ltr'>lumen</span> 
     </span>
     <span class='ocr_line' id='line_1_4' title="bbox 250 405 1927 471; baseline 0.001 -17"><span class='ocrx_word' id='word_1_18' title='bbox 250 405 511 454; x_wconf 89' lang='lat' dir='ltr'>candidum</span> <span class='ocrx_word' id='word_1_19' title='bbox 558 407 885 455; x_wconf 80' lang='lat' dir='ltr'>intermicare.</span> <span class='ocrx_word' id='word_1_20' title='bbox 965 406 1016 455; x_wconf 90' lang='lat' dir='ltr'>Si</span> <span class='ocrx_word' id='word_1_21' title='bbox 1065 422 1181 471; x_wconf 86' lang='lat' dir='ltr'>ergo</span> <span class='ocrx_word' id='word_1_22' title='bbox 1230 421 1376 471; x_wconf 88' lang='lat' dir='ltr'>supra</span> <span class='ocrx_word' id='word_1_23' title='bbox 1430 408 1590 454; x_wconf 89' lang='lat' dir='ltr'>omnia</span> <span class='ocrx_word' id='word_1_24' title='bbox 1636 420 1750 455; x_wconf 88' lang='lat' dir='ltr'>vere</span> <span class='ocrx_word' id='word_1_25' title='bbox 1799 422 1927 456; x_wconf 89' lang='lat' dir='ltr'>sum-</span> 
     </span>
     <span class='ocr_line' id='line_1_5' title="bbox 169 478 1931 546; baseline 0.001 -19"><span class='ocrx_word' id='word_1_26' title='bbox 169 496 188 546; x_wconf 45' lang='lat' dir='ltr'><em>s</em></span> <span class='ocrx_word' id='word_1_27' title='bbox 249 494 360 528; x_wconf 90' lang='lat' dir='ltr'>mus</span> <span class='ocrx_word' id='word_1_28' title='bbox 392 478 523 528; x_wconf 92' lang='lat' dir='ltr'>Deus</span> <span class='ocrx_word' id='word_1_29' title='bbox 554 479 860 544; x_wconf 83' lang='lat' dir='ltr'>intellegibili</span> <span class='ocrx_word' id='word_1_30' title='bbox 899 487 948 529; x_wconf 89' lang='lat' dir='ltr'>et</span> <span class='ocrx_word' id='word_1_31' title='bbox 986 480 1219 529; x_wconf 83' lang='lat' dir='ltr'>ineffabili</span> <span class='ocrx_word' id='word_1_32' title='bbox 1258 479 1466 544; x_wconf 89' lang='lat' dir='ltr'>quadam</span> <span class='ocrx_word' id='word_1_33' title='bbox 1505 482 1798 546; x_wconf 87' lang='lat' dir='ltr'>praesentia,</span> <span class='ocrx_word' id='word_1_34' title='bbox 1837 482 1931 530; x_wconf 89' lang='lat' dir='ltr'>etsi</span> 
     </span>
     <span class='ocr_line' id='line_1_6' title="bbox 190 553 1929 620; baseline 0.001 -20"><span class='ocrx_word' id='word_1_35' title='bbox 190 567 215 606; x_wconf 83' lang='lat'>5</span> <span class='ocrx_word' id='word_1_36' title='bbox 248 553 519 620; x_wconf 87' lang='lat' dir='ltr'>interdum,</span> <span class='ocrx_word' id='word_1_37' title='bbox 566 555 659 603; x_wconf 90' lang='lat' dir='ltr'>etsi</span> <span class='ocrx_word' id='word_1_38' title='bbox 705 560 953 619; x_wconf 86' lang='lat' dir='ltr'>tamquam</span> <span class='ocrx_word' id='word_1_39' title='bbox 1008 554 1317 619; x_wconf 86' lang='lat' dir='ltr'>rapidissimo</span> <span class='ocrx_word' id='word_1_40' title='bbox 1374 555 1711 603; x_wconf 83' lang='lat' dir='ltr'>coruscamine</span> <span class='ocrx_word' id='word_1_41' title='bbox 1763 553 1929 603; x_wconf 87' lang='lat' dir='ltr'>lumen</span> 
     </span>
     <span class='ocr_line' id='line_1_7' title="bbox 249 626 1932 694; baseline 0.001 -19"><span class='ocrx_word' id='word_1_42' title='bbox 249 626 510 676; x_wconf 89' lang='lat' dir='ltr'>candidum</span> <span class='ocrx_word' id='word_1_43' title='bbox 557 629 898 692; x_wconf 82' lang='lat' dir='ltr'>intermicanS,</span> <span class='ocrx_word' id='word_1_44' title='bbox 946 628 1083 677; x_wconf 88' lang='lat' dir='ltr'>adest</span> <span class='ocrx_word' id='word_1_45' title='bbox 1129 634 1293 676; x_wconf 88' lang='lat' dir='ltr'>tamen</span> <span class='ocrx_word' id='word_1_46' title='bbox 1335 629 1629 692; x_wconf 88' lang='lat' dir='ltr'>sapientium</span> <span class='ocrx_word' id='word_1_47' title='bbox 1667 627 1932 694; x_wconf 78' lang='lat' dir='ltr'>mentibuS,</span> 
     </span>
     <span class='ocr_line' id='line_1_8' title="bbox 248 700 1928 768; baseline 0.001 -20"><span class='ocrx_word' id='word_1_48' title='bbox 248 715 361 749; x_wconf 91' lang='lat' dir='ltr'>cum</span> <span class='ocrx_word' id='word_1_49' title='bbox 401 716 453 749; x_wconf 90' lang='lat' dir='ltr'>se</span> <span class='ocrx_word' id='word_1_50' title='bbox 494 707 732 766; x_wconf 89' lang='lat' dir='ltr'>quantum</span> <span class='ocrx_word' id='word_1_51' title='bbox 766 701 905 750; x_wconf 91' lang='lat' dir='ltr'>licuit</span> <span class='ocrx_word' id='word_1_52' title='bbox 943 717 969 750; x_wconf 90' lang='lat' dir='ltr'>a</span> <span class='ocrx_word' id='word_1_53' title='bbox 1009 716 1216 766; x_wconf 89' lang='lat' dir='ltr'>corpore</span> <span class='ocrx_word' id='word_1_54' title='bbox 1256 708 1588 768; x_wconf 88' lang='lat' dir='ltr'>removerunt,</span> <span class='ocrx_word' id='word_1_55' title='bbox 1627 716 1718 750; x_wconf 91' lang='lat' dir='ltr'>nec</span> <span class='ocrx_word' id='word_1_56' title='bbox 1759 700 1818 750; x_wconf 88' lang='lat' dir='ltr'>ab</span> <span class='ocrx_word' id='word_1_57' title='bbox 1859 703 1928 750; x_wconf 85' lang='lat' dir='ltr'>eis</span> 
     </span>
     <span class='ocr_line' id='line_1_9' title="bbox 248 774 1927 840; baseline 0.001 -18"><span class='ocrx_word' id='word_1_58' title='bbox 248 776 571 823; x_wconf 89' lang='lat' dir='ltr'>contaminari</span> <span class='ocrx_word' id='word_1_59' title='bbox 608 782 793 839; x_wconf 89' lang='lat' dir='ltr'>potest:</span> <span class='ocrx_word' id='word_1_60' title='bbox 842 775 958 839; x_wconf 90' lang='lat' dir='ltr'>quid</span> <span class='ocrx_word' id='word_1_61' title='bbox 1000 781 1074 824; x_wconf 91' lang='lat' dir='ltr'>est</span> <span class='ocrx_word' id='word_1_62' title='bbox 1115 774 1245 839; x_wconf 92' lang='lat' dir='ltr'>quod</span> <span class='ocrx_word' id='word_1_63' title='bbox 1284 777 1366 824; x_wconf 93' lang='lat' dir='ltr'>isti</span> <span class='ocrx_word' id='word_1_64' title='bbox 1405 775 1473 824; x_wconf 93' lang='lat' dir='ltr'>dii</span> <span class='ocrx_word' id='word_1_65' title='bbox 1510 781 1775 840; x_wconf 88' lang='lat' dir='ltr'>propterea</span> <span class='ocrx_word' id='word_1_66' title='bbox 1815 790 1927 824; x_wconf 89' lang='lat' dir='ltr'>con-</span> 
     </span>
     <span class='ocr_line' id='line_1_10' title="bbox 247 848 1928 915; baseline 0.001 -19"><span class='ocrx_word' id='word_1_67' title='bbox 247 849 523 897; x_wconf 89' lang='lat' dir='ltr'>stituuntur</span> <span class='ocrx_word' id='word_1_68' title='bbox 560 848 703 913; x_wconf 77' lang='lat' dir='ltr'>longe</span> <span class='ocrx_word' id='word_1_69' title='bbox 743 851 792 897; x_wconf 92' lang='lat' dir='ltr'>in</span> <span class='ocrx_word' id='word_1_70' title='bbox 834 848 1031 898; x_wconf 88' lang='lat' dir='ltr'>sublimi</span> <span class='ocrx_word' id='word_1_71' title='bbox 1069 848 1193 915; x_wconf 89' lang='lat' dir='ltr'>loc0,</span> <span class='ocrx_word' id='word_1_72' title='bbox 1232 864 1293 898; x_wconf 92' lang='lat' dir='ltr'>ne</span> <span class='ocrx_word' id='word_1_73' title='bbox 1336 850 1723 899; x_wconf 83' lang='lat' dir='ltr'>contrectatione</span> <span class='ocrx_word' id='word_1_74' title='bbox 1766 856 1928 898; x_wconf 89' lang='lat' dir='ltr'>conta-</span> 
     </span>
     <span class='ocr_line' id='line_1_11' title="bbox 162 919 1931 988; baseline 0 -17"><span class='ocrx_word' id='word_1_75' title='bbox 162 934 214 973; x_wconf 89' lang='lat'>10</span> <span class='ocrx_word' id='word_1_76' title='bbox 247 923 499 970; x_wconf 79' lang='lat' dir='ltr'>minentur</span> <span class='ocrx_word' id='word_1_77' title='bbox 530 919 778 971; x_wconf 75' lang='lat' dir='ltr'>humana?</span> <span class='ocrx_word' id='word_1_78' title='bbox 834 922 983 980; x_wconf 87' lang='lat' dir='ltr'>Quasi</span> <span class='ocrx_word' id='word_1_79' title='bbox 1022 937 1138 971; x_wconf 93' lang='lat' dir='ltr'>vero</span> <span class='ocrx_word' id='word_1_80' title='bbox 1178 922 1307 971; x_wconf 89' lang='lat' dir='ltr'>aliud</span> <span class='ocrx_word' id='word_1_81' title='bbox 1349 938 1557 988; x_wconf 89' lang='lat' dir='ltr'>corpora</span> <span class='ocrx_word' id='word_1_82' title='bbox 1595 922 1675 972; x_wconf 89' lang='lat' dir='ltr'>illa</span> <span class='ocrx_word' id='word_1_83' title='bbox 1714 923 1931 972; x_wconf 87' lang='lat' dir='ltr'>aetheria</span> 
     </span>
     <span class='ocr_line' id='line_1_12' title="bbox 247 995 1930 1063; baseline 0.002 -21"><span class='ocrx_word' id='word_1_84' title='bbox 247 1009 394 1059; x_wconf 86' lang='lat' dir='ltr'>quam</span> <span class='ocrx_word' id='word_1_85' title='bbox 427 995 591 1044; x_wconf 87' lang='lat' dir='ltr'>videre</span> <span class='ocrx_word' id='word_1_86' title='bbox 625 996 850 1062; x_wconf 84' lang='lat' dir='ltr'>sufficiat,</span> <span class='ocrx_word' id='word_1_87' title='bbox 890 1011 1100 1060; x_wconf 87' lang='lat' dir='ltr'>quorum</span> <span class='ocrx_word' id='word_1_88' title='bbox 1133 996 1242 1045; x_wconf 89' lang='lat' dir='ltr'>luce</span> <span class='ocrx_word' id='word_1_89' title='bbox 1276 1004 1423 1063; x_wconf 87' lang='lat' dir='ltr'>terra,</span> <span class='ocrx_word' id='word_1_90' title='bbox 1464 1004 1701 1061; x_wconf 87' lang='lat' dir='ltr'>quantum</span> <span class='ocrx_word' id='word_1_91' title='bbox 1734 997 1930 1063; x_wconf 87' lang='lat' dir='ltr'>sufficit,</span> 
     </span>
     <span class='ocr_line' id='line_1_13' title="bbox 246 1068 1927 1137; baseline 0.002 -21"><span class='ocrx_word' id='word_1_92' title='bbox 246 1068 553 1117; x_wconf 84' lang='lat' dir='ltr'>inlustratur.</span> <span class='ocrx_word' id='word_1_93' title='bbox 630 1069 786 1118; x_wconf 89' lang='lat' dir='ltr'>Porro</span> <span class='ocrx_word' id='word_1_94' title='bbox 828 1072 870 1119; x_wconf 93' lang='lat' dir='ltr'>si</span> <span class='ocrx_word' id='word_1_95' title='bbox 910 1085 1009 1119; x_wconf 93' lang='lat' dir='ltr'>non</span> <span class='ocrx_word' id='word_1_96' title='bbox 1049 1072 1446 1120; x_wconf 85' lang='lat' dir='ltr'>contaminantur</span> <span class='ocrx_word' id='word_1_97' title='bbox 1486 1071 1670 1137; x_wconf 86' lang='lat' dir='ltr'>sidera,</span> <span class='ocrx_word' id='word_1_98' title='bbox 1710 1086 1822 1120; x_wconf 89' lang='lat' dir='ltr'>cum</span> <span class='ocrx_word' id='word_1_99' title='bbox 1862 1073 1927 1120; x_wconf 88' lang='lat' dir='ltr'>vi-</span> 
     </span>
     <span class='ocr_line' id='line_1_14' title="bbox 245 1141 1929 1209; baseline 0.002 -19"><span class='ocrx_word' id='word_1_100' title='bbox 245 1141 451 1209; x_wconf 89' lang='lat' dir='ltr'>dentur,</span> <span class='ocrx_word' id='word_1_101' title='bbox 507 1158 631 1207; x_wconf 89' lang='lat' dir='ltr'>quos</span> <span class='ocrx_word' id='word_1_102' title='bbox 686 1143 804 1193; x_wconf 90' lang='lat' dir='ltr'>deos</span> <span class='ocrx_word' id='word_1_103' title='bbox 851 1159 1022 1193; x_wconf 90' lang='lat' dir='ltr'>omnes</span> <span class='ocrx_word' id='word_1_104' title='bbox 1067 1144 1285 1193; x_wconf 86' lang='lat' dir='ltr'>visibiles</span> <span class='ocrx_word' id='word_1_105' title='bbox 1333 1144 1472 1194; x_wconf 86' lang='lat' dir='ltr'>dicit:</span> <span class='ocrx_word' id='word_1_106' title='bbox 1527 1160 1618 1194; x_wconf 88' lang='lat' dir='ltr'>nec</span> <span class='ocrx_word' id='word_1_107' title='bbox 1667 1144 1929 1194; x_wconf 90' lang='lat' dir='ltr'>daemones</span> 
     </span>
     <span class='ocr_line' id='line_1_15' title="bbox 243 1215 1928 1285; baseline 0.002 -22"><span class='ocrx_word' id='word_1_108' title='bbox 243 1215 499 1266; x_wconf 89' lang='lat' dir='ltr'>hominum</span> <span class='ocrx_word' id='word_1_109' title='bbox 539 1219 935 1267; x_wconf 88' lang='lat' dir='ltr'>contaminantur</span> <span class='ocrx_word' id='word_1_110' title='bbox 975 1225 1199 1285; x_wconf 89' lang='lat' dir='ltr'>aspectu,</span> <span class='ocrx_word' id='word_1_111' title='bbox 1239 1219 1460 1282; x_wconf 87' lang='lat' dir='ltr'>quamvis</span> <span class='ocrx_word' id='word_1_112' title='bbox 1500 1218 1559 1268; x_wconf 90' lang='lat' dir='ltr'>de</span> <span class='ocrx_word' id='word_1_113' title='bbox 1598 1220 1822 1283; x_wconf 84' lang='lat' dir='ltr'>proximo</span> <span class='ocrx_word' id='word_1_114' title='bbox 1861 1220 1928 1267; x_wconf 89' lang='lat' dir='ltr'>vi·</span> 
     </span>
     <span class='ocr_line' id='line_1_16' title="bbox 159 1288 1929 1358; baseline -0.001 -17"><span class='ocrx_word' id='word_1_115' title='bbox 159 1302 212 1341; x_wconf 84' lang='lat'>15</span> <span class='ocrx_word' id='word_1_116' title='bbox 247 1288 468 1339; x_wconf 87' lang='lat' dir='ltr'>deantur.</span> <span class='ocrx_word' id='word_1_117' title='bbox 554 1290 627 1338; x_wconf 88' lang='lat' dir='ltr'>An</span> <span class='ocrx_word' id='word_1_118' title='bbox 660 1291 787 1340; x_wconf 88' lang='lat' dir='ltr'>forte</span> <span class='ocrx_word' id='word_1_119' title='bbox 821 1291 1022 1341; x_wconf 87' lang='lat' dir='ltr'>vocibus</span> <span class='ocrx_word' id='word_1_120' title='bbox 1055 1292 1281 1341; x_wconf 88' lang='lat' dir='ltr'>humanis</span> <span class='ocrx_word' id='word_1_121' title='bbox 1314 1294 1790 1358; x_wconf 86' lang='lat' dir='ltr'>contaminarentur,</span> <span class='ocrx_word' id='word_1_122' title='bbox 1845 1293 1929 1356; x_wconf 88' lang='lat' dir='ltr'>qui</span> 
     </span>
     <span class='ocr_line' id='line_1_17' title="bbox 246 1364 1930 1427; baseline 0.002 -17"><span class='ocrx_word' id='word_1_123' title='bbox 246 1364 349 1411; x_wconf 90' lang='lat' dir='ltr'>acie</span> <span class='ocrx_word' id='word_1_124' title='bbox 375 1379 475 1412; x_wconf 93' lang='lat' dir='ltr'>non</span> <span class='ocrx_word' id='word_1_125' title='bbox 508 1367 905 1414; x_wconf 87' lang='lat' dir='ltr'>contaminantur</span> <span class='ocrx_word' id='word_1_126' title='bbox 938 1365 1210 1427; x_wconf 87' lang='lat' dir='ltr'>oculorum,</span> <span class='ocrx_word' id='word_1_127' title='bbox 1244 1372 1293 1415; x_wconf 90' lang='lat' dir='ltr'>et</span> <span class='ocrx_word' id='word_1_128' title='bbox 1316 1365 1426 1414; x_wconf 91' lang='lat' dir='ltr'>ideo</span> <span class='ocrx_word' id='word_1_129' title='bbox 1453 1365 1716 1414; x_wconf 86' lang='lat' dir='ltr'>daemones</span> <span class='ocrx_word' id='word_1_130' title='bbox 1743 1365 1930 1414; x_wconf 90' lang='lat' dir='ltr'>medios</span> 
     </span>
     <span class='ocr_line' id='line_1_18' title="bbox 243 1435 1929 1506; baseline 0.003 -24"><span class='ocrx_word' id='word_1_131' title='bbox 243 1435 441 1502; x_wconf 89' lang='lat' dir='ltr'>habent,</span> <span class='ocrx_word' id='word_1_132' title='bbox 478 1453 569 1502; x_wconf 89' lang='lat' dir='ltr'>per</span> <span class='ocrx_word' id='word_1_133' title='bbox 602 1453 724 1502; x_wconf 90' lang='lat' dir='ltr'>quos</span> <span class='ocrx_word' id='word_1_134' title='bbox 758 1441 828 1488; x_wconf 90' lang='lat' dir='ltr'>eis</span> <span class='ocrx_word' id='word_1_135' title='bbox 861 1455 1005 1488; x_wconf 91' lang='lat' dir='ltr'>voces</span> <span class='ocrx_word' id='word_1_136' title='bbox 1044 1439 1299 1488; x_wconf 90' lang='lat' dir='ltr'>hominum</span> <span class='ocrx_word' id='word_1_137' title='bbox 1339 1441 1644 1506; x_wconf 86' lang='lat' dir='ltr'>nuntientur,</span> <span class='ocrx_word' id='word_1_138' title='bbox 1684 1455 1709 1487; x_wconf 90' lang='lat' dir='ltr'>a</span> <span class='ocrx_word' id='word_1_139' title='bbox 1750 1438 1929 1504; x_wconf 89' lang='lat' dir='ltr'>quibus</span> 
     </span>
     <span class='ocr_line' id='line_1_19' title="bbox 245 1510 1927 1578; baseline 0.001 -20"><span class='ocrx_word' id='word_1_140' title='bbox 245 1510 387 1574; x_wconf 87' lang='lat' dir='ltr'>longe</span> <span class='ocrx_word' id='word_1_141' title='bbox 441 1510 645 1577; x_wconf 89' lang='lat' dir='ltr'>absunt,</span> <span class='ocrx_word' id='word_1_142' title='bbox 699 1519 755 1561; x_wconf 89' lang='lat' dir='ltr'>ut</span> <span class='ocrx_word' id='word_1_143' title='bbox 803 1514 1317 1562; x_wconf 87' lang='lat' dir='ltr'>incontaminatissimi</span> <span class='ocrx_word' id='word_1_144' title='bbox 1365 1510 1723 1578; x_wconf 77' lang='lat' dir='ltr'>perseverent?</span> <span class='ocrx_word' id='word_1_145' title='bbox 1775 1511 1927 1570; x_wconf 47' lang='lat' dir='ltr'>*Quid</span> 
     </span>
     <span class='ocr_line' id='line_1_20' title="bbox 248 1583 1928 1636; baseline 0.002 -5"><span class='ocrx_word' id='word_1_146' title='bbox 248 1585 343 1631; x_wconf 89' lang='lat' dir='ltr'>iam</span> <span class='ocrx_word' id='word_1_147' title='bbox 399 1585 458 1633; x_wconf 91' lang='lat' dir='ltr'>de</span> <span class='ocrx_word' id='word_1_148' title='bbox 515 1587 695 1634; x_wconf 87' lang='lat' dir='ltr'>ceteris</span> <span class='ocrx_word' id='word_1_149' title='bbox 755 1585 982 1636; x_wconf 88' lang='lat' dir='ltr'>sensibus</span> <span class='ocrx_word' id='word_1_150' title='bbox 1037 1583 1231 1636; x_wconf 75' lang='lat' dir='ltr'>dicam?</span> <span class='ocrx_word' id='word_1_151' title='bbox 1306 1586 1414 1635; x_wconf 92' lang='lat' dir='ltr'>Non</span> <span class='ocrx_word' id='word_1_152' title='bbox 1470 1587 1601 1634; x_wconf 86' lang='lat' dir='ltr'>enirn</span> <span class='ocrx_word' id='word_1_153' title='bbox 1656 1585 1928 1636; x_wconf 88' lang='lat' dir='ltr'>olfaciendo</span> 
     </span>
     <span class='ocr_line' id='line_1_21' title="bbox 162 1659 1929 1726; baseline 0.002 -22"><span class='ocrx_word' id='word_1_154' title='bbox 162 1671 217 1710; x_wconf 78' lang='lat'>20</span> <span class='ocrx_word' id='word_1_155' title='bbox 251 1659 574 1706; x_wconf 85' lang='lat' dir='ltr'>contaminari</span> <span class='ocrx_word' id='word_1_156' title='bbox 612 1659 687 1707; x_wconf 90' lang='lat' dir='ltr'>vel</span> <span class='ocrx_word' id='word_1_157' title='bbox 727 1659 795 1708; x_wconf 93' lang='lat' dir='ltr'>dii</span> <span class='ocrx_word' id='word_1_158' title='bbox 831 1667 1057 1726; x_wconf 85' lang='lat' dir='ltr'>possent,</span> <span class='ocrx_word' id='word_1_159' title='bbox 1105 1662 1146 1709; x_wconf 89' lang='lat' dir='ltr'>si</span> <span class='ocrx_word' id='word_1_160' title='bbox 1186 1659 1436 1726; x_wconf 90' lang='lat' dir='ltr'>adessent,</span> <span class='ocrx_word' id='word_1_161' title='bbox 1482 1659 1558 1708; x_wconf 92' lang='lat' dir='ltr'>vel</span> <span class='ocrx_word' id='word_1_162' title='bbox 1599 1675 1711 1709; x_wconf 89' lang='lat' dir='ltr'>cum</span> <span class='ocrx_word' id='word_1_163' title='bbox 1751 1659 1929 1708; x_wconf 89' lang='lat' dir='ltr'>adsunt</span> 
     </span>
     <span class='ocr_line' id='line_1_22' title="bbox 249 1730 1927 1799; baseline 0.002 -21"><span class='ocrx_word' id='word_1_164' title='bbox 249 1730 512 1780; x_wconf 89' lang='lat' dir='ltr'>daemones</span> <span class='ocrx_word' id='word_1_165' title='bbox 558 1740 768 1797; x_wconf 89' lang='lat' dir='ltr'>possunt</span> <span class='ocrx_word' id='word_1_166' title='bbox 817 1735 1038 1783; x_wconf 90' lang='lat' dir='ltr'>vivorum</span> <span class='ocrx_word' id='word_1_167' title='bbox 1087 1749 1354 1799; x_wconf 89' lang='lat' dir='ltr'>corporum</span> <span class='ocrx_word' id='word_1_168' title='bbox 1391 1732 1654 1798; x_wconf 87' lang='lat' dir='ltr'>vaporibus</span> <span class='ocrx_word' id='word_1_169' title='bbox 1693 1733 1927 1782; x_wconf 88' lang='lat' dir='ltr'>humano-</span> 
     </span>
     <span class='ocr_line' id='line_1_23' title="bbox 246 1807 1927 1870; baseline 0.002 -18"><span class='ocrx_word' id='word_1_170' title='bbox 246 1819 372 1870; x_wconf 90' lang='lat' dir='ltr'>rum,</span> <span class='ocrx_word' id='word_1_171' title='bbox 414 1807 454 1853; x_wconf 90' lang='lat' dir='ltr'>si</span> <span class='ocrx_word' id='word_1_172' title='bbox 485 1808 634 1854; x_wconf 89' lang='lat' dir='ltr'>tantis</span> <span class='ocrx_word' id='word_1_173' title='bbox 676 1807 1030 1857; x_wconf 84' lang='lat' dir='ltr'>sacrificiorum</span> <span class='ocrx_word' id='word_1_174' title='bbox 1063 1807 1366 1857; x_wconf 87' lang='lat' dir='ltr'>cadaverinis</span> <span class='ocrx_word' id='word_1_175' title='bbox 1391 1822 1489 1856; x_wconf 91' lang='lat' dir='ltr'>non</span> <span class='ocrx_word' id='word_1_176' title='bbox 1530 1809 1927 1856; x_wconf 87' lang='lat' dir='ltr'>contaminantur</span> 
     </span>
     <span class='ocr_line' id='line_1_24' title="bbox 244 1877 1926 1945; baseline 0.002 -19"><span class='ocrx_word' id='word_1_177' title='bbox 244 1877 514 1928; x_wconf 89' lang='lat' dir='ltr'>nidoribus.</span> <span class='ocrx_word' id='word_1_178' title='bbox 592 1879 647 1928; x_wconf 94' lang='lat' dir='ltr'>In</span> <span class='ocrx_word' id='word_1_179' title='bbox 687 1881 917 1945; x_wconf 84' lang='lat' dir='ltr'>gustandi</span> <span class='ocrx_word' id='word_1_180' title='bbox 955 1888 1118 1931; x_wconf 88' lang='lat' dir='ltr'>autem</span> <span class='ocrx_word' id='word_1_181' title='bbox 1159 1897 1307 1931; x_wconf 89' lang='lat' dir='ltr'>sensu</span> <span class='ocrx_word' id='word_1_182' title='bbox 1346 1880 1479 1931; x_wconf 91' lang='lat' dir='ltr'>nulla</span> <span class='ocrx_word' id='word_1_183' title='bbox 1518 1882 1811 1930; x_wconf 91' lang='lat' dir='ltr'>necessitate</span> <span class='ocrx_word' id='word_1_184' title='bbox 1851 1895 1926 1929; x_wconf 90' lang='lat' dir='ltr'>re-</span> 
     </span>
     <span class='ocr_line' id='line_1_25' title="bbox 245 1951 1926 2022; baseline 0.002 -23"><span class='ocrx_word' id='word_1_185' title='bbox 245 1951 481 2002; x_wconf 90' lang='lat' dir='ltr'>ficiendae</span> <span class='ocrx_word' id='word_1_186' title='bbox 529 1953 839 2004; x_wconf 90' lang='lat' dir='ltr'>mortalitatis</span> <span class='ocrx_word' id='word_1_187' title='bbox 885 1962 1150 2022; x_wconf 82' lang='lat' dir='ltr'>urgentur,</span> <span class='ocrx_word' id='word_1_188' title='bbox 1199 1962 1252 2004; x_wconf 90' lang='lat' dir='ltr'>ut</span> <span class='ocrx_word' id='word_1_189' title='bbox 1305 1955 1432 2004; x_wconf 89' lang='lat' dir='ltr'>fame</span> <span class='ocrx_word' id='word_1_190' title='bbox 1487 1953 1645 2003; x_wconf 89' lang='lat' dir='ltr'>adacti</span> <span class='ocrx_word' id='word_1_191' title='bbox 1692 1953 1827 2003; x_wconf 91' lang='lat' dir='ltr'>cibos</span> <span class='ocrx_word' id='word_1_192' title='bbox 1867 1953 1926 2002; x_wconf 89' lang='lat' dir='ltr'>ab</span> 
     </span>
     <span class='ocr_line' id='line_1_26' title="bbox 157 2024 1926 2093; baseline 0 -18"><span class='ocrx_word' id='word_1_193' title='bbox 157 2034 213 2075; x_wconf 81' lang='lat'>25</span> <span class='ocrx_word' id='word_1_194' title='bbox 246 2024 528 2075; x_wconf 90' lang='lat' dir='ltr'>hominibus</span> <span class='ocrx_word' id='word_1_195' title='bbox 569 2035 821 2091; x_wconf 89' lang='lat' dir='ltr'>quaerant.</span> <span class='ocrx_word' id='word_1_196' title='bbox 897 2028 1078 2078; x_wconf 88' lang='lat' dir='ltr'>Tactus</span> <span class='ocrx_word' id='word_1_197' title='bbox 1117 2044 1234 2077; x_wconf 92' lang='lat' dir='ltr'>vero</span> <span class='ocrx_word' id='word_1_198' title='bbox 1274 2030 1324 2077; x_wconf 93' lang='lat' dir='ltr'>in</span> <span class='ocrx_word' id='word_1_199' title='bbox 1363 2034 1606 2093; x_wconf 88' lang='lat' dir='ltr'>potestate</span> <span class='ocrx_word' id='word_1_200' title='bbox 1647 2035 1734 2076; x_wconf 87' lang='lat' dir='ltr'>est.</span> <span class='ocrx_word' id='word_1_201' title='bbox 1805 2027 1926 2076; x_wconf 89' lang='lat' dir='ltr'>Nam</span> 
     </span>
     <span class='ocr_line' id='line_1_27' title="bbox 243 2097 1927 2166; baseline 0.002 -20"><span class='ocrx_word' id='word_1_202' title='bbox 243 2097 360 2147; x_wconf 93' lang='lat' dir='ltr'>licet</span> <span class='ocrx_word' id='word_1_203' title='bbox 399 2099 458 2148; x_wconf 91' lang='lat' dir='ltr'>ab</span> <span class='ocrx_word' id='word_1_204' title='bbox 506 2116 563 2149; x_wconf 87' lang='lat' dir='ltr'>eo</span> <span class='ocrx_word' id='word_1_205' title='bbox 603 2103 914 2165; x_wconf 89' lang='lat' dir='ltr'>potissimum</span> <span class='ocrx_word' id='word_1_206' title='bbox 963 2118 1112 2152; x_wconf 89' lang='lat' dir='ltr'>sensu</span> <span class='ocrx_word' id='word_1_207' title='bbox 1160 2104 1482 2151; x_wconf 87' lang='lat' dir='ltr'>contrectatio</span> <span class='ocrx_word' id='word_1_208' title='bbox 1523 2101 1652 2150; x_wconf 89' lang='lat' dir='ltr'>dicta</span> <span class='ocrx_word' id='word_1_209' title='bbox 1691 2101 1927 2166; x_wconf 85' lang='lat' dir='ltr'>videatur,</span> 
     </span>
     <span class='ocr_line' id='line_1_28' title="bbox 243 2171 1924 2242; baseline 0.002 -23"><span class='ocrx_word' id='word_1_210' title='bbox 243 2171 484 2222; x_wconf 90' lang='lat' dir='ltr'>hactenus</span> <span class='ocrx_word' id='word_1_211' title='bbox 526 2180 701 2241; x_wconf 91' lang='lat' dir='ltr'>tamen,</span> <span class='ocrx_word' id='word_1_212' title='bbox 741 2177 783 2224; x_wconf 90' lang='lat' dir='ltr'>si</span> <span class='ocrx_word' id='word_1_213' title='bbox 821 2176 1023 2242; x_wconf 88' lang='lat' dir='ltr'>vellent,</span> <span class='ocrx_word' id='word_1_214' title='bbox 1062 2178 1392 2225; x_wconf 87' lang='lat' dir='ltr'>miscerentur</span> <span class='ocrx_word' id='word_1_215' title='bbox 1429 2174 1726 2240; x_wconf 80' lang='lat' dir='ltr'>hominibUS,</span> <span class='ocrx_word' id='word_1_216' title='bbox 1765 2181 1821 2223; x_wconf 88' lang='lat' dir='ltr'>ut</span> <span class='ocrx_word' id='word_1_217' title='bbox 1858 2176 1924 2223; x_wconf 89' lang='lat' dir='ltr'>vi·</span> 
     </span>
     <span class='ocr_line' id='line_1_29' title="bbox 245 2244 1926 2315; baseline 0.002 -23"><span class='ocrx_word' id='word_1_218' title='bbox 245 2244 420 2295; x_wconf 91' lang='lat' dir='ltr'>derent</span> <span class='ocrx_word' id='word_1_219' title='bbox 475 2253 524 2296; x_wconf 90' lang='lat' dir='ltr'>et</span> <span class='ocrx_word' id='word_1_220' title='bbox 574 2247 884 2315; x_wconf 89' lang='lat' dir='ltr'>viderentur,</span> <span class='ocrx_word' id='word_1_221' title='bbox 933 2250 1160 2299; x_wconf 89' lang='lat' dir='ltr'>audirent</span> <span class='ocrx_word' id='word_1_222' title='bbox 1208 2257 1256 2299; x_wconf 91' lang='lat' dir='ltr'>et</span> <span class='ocrx_word' id='word_1_223' title='bbox 1295 2250 1597 2299; x_wconf 87' lang='lat' dir='ltr'>audirentur.</span> <span class='ocrx_word' id='word_1_224' title='bbox 1674 2247 1926 2312; x_wconf 86' lang='lat' dir='ltr'>Tangendi</span> 
     </span>
     <span class='ocr_line' id='line_1_30' title="bbox 250 2319 1924 2387; baseline 0.002 -21"><span class='ocrx_word' id='word_1_225' title='bbox 250 2325 414 2367; x_wconf 91' lang='lat' dir='ltr'>autem</span> <span class='ocrx_word' id='word_1_226' title='bbox 464 2335 585 2384; x_wconf 88' lang='lat' dir='ltr'>quae</span> <span class='ocrx_word' id='word_1_227' title='bbox 635 2319 938 2372; x_wconf 72' lang='lat' dir='ltr'>necessitas?</span> <span class='ocrx_word' id='word_1_228' title='bbox 1014 2323 1137 2372; x_wconf 90' lang='lat' dir='ltr'>Nam</span> <span class='ocrx_word' id='word_1_229' title='bbox 1184 2338 1344 2387; x_wconf 89' lang='lat' dir='ltr'>neque</span> <span class='ocrx_word' id='word_1_230' title='bbox 1393 2323 1616 2371; x_wconf 90' lang='lat' dir='ltr'>homines</span> <span class='ocrx_word' id='word_1_231' title='bbox 1655 2321 1704 2370; x_wconf 91' lang='lat' dir='ltr'>id</span> <span class='ocrx_word' id='word_1_232' title='bbox 1746 2337 1924 2370; x_wconf 90' lang='lat' dir='ltr'>concu-</span> 
     </span>
     <span class='ocr_line' id='line_1_31' title="bbox 154 2393 1924 2460; baseline 0 -17"><span class='ocrx_word' id='word_1_233' title='bbox 154 2402 211 2443; x_wconf 88' lang='grc'>30</span> <span class='ocrx_word' id='word_1_234' title='bbox 243 2393 437 2456; x_wconf 89' lang='lat' dir='ltr'>piscere</span> <span class='ocrx_word' id='word_1_235' title='bbox 484 2394 744 2460; x_wconf 83' lang='lat' dir='ltr'>auderent,</span> <span class='ocrx_word' id='word_1_236' title='bbox 800 2411 912 2444; x_wconf 90' lang='lat' dir='ltr'>cum</span> <span class='ocrx_word' id='word_1_237' title='bbox 964 2396 1169 2446; x_wconf 88' lang='lat' dir='ltr'>deorum</span> <span class='ocrx_word' id='word_1_238' title='bbox 1220 2396 1296 2445; x_wconf 89' lang='lat' dir='ltr'>vel</span> <span class='ocrx_word' id='word_1_239' title='bbox 1343 2397 1637 2446; x_wconf 88' lang='lat' dir='ltr'>daemonum</span> <span class='ocrx_word' id='word_1_240' title='bbox 1683 2394 1924 2443; x_wconf 88' lang='lat' dir='ltr'>bonorum</span> 
     </span>
     <span class='ocr_line' id='line_1_32' title="bbox 244 2468 1926 2536; baseline 0.001 -22"><span class='ocrx_word' id='word_1_241' title='bbox 244 2474 514 2531; x_wconf 87' lang='lat' dir='ltr'>conspectu</span> <span class='ocrx_word' id='word_1_242' title='bbox 577 2468 652 2516; x_wconf 91' lang='lat' dir='ltr'>vel</span> <span class='ocrx_word' id='word_1_243' title='bbox 714 2469 975 2534; x_wconf 89' lang='lat' dir='ltr'>conloquio</span> <span class='ocrx_word' id='word_1_244' title='bbox 1038 2471 1346 2536; x_wconf 70' lang='lat' dir='ltr'>fruerentur,</span> <span class='ocrx_word' id='word_1_245' title='bbox 1410 2477 1458 2519; x_wconf 90' lang='lat' dir='ltr'>et</span> <span class='ocrx_word' id='word_1_246' title='bbox 1520 2471 1561 2518; x_wconf 90' lang='lat' dir='ltr'>si</span> <span class='ocrx_word' id='word_1_247' title='bbox 1621 2471 1673 2518; x_wconf 92' lang='lat' dir='ltr'>in</span> <span class='ocrx_word' id='word_1_248' title='bbox 1734 2475 1926 2518; x_wconf 79' lang='lat' dir='ltr'>tantuin</span> 
     </span>
     <span class='ocr_line' id='line_1_33' title="bbox 245 2541 1923 2608; baseline 0.002 -21"><span class='ocrx_word' id='word_1_249' title='bbox 245 2541 506 2590; x_wconf 89' lang='lat' dir='ltr'>curiositas</span> <span class='ocrx_word' id='word_1_250' title='bbox 552 2542 959 2608; x_wconf 86' lang='lat' dir='ltr'>progrederetur,</span> <span class='ocrx_word' id='word_1_251' title='bbox 1008 2550 1062 2592; x_wconf 89' lang='lat' dir='ltr'>ut</span> <span class='ocrx_word' id='word_1_252' title='bbox 1110 2543 1310 2592; x_wconf 88' lang='lat' dir='ltr'>vellent:</span> <span class='ocrx_word' id='word_1_253' title='bbox 1358 2558 1569 2607; x_wconf 88' lang='lat' dir='ltr'>quonam</span> <span class='ocrx_word' id='word_1_254' title='bbox 1610 2548 1751 2606; x_wconf 89' lang='lat' dir='ltr'>pacto</span> <span class='ocrx_word' id='word_1_255' title='bbox 1793 2544 1923 2605; x_wconf 89' lang='lat' dir='ltr'>quis-</span> 
     </span>
    </p>
   </div>
   <div class='ocr_carea' id='block_1_3' title="bbox 362 2668 962 2725">
    <p class='ocr_par' dir='ltr' id='par_1_3' title="bbox 362 2668 962 2725">
     <span class='ocr_line' id='line_1_34' title="bbox 362 2668 962 2725; baseline 0.002 -14"><span class='ocrx_word' id='word_1_256' title='bbox 362 2669 404 2721; x_wconf 86' lang='lat'>3)</span> <span class='ocrx_word' id='word_1_257' title='bbox 437 2668 504 2712; x_wconf 90' lang='lat' dir='ltr'>De</span> <span class='ocrx_word' id='word_1_258' title='bbox 538 2669 623 2712; x_wconf 89' lang='lat' dir='ltr'>deo</span> <span class='ocrx_word' id='word_1_259' title='bbox 657 2668 780 2713; x_wconf 80' lang='lat' dir='ltr'>Socr.</span> <span class='ocrx_word' id='word_1_260' title='bbox 814 2685 858 2725; x_wconf 85' lang='lat' dir='ltr'>p.</span> <span class='ocrx_word' id='word_1_261' title='bbox 892 2675 962 2713; x_wconf 84' lang='lat'>43.</span> 
     </span>
    </p>
   </div>
   <div class='ocr_carea' id='block_1_4' title="bbox 243 2815 1925 2933">
    <p class='ocr_par' dir='ltr' id='par_1_4' title="bbox 243 2815 1925 2933">
     <span class='ocr_line' id='line_1_35' title="bbox 365 2815 1923 2872; baseline -0.001 -12"><span class='ocrx_word' id='word_1_262' title='bbox 365 2823 386 2860; x_wconf 85' lang='lat'>1</span> <span class='ocrx_word' id='word_1_263' title='bbox 421 2818 718 2862; x_wconf 78' lang='lat' dir='ltr'>remouerunt</span> <span class='ocrx_word' id='word_1_264' title='bbox 749 2830 861 2868; x_wconf 81' lang='lat' dir='ltr'>mss;</span> <span class='ocrx_word' id='word_1_265' title='bbox 892 2815 1173 2860; x_wconf 80' lang='lat' dir='ltr'>removerint</span> <span class='ocrx_word' id='word_1_266' title='bbox 1203 2830 1228 2860; x_wconf 82' lang='grc' dir='ltr'><strong><em>υ</em></strong></span> <span class='ocrx_word' id='word_1_267' title='bbox 1261 2819 1275 2872; x_wconf 67' lang='lat' dir='ltr'>ll</span> <span class='ocrx_word' id='word_1_268' title='bbox 1306 2815 1354 2859; x_wconf 83' lang='lat' dir='ltr'>id</span> <span class='ocrx_word' id='word_1_269' title='bbox 1388 2816 1543 2869; x_wconf 65' lang='lat' dir='ltr'><strong><em>GAR-</em></strong></span> <span class='ocrx_word' id='word_1_270' title='bbox 1575 2818 1622 2860; x_wconf 81' lang='lat' dir='ltr'>et</span> <span class='ocrx_word' id='word_1_271' title='bbox 1651 2815 1700 2859; x_wconf 84' lang='lat' dir='ltr'>id</span> <span class='ocrx_word' id='word_1_272' title='bbox 1731 2816 1806 2859; x_wconf 76' lang='lat' dir='ltr'>Kv</span> <span class='ocrx_word' id='word_1_273' title='bbox 1830 2817 1845 2871; x_wconf 81' lang='lat' dir='ltr'>ss</span> <span class='ocrx_word' id='word_1_274' title='bbox 1869 2820 1923 2858; x_wconf 82' lang='lat'>23</span> 
     </span>
     <span class='ocr_line' id='line_1_36' title="bbox 243 2874 1925 2933; baseline 0 -16"><span class='ocrx_word' id='word_1_275' title='bbox 243 2887 381 2918; x_wconf 80' lang='lat' dir='ltr'>sensu</span> <span class='ocrx_word' id='word_1_276' title='bbox 398 2876 495 2919; x_wconf 87' lang='lat' dir='ltr'>AF</span> <span class='ocrx_word' id='word_1_277' title='bbox 506 2876 759 2931; x_wconf 69' lang='lat' dir='ltr'>(Naeyelsb.</span> <span class='ocrx_word' id='word_1_278' title='bbox 781 2875 883 2919; x_wconf 69' lang='lat' dir='ltr'>Stil.</span> <span class='ocrx_word' id='word_1_279' title='bbox 901 2875 1075 2933; x_wconf 53' lang='lat'>5123,</span> <span class='ocrx_word' id='word_1_280' title='bbox 1102 2876 1213 2930; x_wconf 85' lang='lat' dir='ltr'><em>II),·</em></span> <span class='ocrx_word' id='word_1_281' title='bbox 1246 2890 1430 2919; x_wconf 85' lang='lat' dir='ltr'>sensum</span> <span class='ocrx_word' id='word_1_282' title='bbox 1450 2875 1561 2920; x_wconf 82' lang='lat' dir='ltr'>GKv</span> <span class='ocrx_word' id='word_1_283' title='bbox 1585 2877 1600 2932; x_wconf 82' lang='grc' dir='ltr'>ΙΙ</span> <span class='ocrx_word' id='word_1_284' title='bbox 1625 2880 1678 2919; x_wconf 85' lang='grc'>32</span> <span class='ocrx_word' id='word_1_285' title='bbox 1697 2874 1842 2918; x_wconf 72' lang='lat' dir='ltr'>uellet</span> <span class='ocrx_word' id='word_1_286' title='bbox 1857 2874 1925 2917; x_wconf 82' lang='lat' dir='ltr'>Al</span> 
     </span>
    </p>
   </div>
  </div>
 </body>
</html>
