2020 3122
159 924 212 962 10

162 1293 214 1331 15

157 1779 211 1817 20

159 2146 214 2184 25

162 2515 217 2553 30

245 128 350 180 378
934 139 969 173 s,
995 138 1269 174 Aooosnm

243 253 392 301 suerit
443 251 641 300 Graecis
692 251 858 300 favens
898 251 1221 317 Troianisque
1280 255 1584 318 contrariuS‚
1635 254 1764 302 sicut
1803 253 1925 303 alius

244 325 476 374 adversus
533 324 746 373 Graecos
801 325 1128 375 Troianorum
1183 327 1469 391 opitulator,
1525 341 1672 390 quem
1722 325 1925 376 Veneris

243 414 331 448 seu
382 398 551 447 Martis
603 400 799 447 nomine
851 399 981 448 idem
1027 406 1171 463 poeta
1220 406 1592 466 commemorat,
1643 415 1767 464 quos
1807 400 1925 449 deos

243 474 336 521 iste
376 472 489 521 talia
528 488 627 521 non
675 479 875 537 agentes
922 475 973 522 in
1012 472 1397 522 habitationibus
1438 472 1733 522 caelestibus
1773 475 1926 539 ponit,

244 553 293 595 et
332 546 382 594 hi
421 546 684 595 daemones
723 562 813 610 pro
855 548 948 612 eis,
989 562 1112 611 quos
1153 546 1400 612 amabant,
1441 553 1612 595 contra
1652 562 1736 596 eos
1749 587 1763 613 ,
1803 563 1926 611 quos

244 620 463 686 oderant,
502 623 632 669 inter
665 635 716 668 se
750 619 1133 686 decertaverint:
1172 620 1265 669 hoc
1306 635 1405 669 non
1443 620 1618 685 procul
1658 636 1684 669 a
1722 623 1926 670 veritate

242 701 413 758 poetas
438 695 619 743 dixisse
652 694 909 743 confessus
943 700 1032 743 est.
1110 693 1178 742 De
1211 693 1288 743 his
1329 696 1510 759 quippe
1550 696 1642 743 ista
1682 695 1927 760 dixerunt,

245 782 368 831 quos
422 767 703 816 hominibus
759 767 906 815 simili
961 774 1097 816 motu
1153 767 1316 816 cordis
1371 775 1421 816 et
1466 767 1566 816 salo
1614 770 1793 818 mentis
1839 783 1927 833 per

244 855 415 890 omnes
464 843 814 906 cogitationum
861 848 1027 890 aestus
1073 841 1314 891 fluctuare
1354 848 1586 908 testatur,
1633 849 1688 891 ut
1725 850 1929 906 possent

246 929 437 963 amores
469 923 518 964 et
558 915 667 963 odia
706 930 804 962 non
842 930 933 979 pro
973 916 1173 981 iustitia,
1214 915 1300 964 sed
1339 917 1468 965 sicut
1504 915 1717 980 populus
1757 915 1928 965 similis

246 1003 418 1037 eorum
457 990 509 1037 in
548 987 863 1038 venatoribus
904 995 952 1037 et
991 990 1175 1054 aurigis
1215 988 1489 1038 secundum
1528 1004 1729 1039 suarum
1769 988 1929 1038 studia

244 1063 458 1125 partium
497 1077 587 1126 pro
629 1062 735 1111 aliis
776 1061 1010 1111 adversus
1051 1062 1169 1111 alios
1209 1078 1456 1112 exercere.
1534 1062 1587 1112 Id
1628 1065 1759 1112 enim
1798 1062 1927 1112 vide·

245 1143 328 1184 tur
366 1135 688 1200 philosophus
730 1151 931 1185 curasse
970 1135 1279 1202 Platonicus,
1319 1152 1396 1203 ne,
1437 1152 1550 1186 cum
1587 1136 1708 1186 haec
1749 1152 1776 1185 a
1814 1152 1928 1202 poe-

244 1211 307 1258 tis
363 1217 684 1276 canerentur,
740 1225 839 1258 non
891 1225 916 1258 a
964 1209 1285 1260 daemonibus
1333 1210 1530 1276 mediiS,
1584 1210 1670 1260 sed
1711 1209 1769 1259 ab
1810 1212 1930 1276 ipsis

248 1283 362 1348 diis,
410 1299 622 1348 quorum
669 1285 865 1331 nomina
911 1290 1086 1348 poetae
1132 1284 1360 1348 fingendo
1408 1291 1621 1350 ponunt,
1669 1285 1775 1333 fieri
1825 1299 1929 1333 cre-

246 1356 497 1406 derentur.

903 1485 1095 1540 CAPUT
1128 1486 1277 1540 VIII.

282 1594 358 1642 De
397 1595 493 1642 diis
533 1595 832 1642 caelestibus
871 1599 920 1643 et
958 1596 1284 1643 daemonibus
1324 1597 1481 1643 aeriis
1518 1595 1902 1655 hominibusque

585 1670 802 1716 terrenis
841 1669 1025 1729 Apulei
1061 1669 1315 1717 Platonici
1352 1669 1589 1726 definitio,

395 1766 560 1826 Quid?
598 1769 679 1818 illa
702 1771 808 1834 ipsa
840 1770 1059 1819 definitio
1085 1770 1379 1819 daemonum
1417 1785 1656 1835 parumne
1695 1770 1931 1819 intuenda

245 1849 321 1891 est
359 1837 470 1908 (ubi
509 1850 643 1892 certe
685 1858 855 1892 omnes
895 1843 1268 1893 determinando
1309 1843 1593 1909 complexus
1634 1840 1760 1911 est),
1800 1843 1930 1907 quod

245 1918 311 1964 ait
350 1916 614 1965 daemones
655 1932 763 1965 esse
803 1933 984 1982 genere
1026 1917 1271 1984 animalia,
1313 1919 1474 1966 animo
1514 1920 1727 1984 passiva,
1766 1925 1929 1966 mente

246 1989 521 2055 rationalia,
574 2005 781 2054 corpore
842 1993 996 2056 aeria,
1054 1999 1276 2056 tempore
1332 1988 1566 2040 aeterna?
1603 2017 1609 2018 ff
1641 1991 1696 2039 In
1752 1990 1931 2055 quibus

246 2064 463 2127 quinque
505 2066 899 2114 commemoratis
939 2065 1060 2114 nihil
1099 2065 1220 2114 dixit
1259 2066 1480 2130 omnim,
1532 2080 1628 2129 quo
1668 2064 1930 2113 daemones

248 2151 360 2185 cum
409 2136 551 2185 bonis
607 2137 779 2186 saltem
826 2138 1108 2187 hominibus
1155 2138 1204 2187 id
1252 2138 1539 2187 viderentur
1577 2138 1758 2187 habere
1801 2153 1929 2186 com·

246 2225 409 2275 mune,
450 2210 581 2274 quod
606 2226 705 2258 non
731 2219 862 2260 esset
900 2214 950 2260 in
990 2212 1143 2261 malis.
1220 2211 1343 2261 Nam
1380 2214 1515 2276 ipsos
1554 2211 1777 2260 homines
1818 2226 1930 2260 cum

247 2283 495 2347 aliquanto
541 2283 687 2332 latius
735 2285 1060 2334 describendo
1109 2285 1543 2350 complecteretur,
1592 2301 1681 2334 suo
1721 2285 1828 2333 loco
1870 2285 1928 2332 de

247 2356 342 2405 illis
375 2356 544 2406 dicens
576 2364 824 2421 tamquam
864 2359 922 2407 de
962 2359 1142 2408 infimis
1183 2366 1328 2423 atque
1370 2360 1598 2424 terreniS‚
1639 2373 1752 2407 cum
1790 2359 1930 2423 prius

248 2429 452 2479 dixisset
501 2431 560 2479 de
610 2431 904 2481 caelestibus
945 2432 1059 2498 diis,
1108 2439 1161 2481 ut
1200 2431 1553 2481 commendatis
1592 2431 1782 2481 duabus
1820 2447 1929 2496 par·

251 2503 382 2553 tibus
430 2519 488 2552 ex
540 2519 731 2553 summo
780 2512 828 2554 et
874 2506 1040 2554 infimo
1090 2505 1275 2555 ultimis
1322 2508 1469 2554 tertio
1508 2505 1616 2553 loco
1657 2505 1716 2554 de
1758 2504 1930 2553 mediis

249 2576 568 2626 daemonibus
614 2578 925 2643 loqueretur:
971 2578 1164 2644 „Igitur
1211 2579 1462 2644 homiues3
1511 2581 1692 2645 inquit,
1740 2580 1928 2627 ratione

366 2706 439 2759 23)
472 2704 539 2748 De
573 2705 658 2749 deo
693 2705 816 2749 Socr.
848 2721 893 2761 p.
927 2710 997 2749 49.

367 2873 423 2910 24
455 2881 545 2923 quo
578 2869 643 2912 ed.
679 2868 791 2911 Par.
825 2868 876 2911 in
909 2868 1061 2912 adnot.
1096 2869 1221 2921 crit.;
1254 2868 1375 2922 quod
1409 2882 1432 2910 v
