2020 3122
169 936 222 974 10

167 1300 221 1340 15

169 1666 224 1706 20

173 2032 228 2071 25

175 2398 231 2438 30

245 139 354 194 234
759 198 767 204 ⁴
924 147 959 182 s.
981 145 1256 183 Auonsrm

246 266 448 315 tertium
470 262 530 312 ab
558 262 785 327 Scipione
810 259 1086 310 incredibili
1118 258 1369 308 celeritate
1402 265 1450 306 et
1488 259 1726 322 temporis
1764 257 1923 309 brevi·

249 345 348 388 tate
396 337 620 386 confecta
666 342 796 384 sunt.
870 333 1061 383 Bellum
1101 346 1296 396 quoque
1336 330 1653 395 fugitivorum
1692 331 1921 396 gladiato-

247 426 373 476 rum,
413 411 632 474 quamvis
669 408 837 458 multis
875 406 1106 456 Romanis
1146 403 1354 454 ducibus
1394 410 1443 453 et
1481 404 1675 454 duobus
1714 406 1926 456 consuli-

247 485 341 533 bus
402 485 545 533 victis
598 482 833 547 Italiaque
895 479 1200 529 horribiliter
1262 478 1474 526 contrita
1528 485 1673 542 atque
1728 486 1927 546 vastata,

249 558 395 607 tertio
419 564 583 606 tamen
615 571 742 604 anno
781 561 893 620 post
930 553 1082 602 multa
1122 556 1412 615 consumpta
1450 559 1799 617 consumptum
1838 561 1927 604 est.

250 631 502 697 PicenteS,
547 630 695 679 Marsi
742 636 791 678 et
828 628 1038 692 Peligni,
1086 631 1256 690 gentes
1303 639 1403 673 non
1443 632 1662 692 exterae,
1709 626 1796 676 sed
1834 627 1926 677 Ita·

249 706 394 771 licae,
439 711 551 770 post
597 703 879 752 diuturnam
926 707 974 749 et
1020 699 1383 747 devotissimam
1422 698 1514 748 sub
1553 698 1772 749 Romano
1811 701 1927 766 iugo

252 780 539 828 servitutem
579 779 629 826 in
667 775 943 825 libertatem
983 778 1129 837 caput
1168 773 1359 836 erigere
1399 778 1785 840 temptaverunt,
1831 776 1929 823 iam

252 852 419 901 multis
475 848 753 900 nationibus
808 848 1025 896 Romano
1080 847 1288 910 imperio
1344 844 1617 911 subiugatis
1671 847 1928 912 deletaque

254 925 569 989 Karthagine3
608 926 658 971 in
692 937 788 986 quo
828 920 954 969 bello
994 919 1162 969 Italico
1186 919 1420 969 Romanis
1459 922 1745 985 saepissime
1785 923 1930 971 victis

253 998 337 1047 ubi
370 1005 419 1046 et
451 998 547 1046 duo
572 995 799 1045 consules
831 995 1089 1059 perierunt
1121 1000 1170 1043 et
1209 992 1290 1042 alii
1328 992 1621 1043 nobilissimi
1660 1001 1930 1063 senatoreS,

252 1086 350 1119 non
404 1070 637 1119 diuturno
688 1075 852 1117 tamen
906 1073 1128 1133 tempore
1184 1074 1398 1116 tractum
1453 1074 1528 1117 est
1580 1067 1674 1117 hoc
1727 1068 1931 1135 malum3

251 1159 360 1192 nam
403 1145 603 1207 quintus
645 1144 689 1191 ei
728 1157 885 1190 annus
924 1140 1072 1190 finem
1111 1141 1259 1191 dedit.
1338 1140 1435 1190 Sed
1474 1140 1657 1191 bellum
1689 1141 1932 1192 Punicum

253 1217 523 1266 secundum
563 1231 676 1265 cum
723 1216 945 1264 maximis
985 1215 1293 1264 detrimentis
1333 1221 1383 1264 et
1421 1214 1692 1265 calamitate
1731 1217 1806 1265 rei
1842 1231 1931 1281 pu-
1999 1219 2004 1224 '

253 1290 405 1340 blicae
444 1305 533 1355 per
565 1304 718 1338 annos
750 1289 921 1339 decem
961 1295 1010 1338 et
1049 1294 1160 1338 octo
1199 1288 1443 1338 Romanas
1482 1290 1612 1338 vires
1651 1291 1934 1339 extenuavit

256 1371 305 1414 et
350 1379 503 1429 paene
552 1364 879 1428 consumpsit3
931 1361 1125 1411 duobus
1172 1362 1374 1427 proeliis
1421 1363 1576 1411 ferme
1624 1365 1933 1428 septuaginta

255 1437 587 1486 Romanorum
632 1436 765 1485 milia
815 1436 1116 1485 ceciderunt.
1192 1435 1382 1485 Bellum
1426 1436 1672 1486 Punicum
1718 1439 1934 1501 primum

255 1526 345 1576 per
383 1512 553 1575 viginti
592 1517 641 1558 et
686 1517 790 1559 tres
829 1525 984 1558 annos
1023 1517 1279 1574 peractum
1318 1516 1415 1574 est3
1461 1509 1646 1559 bellum
1683 1509 1934 1560 Mithrida-

258 1586 410 1634 ticum
449 1583 781 1648 quadraginta.
858 1583 927 1632 Ac
959 1598 1020 1632 ne
1053 1584 1314 1647 quisquam
1347 1582 1616 1633 arbitretur
1655 1583 1935 1634 rudimenta

256 1657 587 1707 Romanorum
649 1658 801 1706 fuisse
865 1657 1068 1706 fortiora
1130 1657 1188 1705 ad
1249 1656 1377 1706 bella
1438 1658 1584 1706 citius
1644 1658 1937 1726 peragenda,

257 1730 595 1796 superioribus
642 1730 948 1796 temporibus
995 1730 1205 1779 multum
1244 1732 1295 1778 in
1335 1732 1469 1779 omni
1506 1733 1688 1780 virtute
1726 1731 1935 1781 laudat-is

255 1804 438 1853 bellum
473 1804 794 1854 Samniticum
825 1806 964 1853 annis
996 1810 1210 1853 tractum
1250 1811 1325 1853 est
1364 1805 1518 1853 fermo
1559 1806 1936 1872 quinquaginta3

256 1880 307 1926 in
348 1893 444 1942 quo
483 1877 611 1926 bello
661 1881 728 1928 ita
766 1878 974 1928 Romani
1012 1879 1127 1927 victi
1168 1885 1304 1944 sunt,
1350 1883 1408 1927 ut
1446 1877 1538 1927 sub
1578 1881 1747 1943 iugum
1788 1880 1936 1928 etiam

260 1952 587 2000 mitterentur.
674 1951 771 2001 Sed
825 1953 939 2016 quia
992 1967 1092 2001 non
1154 1951 1420 2016 diligebant
1474 1951 1679 2016 gloriam
1731 1958 1938 2017 propter

260 2025 516 2090 iustitiam,
565 2024 649 2073 sed
695 2026 932 2074 iustitiam
978 2031 1182 2090 propter
1222 2025 1427 2090 gloriam
1466 2024 1668 2090 diligere
1707 2025 1936 2075 videban-

262 2104 366 2162 tur,
412 2111 581 2160 pacem
621 2098 799 2147 factam
838 2098 1110 2163 foedusque
1150 2106 1409 2164 ruperunt.
1484 2098 1616 2148 Haec
1655 2099 1766 2148 ideo
1806 2114 1936 2148 com-

262 2184 505 2235 memoro,
545 2173 772 2233 quoniam
813 2171 954 2220 multi
991 2174 1372 2236 praeteritarum
1411 2188 1580 2222 rerum
1618 2174 1793 2239 ignari,
1832 2175 1938 2237 qui-

264 2242 372 2291 dam
429 2244 572 2291 etiam
627 2243 1013 2294 dissimulatores
1068 2261 1184 2295 suae
1233 2248 1488 2312 scientiae,
1543 2248 1585 2295 si
1630 2245 1939 2311 temporibus

265 2314 551 2364 Christianis
583 2316 777 2381 aliquod
808 2317 991 2366 bellum
1029 2319 1174 2383 paulo
1215 2320 1400 2369 diutius
1439 2319 1567 2368 trahi
1606 2319 1786 2386 vident,
1824 2319 1938 2368 ilic'o

263 2390 313 2436 in
348 2395 565 2437 nostram
596 2389 882 2454 religionem
912 2394 1278 2455 protervissime
1318 2393 1556 2460 insiliunt,
1596 2392 1940 2460 exclamanteS,

263 2461 409 2527 quod,
449 2463 490 2510 si
528 2464 632 2526 ipsa
671 2479 769 2512 non
800 2471 930 2513 esset
970 2471 1018 2514 et
1056 2474 1221 2515 vetere
1260 2468 1361 2516 ritu
1399 2468 1601 2516 numina
1640 2466 1938 2533 colerentur,

262 2537 359 2583 iam
389 2535 604 2584 Romana
643 2536 722 2585 illa
760 2539 957 2603 virtute,
997 2554 1119 2602 quae
1161 2540 1416 2590 adiuvante
1455 2540 1609 2589 Marte
1651 2547 1699 2588 et
1738 2539 1937 2588 Bellona

263 2615 396 2657 tanta
437 2608 663 2658 celeriter
709 2610 834 2659 bella
874 2611 1106 2677 confecit,
1153 2613 1203 2661 id
1243 2629 1441 2678 quoque
1481 2613 1736 2663 celerrime
1776 2613 1940 2661 finire-

264 2688 359 2730 tur.
436 2681 672 2732 Recolant
715 2685 867 2748 igitur
914 2686 998 2748 qui
1044 2684 1296 2752 legerunt,
1345 2702 1492 2751 quam
1530 2687 1763 2737 diuturna
1799 2685 1965 2752 bella,

385 2874 406 2911 1
443 2883 470 2913 a
501 2883 525 2913 v
549 2871 565 2926 Η
590 2875 643 2914 10
675 2869 828 2913 karth,
864 2869 907 2913 A
931 2871 946 2926 1}
972 2874 1024 2913 19
1059 2870 1218 2926 quadr.
1250 2871 1382 2916 annis
1415 2885 1440 2916 υ
