2020 3122
235 145 344 197 274
906 154 940 186 S.
965 153 1241 187 AUGUSTINI

235 284 334 317 non
375 283 434 316 ex
472 267 591 332 hoc,
631 266 762 330 quod
803 266 870 315 dii
909 281 969 314 ex
1008 264 1175 314 multis
1215 265 1412 329 quidam
1453 263 1623 313 selecti
1663 270 1804 330 sunt,
1843 263 1920 312 vel

235 344 277 391 is
317 343 401 404 qui
434 342 633 404 scripsit
666 339 740 388 vel
781 354 953 388 eorum
994 339 1211 388 cultores
1252 338 1326 387 vel
1366 338 1433 386 'dii
1471 339 1567 402 ipsi
1606 335 1918 401 vituperandi
1992 352 1994 354 ·

236 420 380 479 sunt,
443 413 528 462 sed
584 412 936 462 advertendum
991 414 1156 477 potius
1210 413 1410 476 quinam
1464 412 1549 460 isti
1603 412 1702 459 sint
1757 416 1806 459 et
1860 410 1919 459 ad

237 503 383 553 quam
423 503 527 536 rem
569 487 739 536 selecti
778 487 1049 535 videantur.

178 661 203 699 5
925 621 1130 699 CAPUT'
1162 644 1233 697 Π.

266 755 366 812 Qui
400 756 502 802 sint
541 755 615 801 dii
650 755 843 812 selecti,
893 758 941 801 et
978 767 1045 800 an
1086 753 1149 800 ab
1190 750 1374 812 officiis
1413 752 1644 800 viliorum
1685 752 1893 800 deorum

805 827 1091 875 habeantur
1130 827 1341 886 excepti.

383 928 485 977 Hos
518 935 653 977 certe
686 928 803 976 deos
837 928 1047 976 selectos
1073 927 1225 975 Varro
1266 929 1414 976 unius
1453 926 1567 975 libri
1607 927 1920 975 contextione
1969 927 1972 929 ’

237 1002 567 1051 commendat:
618 1002 810 1066 Ianum,
866 1001 1051 1068 Iovem,
1107 1000 1397 1067 Saturnum,
1448 999 1680 1066 Genium,
1730 999 1921 1048 Mercu-

150 1087 203 1127 10
237 1077 386 1141 rium,
419 1075 728 1141 Apollinem,
775 1075 1002 1142 Martem,
1052 1074 1344 1140 Vulcanum,
1389 1074 1696 1140 Neptunum,
1737 1073 1915 1139 Solem,

236 1149 443 1215 Orcum,
489 1148 725 1198 Liberum
773 1155 986 1213 patrem,
1034 1148 1307 1215 Tellurem,
1359 1147 1615 1214 Cererem,
1665 1147 1922 1210 Iunonem,

235 1221 444 1288 Lunam,
483 1222 706 1289 Dianam,
745 1222 1033 1287 Minervam,
1074 1221 1337 1288 Venerem,
1377 1221 1596 1287 Vestam3
1647 1223 1698 1270 in
1739 1219 1919 1285 quibus

236 1295 465 1345 omnibus
498 1296 652 1345 ferme
685 1298 857 1360 viginti
889 1296 1147 1346 duodecim
1180 1311 1356 1362 mareS,
1397 1303 1508 1345 octo
1541 1301 1658 1344 sunt
1697 1295 1920 1343 feminae.

235 1369 366 1418 Haec
399 1372 598 1418 numina
624 1376 791 1419 utrum
816 1375 1020 1434 propter
1051 1371 1261 1418 maiores
1301 1371 1352 1418 in
1391 1369 1574 1418 mundo
1615 1368 1922 1418 administra·

150 1455 203 1494 15
236 1445 397 1492 tiones
422 1443 602 1492 selecta
628 1444 876 1508 dicuntur,
918 1459 977 1492 an
1011 1443 1141 1507 quod
1174 1443 1371 1508 populis
1411 1444 1564 1508 magis
1595 1444 1924 1491 innotuerunt

237 1518 489 1581 maiorque
547 1523 623 1565 est
677 1519 747 1566 eis
804 1517 966 1566 cultus
1023 1514 1307 1566 exhibitus?
1385 1516 1436 1565 Si
1475 1522 1760 1582 propterea,
1809 1517 1923 1580 quia

237 1606 385 1655 opera
437 1592 620 1639 maiora
667 1590 726 1639 ab
773 1590 849 1639 his
897 1591 1304 1639 administrantur
1342 1592 1393 1639 in
1434 1590 1643 1657 mundo,
1697 1605 1797 1638 non
1837 1604 1922 1638 eos

236 1665 458 1712 invenire
504 1663 767 1713 debuimus
821 1666 951 1713 inter
997 1663 1129 1712 illam
1185 1666 1325 1728 quasi
1371 1663 1613 1728 plebeiam
1660 1664 1918 1712 numinum

241 1737 605 1786 multitudinem
639 1739 841 1786 minutis
876 1738 1126 1802 opusculis
1160 1737 1455 1802 deputatam.
1531 1737 1654 1786 Nam
1685 1739 1790 1802 ipse
1821 1738 1922 1802 pri·

150 1822 205 1861 20
238 1827 373 1859 mum
413 1810 572 1876 IanuS,
614 1827 725 1860 cum
765 1814 1084 1876 puerperium
1125 1813 1416 1878 concipitur,
1457 1811 1587 1860 unde
1626 1810 1707 1859 illa
1746 1817 1924 1859 cuncta

238 1900 386 1948 opera
412 1891 615 1933 sumunt
639 1885 895 1934 exordium
921 1887 1199 1934 minutatim
1224 1887 1428 1934 minutis
1461 1884 1723 1934 distributa
1761 1885 1922 1932 numi-

237 1957 397 2023 nibuS,
437 1958 622 2007 aditum
656 1961 814 2024 aperit
845 1958 1128 2023 recipiendo
1169 1961 1358 2008 semini.
1434 1958 1508 2007 lbi
1548 1964 1624 2007 est
1662 1963 1712 2006 et
1752 1957 1921 2006 Satur·

236 2046 331 2079 nus
369 2039 572 2095 propter
618 2034 780 2096 ipsum
833 2048 1027 2098 semen3
1082 2032 1150 2081 ibi
1189 2031 1359 2098 Liber,
1414 2034 1500 2096 qui
1538 2047 1724 2080 marem
1765 2032 1923 2080 effuso

239 2106 424 2152 semine
457 2104 654 2171 liberat3
693 2105 761 2154 ibi
792 2105 982 2171 Libera,
1023 2121 1168 2170 quam
1208 2114 1257 2155 et
1295 2105 1538 2155 Venerem
1576 2105 1759 2171 volunt,
1799 2119 1925 2168 quae

149 2187 204 2228 25
237 2177 331 2226 hoc
392 2177 522 2226 idem
584 2178 878 2228 beneficium
935 2180 1156 2228 conserat
1210 2180 1446 2245 feminae,
1510 2186 1564 2228 ut
1617 2180 1765 2227 etiam
1817 2180 1923 2243 ipsa

237 2252 416 2299 emisso
458 2253 643 2300 semine
675 2252 928 2301 liberetur.
1007 2252 1189 2302 Omnes
1229 2253 1279 2301 hi
1319 2269 1378 2302 ex
1417 2253 1511 2302 illis
1552 2258 1682 2318 sunt,
1723 2253 1807 2316 qui
1846 2266 1924 2300 se-

234 2323 349 2373 lecti
396 2324 717 2389 appellantur.
796 2325 891 2374 Sed
940 2325 1008 2374 ibi
1055 2333 1131 2375 est
1178 2333 1227 2375 et
1274 2327 1363 2375 dea
1410 2326 1574 2392 Mena,
1623 2341 1746 2390 quae
1786 2340 1922 2374 men·

237 2400 388 2446 struis
419 2398 660 2447 fluoribus
700 2406 911 2465 praeest,
951 2402 1170 2463 quamvis
1209 2399 1337 2448 Iovis
1377 2400 1488 2464 filia,
1527 2407 1691 2448 tamen
1731 2397 1920 2462 ignobi-

235 2471 309 2522 lis,
386 2471 447 2520 Et
494 2471 618 2520 hanc
663 2474 963 2536 provinciam
1010 2473 1223 2523 fluorum
1273 2480 1642 2521 menstruorum
1691 2474 1743 2521 in
1793 2471 1922 2520 libro

145 2557 204 2595 30
238 2544 535 2594 selectorum
567 2545 772 2594 deorum
805 2547 900 2610 ipsi
932 2545 1108 2594 Iunoni
1139 2546 1269 2595 idem
1311 2552 1483 2595 auctor
1522 2545 1757 2612 adsignat,
1796 2560 1923 2609 quae

236 2619 287 2667 in
335 2618 428 2667 diis
485 2618 681 2668 selectis
737 2621 881 2668 etiam
931 2621 1099 2683 regina
1148 2627 1224 2668 est
1270 2626 1320 2668 et
1367 2620 1446 2668 hic
1502 2626 1750 2683 tamquam
1797 2618 1921 2667 luno

236 2691 424 2740 Lucina
463 2707 575 2740 cum
610 2692 778 2741 eadem
810 2692 949 2740 Mena
989 2694 1211 2757 privigna
1251 2708 1336 2742 sua
1379 2693 1536 2742 eidem
1577 2694 1745 2741 cruori
1781 2706 1922 2757 prae·
1974 2707 1979 2709 “

360 2884 381 2921 1
416 2878 554 2922 elect-i
586 2879 638 2922 K
641 2877 710 2921 ²F
