2020 3122
396 146 462 177 DE
488 143 726 177 01VITATE
751 145 840 176 DEI
864 146 904 177 L.
929 147 995 178 XI.
1021 147 1057 179 c.
1081 149 1134 179 34.
1158 148 1199 179 L.
1224 149 1312 180 ΧΠ.
1338 148 1373 181 c.
1399 151 1430 180 1.
1647 138 1750 189 511

74 261 170 325 tui3
211 259 296 322 qui
336 255 607 305 secundum
648 257 863 304 rationes
904 272 1038 324 suaS,
1090 260 1131 306 si
1170 260 1264 323 ipsi
1301 259 1552 308 hominem
1592 261 1753 311 facere

72 337 297 399 possent,
344 344 444 378 non
484 330 530 378 ei
567 330 815 395 pituitam,
863 330 994 392 quod
1035 330 1218 380 Graece
1257 331 1446 398 φλέγμα
1485 333 1666 383 dicitur
1705 342 1754 384 et

73 413 320 469 tamquam
359 404 410 451 in
443 401 699 451 elementis
739 404 962 466 corporis
1001 406 1157 452 nostri
1197 419 1433 468 aquarum
1473 409 1629 456 vicem
1668 407 1751 457 ob-

71 481 210 544 tinet,
248 479 298 525 in
339 477 499 540 capite
531 481 790 540 ponerent.
867 474 940 524 Ibi
980 478 1112 524 enim
1152 478 1293 526 sedes
1318 486 1408 544 vest
1446 479 1753 545 phlegmatiS‚

73 550 346 602 secundum
393 549 482 597 Dei
527 564 651 614 opus
699 550 871 613 utique
912 550 1186 615 aptissime,
1233 552 1504 601 secundum
1543 556 1750 603 istorum
1785 565 1810 604 5

73 632 235 675 autem
268 624 602 672 coniecturam
634 629 732 671 tam
773 621 999 689 absurde,
1042 629 1110 689 ut,
1148 625 1190 671 si
1228 623 1321 672 hoc
1361 628 1664 675 nesciremus
1705 635 1754 677 et

72 701 123 748 in
161 697 254 746 hoc
287 696 413 745 libro
454 695 681 745 similiter
722 697 963 760 scriptum
1002 702 1148 761 esset,
1188 697 1320 760 quod
1359 697 1491 747 Deus
1533 715 1753 749 umorem

71 770 306 821 fluvidum
363 776 412 818 et
465 769 695 835 frigidum
748 785 803 818 ac
857 785 946 834 per
999 769 1093 818 hoc
1149 784 1345 833 gravem
1396 773 1446 819 in
1498 775 1753 837 superiore

73 843 300 894 omnibus
341 846 521 892 ceteris
560 843 761 892 humani
801 845 1025 907 corporis
1064 850 1204 907 parte
1244 846 1488 907 posuerit,
1528 847 1610 894 isti
1651 853 1752 894 tru-

72 920 309 968 tinatores
349 917 703 966 elementorum
747 931 1055 981 nequaquam
1095 916 1378 983 crederent,
1419 925 1467 966 et
1508 920 1548 966 si
1589 926 1751 968 aucto·
1787 933 1840 971 10

73 993 207 1041 ritati
255 991 475 1040 eiusdem
523 993 796 1056 scripturae
846 989 1031 1039 subditi
1070 996 1256 1056 essent,
1303 990 1482 1054 aliquid
1525 992 1654 1041 aliud
1696 1009 1754 1041 ex

75 1066 168 1114 hoc
208 1064 592 1129 intellegendum
634 1080 741 1113 esse
783 1071 1058 1113 censerent.
1138 1063 1234 1112 Sed
1275 1067 1526 1131 quoniam,
1568 1067 1607 1114 si
1648 1066 1752 1114 (lili-

72 1146 246 1204 genter
294 1138 485 1203 singula
537 1145 819 1187 scrutemur
870 1144 1016 1202 atque
1065 1143 1360 1203 tractemUS,
1411 1154 1534 1202 quae
1582 1141 1632 1187 in
1671 1139 1752 1187 illo

74 1213 236 1262 divino
268 1210 394 1260 libro
428 1211 487 1261 de
521 1213 873 1261 constitutione
915 1211 1085 1260 mundi
1125 1213 1306 1275 scripta
1346 1219 1475 1277 sunt,
1516 1219 1563 1261 et
1603 1213 1753 1261 multa

72 1286 278 1335 dicenda
310 1293 360 1334 et
392 1301 416 1334 a
448 1287 702 1350 proposito
741 1287 954 1334 instituti
994 1286 1159 1349 operis
1198 1284 1339 1349 longe
1380 1285 1754 1350 digrediendum
1788 1299 1840 1337 15

72 1366 170 1426 est,
217 1361 411 1423 iamque
460 1359 519 1408 de
567 1358 756 1408 duabus
796 1361 904 1407 istis
944 1358 1150 1406 diversis
1190 1360 1321 1406 inter
1362 1374 1413 1406 se
1453 1366 1598 1423 atque
1640 1375 1752 1407 con-

71 1434 235 1482 trariis
291 1432 608 1482 societatibus
663 1432 968 1496 angelorum,
1022 1434 1075 1480 in
1129 1431 1309 1496 quihus
1356 1440 1471 1481 sunt
1518 1433 1752 1496 quaedam

73 1506 271 1555 exordia
327 1506 535 1555 duarum
591 1508 735 1555 etiam
790 1508 840 1554 in
896 1505 1046 1554 rebus
1100 1505 1326 1554 humanis
1374 1507 1646 1573 civitatum,
1693 1506 1752 1555 de

73 1579 254 1645 quibus
293 1579 525 1645 deinceps
565 1580 729 1629 dicere
770 1581 976 1646 institui,
1015 1585 1251 1643 quantum
1292 1581 1408 1629 satis
1449 1595 1556 1629 esse
1595 1582 1752 1628 visum

72 1661 160 1720 est,
185 1653 563 1718 disputavimus:
587 1653 720 1702 hunc
746 1668 941 1718 quoque
967 1652 1146 1701 librum
1173 1652 1431 1717 aliquando
1458 1653 1752 1702 claudamus.
1785 1666 1840 1705 20

648 2003 956 2056 LIBER
1007 2002 1168 2056 XII.

782 2209 978 2263 CAPUT
1010 2210 1050 2263 Ι.

180 2318 256 2366 De
294 2332 398 2366 una
438 2319 680 2367 bonorum
719 2320 1013 2378 anyelorum
1053 2320 1398 2377 malorumque
1435 2320 1637 2364 natura.
1781 2323 1836 2364 25

217 2422 490 2484 Antequam
523 2420 583 2469 (16
616 2421 926 2469 institutione
959 2421 1171 2469 hominis
1203 2419 1376 2484 dicam,
1416 2417 1500 2466 ubi
1541 2416 1749 2464 duarum

70 2494 342 2560 civitatum,
393 2501 630 2558 quantum
678 2494 737 2542 ad
785 2493 1094 2543 rationalium
1142 2491 1423 2541 mortalium
1472 2504 1628 2553 genus
1668 2487 1744 2535 ad·

71 2568 213 2634 tinet,
260 2567 513 2632 apparebit
563 2574 787 2632 exortus,
834 2569 963 2616 sicut
1002 2568 1257 2631 superiore
1297 2564 1422 2612 libro
1463 2563 1746 2626 apparuisse

68 2640 119 2688 in
157 2641 342 2704 angelis
389 2642 484 2689 iam
531 2640 747 2689 videtur:
792 2642 932 2704 prius
971 2640 1090 2689 mihi
1129 2637 1367 2703 quaedam
1408 2636 1467 2684 de
1506 2635 1626 2698 ipsis
1664 2648 1745 2681 an·

69 2712 188 2776 gelis
220 2713 359 2762 video
393 2729 501 2762 esse
542 2713 760 2778 dicenda,
802 2713 981 2778 quihus
1022 2713 1403 2774 demonstretur,
1444 2713 1678 2771 quantum
1719 2721 1745 2753 a
1777 2716 1832 2755 30

187 2854 240 2912 ’13
272 2868 460 2914 inserat.
503 2869 546 2912 V
573 2872 698 2923 (496,
731 2874 781 2925 6)
