<?xml version="1.0" encoding="UTF-8"?>
<!DOCTYPE html PUBLIC "-//W3C//DTD XHTML 1.0 Transitional//EN"
    "http://www.w3.org/TR/xhtml1/DTD/xhtml1-transitional.dtd">
<html xmlns="http://www.w3.org/1999/xhtml" xml:lang="en" lang="en">
 <head>
  <title>
</title>
<meta http-equiv="Content-Type" content="text/html;charset=utf-8" />
  <meta name='ocr-system' content='tesseract 3.04.00' />
  <meta name='ocr-capabilities' content='ocr_page ocr_carea ocr_par ocr_line ocrx_word'/>
</head>
<body>
  <div class='ocr_page' id='page_1' title='image "./decivitatedeilib01auguuoft_0564.png"; bbox 0 0 2020 3122; ppageno 0'>
   <div class='ocr_carea' id='block_1_1' title="bbox 251 109 1261 160">
    <p class='ocr_par' dir='ltr' id='par_1_1' title="bbox 251 109 1261 160">
     <span class='ocr_line' id='line_1_1' title="bbox 251 109 1261 160; baseline -0.01 0"><span class='ocrx_word' id='word_1_1' title='bbox 251 109 359 160; x_wconf 79' lang='lat'>552</span> <span class='ocrx_word' id='word_1_2' title='bbox 930 117 965 151; x_wconf 86' lang='lat' dir='ltr'>s.</span> <span class='ocrx_word' id='word_1_3' title='bbox 989 118 1261 152; x_wconf 73' lang='lat' dir='ltr'>AUGUs&#39;mm</span> 
     </span>
    </p>
   </div>
   <div class='ocr_carea' id='block_1_2' title="bbox 160 229 2000 1025">
    <p class='ocr_par' dir='ltr' id='par_1_2' title="bbox 160 229 2000 1025">
     <span class='ocr_line' id='line_1_2' title="bbox 251 229 1931 296; baseline -0.001 -15"><span class='ocrx_word' id='word_1_4' title='bbox 251 239 300 281; x_wconf 89' lang='lat' dir='ltr'>et</span> <span class='ocrx_word' id='word_1_5' title='bbox 349 232 590 296; x_wconf 80' lang='lat' dir='ltr'><strong>effingunt</strong></span> <span class='ocrx_word' id='word_1_6' title='bbox 646 231 829 278; x_wconf 87' lang='lat' dir='ltr'>formas</span> <span class='ocrx_word' id='word_1_7' title='bbox 887 229 1072 278; x_wconf 89' lang='lat' dir='ltr'>similes</span> <span class='ocrx_word' id='word_1_8' title='bbox 1130 230 1423 294; x_wconf 83' lang='lat' dir='ltr'>corporibus</span> <span class='ocrx_word' id='word_1_9' title='bbox 1485 230 1790 296; x_wconf 84' lang='lat' dir='ltr'>animalium3</span> <span class='ocrx_word' id='word_1_10' title='bbox 1841 230 1931 280; x_wconf 84' lang='lat' dir='ltr'>alia</span> 
     </span>
     <span class='ocr_line' id='line_1_3' title="bbox 249 303 2000 372; baseline -0.001 -20"><span class='ocrx_word' id='word_1_11' title='bbox 249 321 381 371; x_wconf 77' lang='lat' dir='ltr'>ver0,</span> <span class='ocrx_word' id='word_1_12' title='bbox 422 319 545 368; x_wconf 92' lang='lat' dir='ltr'>quae</span> <span class='ocrx_word' id='word_1_13' title='bbox 585 305 887 352; x_wconf 89' lang='lat' dir='ltr'>intrinsecus</span> <span class='ocrx_word' id='word_1_14' title='bbox 927 304 1199 353; x_wconf 86' lang='lat' dir='ltr'>efficientes</span> <span class='ocrx_word' id='word_1_15' title='bbox 1241 318 1412 353; x_wconf 84' lang='lat' dir='ltr'>causas</span> <span class='ocrx_word' id='word_1_16' title='bbox 1451 303 1599 353; x_wconf 88' lang='lat' dir='ltr'>habet</span> <span class='ocrx_word' id='word_1_17' title='bbox 1638 304 1697 353; x_wconf 91' lang='lat' dir='ltr'>de</span> <span class='ocrx_word' id='word_1_18' title='bbox 1739 309 1931 353; x_wconf 87' lang='lat' dir='ltr'>secreto</span> <span class='ocrx_word' id='word_1_19' title='bbox 1990 326 2000 372; x_wconf 53' lang='grc' dir='ltr'>ς</span> 
     </span>
     <span class='ocr_line' id='line_1_4' title="bbox 251 377 2000 443; baseline -0.001 -16"><span class='ocrx_word' id='word_1_20' title='bbox 251 386 299 427; x_wconf 87' lang='lat' dir='ltr'>et</span> <span class='ocrx_word' id='word_1_21' title='bbox 354 378 547 427; x_wconf 91' lang='lat' dir='ltr'>occulto</span> <span class='ocrx_word' id='word_1_22' title='bbox 603 384 807 426; x_wconf 87' lang='lat' dir='ltr'>naturae</span> <span class='ocrx_word' id='word_1_23' title='bbox 862 379 1068 427; x_wconf 90' lang='lat' dir='ltr'>viventis</span> <span class='ocrx_word' id='word_1_24' title='bbox 1124 384 1271 442; x_wconf 90' lang='lat' dir='ltr'>atque</span> <span class='ocrx_word' id='word_1_25' title='bbox 1326 377 1656 442; x_wconf 87' lang='lat' dir='ltr'>intellegentis</span> <span class='ocrx_word' id='word_1_26' title='bbox 1712 377 1932 443; x_wconf 84' lang='lat' dir='ltr'>arbitrio,</span> <span class='ocrx_word' id='word_1_27' title='bbox 1998 379 2000 382; x_wconf 77' lang='grc'>’</span> 
     </span>
     <span class='ocr_line' id='line_1_5' title="bbox 251 450 1999 516; baseline -0.001 -16"><span class='ocrx_word' id='word_1_28' title='bbox 251 467 374 516; x_wconf 87' lang='lat' dir='ltr'>quae</span> <span class='ocrx_word' id='word_1_29' title='bbox 408 467 507 499; x_wconf 91' lang='lat' dir='ltr'>non</span> <span class='ocrx_word' id='word_1_30' title='bbox 540 451 700 500; x_wconf 92' lang='lat' dir='ltr'>solum</span> <span class='ocrx_word' id='word_1_31' title='bbox 739 450 987 500; x_wconf 84' lang='lat' dir='ltr'><strong>naturales</strong></span> <span class='ocrx_word' id='word_1_32' title='bbox 1026 466 1291 515; x_wconf 91' lang='lat' dir='ltr'>corporum</span> <span class='ocrx_word' id='word_1_33' title='bbox 1330 453 1536 516; x_wconf 82' lang='lat' dir='ltr'>specieS,</span> <span class='ocrx_word' id='word_1_34' title='bbox 1574 466 1746 500; x_wconf 88' lang='lat' dir='ltr'>verum</span> <span class='ocrx_word' id='word_1_35' title='bbox 1786 453 1931 499; x_wconf 85' lang='lat' dir='ltr'>etiam</span> <span class='ocrx_word' id='word_1_36' title='bbox 1998 458 1999 462; x_wconf 77' lang='grc'>’</span> 
     </span>
     <span class='ocr_line' id='line_1_6' title="bbox 191 524 1931 590; baseline -0.001 -17"><span class='ocrx_word' id='word_1_37' title='bbox 191 536 215 574; x_wconf 88' lang='lat'>5</span> <span class='ocrx_word' id='word_1_38' title='bbox 250 527 380 589; x_wconf 86' lang='lat' dir='ltr'>ipsas</span> <span class='ocrx_word' id='word_1_39' title='bbox 421 526 742 573; x_wconf 87' lang='lat' dir='ltr'>animantium</span> <span class='ocrx_word' id='word_1_40' title='bbox 781 526 988 590; x_wconf 79' lang='lat' dir='ltr'>animas,</span> <span class='ocrx_word' id='word_1_41' title='bbox 1029 524 1146 573; x_wconf 91' lang='lat' dir='ltr'>dum</span> <span class='ocrx_word' id='word_1_42' title='bbox 1184 540 1284 572; x_wconf 90' lang='lat' dir='ltr'>non</span> <span class='ocrx_word' id='word_1_43' title='bbox 1323 525 1398 590; x_wconf 85' lang='lat' dir='ltr'>fit,</span> <span class='ocrx_word' id='word_1_44' title='bbox 1438 525 1574 573; x_wconf 81' lang='lat' dir='ltr'>facit:</span> <span class='ocrx_word' id='word_1_45' title='bbox 1615 539 1764 588; x_wconf 89' lang='lat' dir='ltr'>supra</span> <span class='ocrx_word' id='word_1_46' title='bbox 1803 524 1931 573; x_wconf 89' lang='lat' dir='ltr'>dicta</span> 
     </span>
     <span class='ocr_line' id='line_1_7' title="bbox 249 597 1931 663; baseline 0 -17"><span class='ocrx_word' id='word_1_47' title='bbox 249 598 330 646; x_wconf 94' lang='lat' dir='ltr'>illa</span> <span class='ocrx_word' id='word_1_48' title='bbox 381 600 571 663; x_wconf 90' lang='lat' dir='ltr'>species</span> <span class='ocrx_word' id='word_1_49' title='bbox 626 597 895 646; x_wconf 84' lang='lat' dir='ltr'>artificibus</span> <span class='ocrx_word' id='word_1_50' title='bbox 947 597 1227 661; x_wconf 85' lang='lat' dir='ltr'>quibusque</span> <span class='ocrx_word' id='word_1_51' title='bbox 1278 597 1549 662; x_wconf 77' lang='lat' dir='ltr'>tribuatur3</span> <span class='ocrx_word' id='word_1_52' title='bbox 1594 597 1715 646; x_wconf 88' lang='lat' dir='ltr'>haec</span> <span class='ocrx_word' id='word_1_53' title='bbox 1767 604 1931 646; x_wconf 88' lang='lat' dir='ltr'>autem</span> 
     </span>
     <span class='ocr_line' id='line_1_8' title="bbox 249 666 1931 737; baseline -0.001 -17"><span class='ocrx_word' id='word_1_54' title='bbox 249 672 402 720; x_wconf 90' lang='lat' dir='ltr'>altera</span> <span class='ocrx_word' id='word_1_55' title='bbox 441 687 539 720; x_wconf 90' lang='lat' dir='ltr'>non</span> <span class='ocrx_word' id='word_1_56' title='bbox 580 673 675 720; x_wconf 88' lang='lat' dir='ltr'>nisi</span> <span class='ocrx_word' id='word_1_57' title='bbox 713 674 798 720; x_wconf 90' lang='lat' dir='ltr'>uni</span> <span class='ocrx_word' id='word_1_58' title='bbox 838 666 1028 737; x_wconf 79' lang='lat' dir='ltr'>artifici,</span> <span class='ocrx_word' id='word_1_59' title='bbox 1068 672 1281 719; x_wconf 79' lang='lat' dir='ltr'>creatori</span> <span class='ocrx_word' id='word_1_60' title='bbox 1321 678 1370 719; x_wconf 87' lang='lat' dir='ltr'>et</span> <span class='ocrx_word' id='word_1_61' title='bbox 1409 671 1651 719; x_wconf 87' lang='lat' dir='ltr'>conditori</span> <span class='ocrx_word' id='word_1_62' title='bbox 1690 670 1806 737; x_wconf 87' lang='lat' dir='ltr'>De0‚</span> <span class='ocrx_word' id='word_1_63' title='bbox 1847 672 1931 734; x_wconf 92' lang='lat' dir='ltr'>qui</span> 
     </span>
     <span class='ocr_line' id='line_1_9' title="bbox 249 743 1932 811; baseline -0.001 -18"><span class='ocrx_word' id='word_1_64' title='bbox 249 745 486 794; x_wconf 88' lang='lat' dir='ltr'>mundum</span> <span class='ocrx_word' id='word_1_65' title='bbox 533 747 696 811; x_wconf 88' lang='lat' dir='ltr'>ipsum</span> <span class='ocrx_word' id='word_1_66' title='bbox 745 751 794 793; x_wconf 91' lang='lat' dir='ltr'>et</span> <span class='ocrx_word' id='word_1_67' title='bbox 840 744 1037 808; x_wconf 84' lang='lat' dir='ltr'>angelos</span> <span class='ocrx_word' id='word_1_68' title='bbox 1078 745 1183 792; x_wconf 91' lang='lat' dir='ltr'>sine</span> <span class='ocrx_word' id='word_1_69' title='bbox 1223 743 1323 792; x_wconf 92' lang='lat' dir='ltr'>ullo</span> <span class='ocrx_word' id='word_1_70' title='bbox 1362 743 1545 793; x_wconf 89' lang='lat' dir='ltr'>mundo</span> <span class='ocrx_word' id='word_1_71' title='bbox 1587 752 1636 793; x_wconf 93' lang='lat' dir='ltr'>et</span> <span class='ocrx_word' id='word_1_72' title='bbox 1674 746 1778 793; x_wconf 91' lang='lat' dir='ltr'>sine</span> <span class='ocrx_word' id='word_1_73' title='bbox 1818 743 1932 793; x_wconf 90' lang='lat' dir='ltr'>ullis</span> 
     </span>
     <span class='ocr_line' id='line_1_10' title="bbox 248 817 1929 884; baseline -0.001 -17"><span class='ocrx_word' id='word_1_74' title='bbox 248 819 432 883; x_wconf 83' lang='lat' dir='ltr'>angelis</span> <span class='ocrx_word' id='word_1_75' title='bbox 472 819 601 867; x_wconf 87' lang='lat' dir='ltr'>fecit.</span> <span class='ocrx_word' id='word_1_76' title='bbox 681 818 787 875; x_wconf 85' lang='lat' dir='ltr'>Qua</span> <span class='ocrx_word' id='word_1_77' title='bbox 827 820 958 866; x_wconf 90' lang='lat' dir='ltr'>enim</span> <span class='ocrx_word' id='word_1_78' title='bbox 998 819 1044 865; x_wconf 93' lang='lat' dir='ltr'>vi</span> <span class='ocrx_word' id='word_1_79' title='bbox 1084 817 1247 866; x_wconf 90' lang='lat' dir='ltr'>divina</span> <span class='ocrx_word' id='word_1_80' title='bbox 1286 824 1335 866; x_wconf 92' lang='lat' dir='ltr'>et</span> <span class='ocrx_word' id='word_1_81' title='bbox 1347 858 1361 884; x_wconf 82' lang='lat'><em>,</em></span> <span class='ocrx_word' id='word_1_82' title='bbox 1401 825 1456 867; x_wconf 91' lang='lat' dir='ltr'>ut</span> <span class='ocrx_word' id='word_1_83' title='bbox 1495 819 1562 866; x_wconf 87' lang='lat' dir='ltr'>ita</span> <span class='ocrx_word' id='word_1_84' title='bbox 1602 817 1775 884; x_wconf 79' lang='lat' dir='ltr'>dicam,</span> <span class='ocrx_word' id='word_1_85' title='bbox 1815 818 1929 866; x_wconf 83' lang='lat' dir='ltr'>effe-</span> 
     </span>
     <span class='ocr_line' id='line_1_11' title="bbox 160 890 1930 958; baseline -0.001 -17"><span class='ocrx_word' id='word_1_86' title='bbox 160 903 215 942; x_wconf 90' lang='lat'>10</span> <span class='ocrx_word' id='word_1_87' title='bbox 249 895 395 958; x_wconf 76' lang='lat' dir='ltr'>ctiva,</span> <span class='ocrx_word' id='word_1_88' title='bbox 436 907 560 956; x_wconf 85' lang='lat' dir='ltr'>quae</span> <span class='ocrx_word' id='word_1_89' title='bbox 600 892 707 939; x_wconf 88' lang='lat' dir='ltr'>fieri</span> <span class='ocrx_word' id='word_1_90' title='bbox 746 893 926 957; x_wconf 81' lang='lat' dir='ltr'>nescit,</span> <span class='ocrx_word' id='word_1_91' title='bbox 967 890 1053 939; x_wconf 92' lang='lat' dir='ltr'>sed</span> <span class='ocrx_word' id='word_1_92' title='bbox 1094 891 1278 957; x_wconf 84' lang='lat' dir='ltr'>facere,</span> <span class='ocrx_word' id='word_1_93' title='bbox 1318 893 1507 956; x_wconf 87' lang='lat' dir='ltr'>accepit</span> <span class='ocrx_word' id='word_1_94' title='bbox 1546 893 1777 958; x_wconf 79' lang='lat' dir='ltr'>speciem,</span> <span class='ocrx_word' id='word_1_95' title='bbox 1817 906 1930 940; x_wconf 90' lang='lat' dir='ltr'>cum</span> 
     </span>
     <span class='ocr_line' id='line_1_12' title="bbox 247 964 1929 1025; baseline -0.001 -11"><span class='ocrx_word' id='word_1_96' title='bbox 247 966 461 1014; x_wconf 91' lang='lat' dir='ltr'>mundus</span> <span class='ocrx_word' id='word_1_97' title='bbox 493 966 648 1025; x_wconf 84' lang='lat' dir='ltr'>fieret,</span> <span class='ocrx_word' id='word_1_98' title='bbox 688 964 967 1013; x_wconf 83' lang='lat' dir='ltr'>rutunditas</span> <span class='ocrx_word' id='word_1_99' title='bbox 1009 964 1130 1013; x_wconf 88' lang='lat' dir='ltr'>caeli</span> <span class='ocrx_word' id='word_1_100' title='bbox 1170 973 1219 1013; x_wconf 88' lang='lat' dir='ltr'>et</span> <span class='ocrx_word' id='word_1_101' title='bbox 1258 965 1540 1014; x_wconf 88' lang='lat' dir='ltr'>rutunditas</span> <span class='ocrx_word' id='word_1_102' title='bbox 1581 965 1719 1014; x_wconf 88' lang='lat' dir='ltr'>solis:</span> <span class='ocrx_word' id='word_1_103' title='bbox 1759 964 1929 1013; x_wconf 88' lang='lat' dir='ltr'>eadem</span> 
     </span>
    </p>
   </div>
   <div class='ocr_carea' id='block_1_3' title="bbox 245 1038 2003 1105">
    <p class='ocr_par' dir='ltr' id='par_1_3' title="bbox 245 1038 2003 1105">
     <span class='ocr_line' id='line_1_13' title="bbox 245 1038 2003 1105; baseline 0.001 -19"><span class='ocrx_word' id='word_1_104' title='bbox 245 1041 292 1087; x_wconf 93' lang='lat' dir='ltr'>vi</span> <span class='ocrx_word' id='word_1_105' title='bbox 325 1039 484 1087; x_wconf 74' lang='lat' dir='ltr'>divina</span> <span class='ocrx_word' id='word_1_106' title='bbox 517 1045 567 1087; x_wconf 89' lang='lat' dir='ltr'>et</span> <span class='ocrx_word' id='word_1_107' title='bbox 598 1038 833 1104; x_wconf 79' lang='lat' dir='ltr'>effectiva,</span> <span class='ocrx_word' id='word_1_108' title='bbox 874 1053 998 1102; x_wconf 90' lang='lat' dir='ltr'>quae</span> <span class='ocrx_word' id='word_1_109' title='bbox 1039 1038 1146 1086; x_wconf 89' lang='lat' dir='ltr'>fieri</span> <span class='ocrx_word' id='word_1_110' title='bbox 1185 1041 1358 1105; x_wconf 77' lang='lat' dir='ltr'>nescit,</span> <span class='ocrx_word' id='word_1_111' title='bbox 1398 1038 1485 1087; x_wconf 91' lang='lat' dir='ltr'>sed</span> <span class='ocrx_word' id='word_1_112' title='bbox 1525 1039 1701 1098; x_wconf 87' lang='lat' dir='ltr'>facere,</span> <span class='ocrx_word' id='word_1_113' title='bbox 1742 1039 1932 1102; x_wconf 89' lang='lat' dir='ltr'>accepit</span> <span class='ocrx_word' id='word_1_114' title='bbox 2002 1066 2003 1070; x_wconf 64' lang='lat'><em>=</em></span> 
     </span>
    </p>
   </div>
   <div class='ocr_carea' id='block_1_4' title="bbox 159 1111 1931 1544">
    <p class='ocr_par' dir='ltr' id='par_1_4' title="bbox 159 1111 1931 1544">
     <span class='ocr_line' id='line_1_14' title="bbox 247 1111 1928 1177; baseline 0 -17"><span class='ocrx_word' id='word_1_115' title='bbox 247 1114 463 1177; x_wconf 87' lang='lat' dir='ltr'>speciem</span> <span class='ocrx_word' id='word_1_116' title='bbox 510 1111 792 1161; x_wconf 86' lang='lat' dir='ltr'>rutunditas</span> <span class='ocrx_word' id='word_1_117' title='bbox 841 1111 970 1160; x_wconf 91' lang='lat' dir='ltr'>oculi</span> <span class='ocrx_word' id='word_1_118' title='bbox 1025 1118 1074 1160; x_wconf 85' lang='lat' dir='ltr'>et</span> <span class='ocrx_word' id='word_1_119' title='bbox 1120 1112 1401 1161; x_wconf 86' lang='lat' dir='ltr'>rutunditas</span> <span class='ocrx_word' id='word_1_120' title='bbox 1451 1114 1585 1176; x_wconf 89' lang='lat' dir='ltr'>pomi</span> <span class='ocrx_word' id='word_1_121' title='bbox 1635 1119 1685 1160; x_wconf 91' lang='lat' dir='ltr'>et</span> <span class='ocrx_word' id='word_1_122' title='bbox 1735 1119 1928 1160; x_wconf 86' lang='lat' dir='ltr'>ceterae</span> 
     </span>
     <span class='ocr_line' id='line_1_15' title="bbox 245 1185 1929 1252; baseline 0 -18"><span class='ocrx_word' id='word_1_123' title='bbox 245 1186 429 1250; x_wconf 89' lang='lat' dir='ltr'>figurae</span> <span class='ocrx_word' id='word_1_124' title='bbox 480 1185 728 1234; x_wconf 86' lang='lat' dir='ltr'>naturales</span> <span class='ocrx_word' id='word_1_125' title='bbox 740 1226 754 1252; x_wconf 85' lang='lat'><em>‚</em></span> <span class='ocrx_word' id='word_1_126' title='bbox 803 1200 923 1250; x_wconf 89' lang='lat' dir='ltr'>quas</span> <span class='ocrx_word' id='word_1_127' title='bbox 970 1185 1192 1234; x_wconf 89' lang='lat' dir='ltr'>videmus</span> <span class='ocrx_word' id='word_1_128' title='bbox 1239 1187 1290 1235; x_wconf 90' lang='lat' dir='ltr'>in</span> <span class='ocrx_word' id='word_1_129' title='bbox 1338 1185 1490 1235; x_wconf 90' lang='lat' dir='ltr'>rebus</span> <span class='ocrx_word' id='word_1_130' title='bbox 1529 1185 1806 1250; x_wconf 89' lang='lat' dir='ltr'>quibusque</span> <span class='ocrx_word' id='word_1_131' title='bbox 1847 1200 1929 1234; x_wconf 88' lang='lat' dir='ltr'>na·</span> 
     </span>
     <span class='ocr_line' id='line_1_16' title="bbox 159 1258 1929 1326; baseline -0.001 -18"><span class='ocrx_word' id='word_1_132' title='bbox 159 1270 213 1309; x_wconf 84' lang='lat'>15</span> <span class='ocrx_word' id='word_1_133' title='bbox 248 1259 500 1308; x_wconf 88' lang='lat' dir='ltr'>scentibus</span> <span class='ocrx_word' id='word_1_134' title='bbox 548 1275 646 1308; x_wconf 90' lang='lat' dir='ltr'>non</span> <span class='ocrx_word' id='word_1_135' title='bbox 695 1261 1004 1308; x_wconf 85' lang='lat' dir='ltr'>extrinsecus</span> <span class='ocrx_word' id='word_1_136' title='bbox 1056 1259 1298 1326; x_wconf 82' lang='lat' dir='ltr'>adhiberi,</span> <span class='ocrx_word' id='word_1_137' title='bbox 1346 1260 1432 1308; x_wconf 89' lang='lat' dir='ltr'>sed</span> <span class='ocrx_word' id='word_1_138' title='bbox 1471 1261 1642 1308; x_wconf 86' lang='lat' dir='ltr'>intima</span> <span class='ocrx_word' id='word_1_139' title='bbox 1682 1258 1929 1308; x_wconf 76' lang='lat' dir='ltr'>Creatoris</span> 
     </span>
     <span class='ocr_line' id='line_1_17' title="bbox 244 1333 1931 1399; baseline 0.001 -18"><span class='ocrx_word' id='word_1_140' title='bbox 244 1335 492 1399; x_wconf 81' lang='lat' dir='ltr'>potentia,</span> <span class='ocrx_word' id='word_1_141' title='bbox 543 1334 628 1397; x_wconf 91' lang='lat' dir='ltr'>qui</span> <span class='ocrx_word' id='word_1_142' title='bbox 675 1333 816 1382; x_wconf 80' lang='lat' dir='ltr'>dixit:</span> <span class='ocrx_word' id='word_1_143' title='bbox 878 1334 1080 1382; x_wconf 80' lang='lat' dir='ltr'>Caelum</span> <span class='ocrx_word' id='word_1_144' title='bbox 1139 1338 1189 1382; x_wconf 79' lang='lat' dir='ltr'>et</span> <span class='ocrx_word' id='word_1_145' title='bbox 1233 1339 1426 1382; x_wconf 81' lang='lat' dir='ltr'>terram</span> <span class='ocrx_word' id='word_1_146' title='bbox 1485 1348 1576 1394; x_wconf 67' lang='lat' dir='ltr'>eqo</span> <span class='ocrx_word' id='word_1_147' title='bbox 1624 1336 1824 1395; x_wconf 68' lang='lat' dir='ltr'>implw,</span> <span class='ocrx_word' id='word_1_148' title='bbox 1880 1339 1931 1382; x_wconf 88' lang='lat' dir='ltr'>et</span> 
     </span>
     <span class='ocr_line' id='line_1_18' title="bbox 246 1408 1929 1472; baseline 0 -18"><span class='ocrx_word' id='word_1_149' title='bbox 246 1409 387 1455; x_wconf 90' lang='lat' dir='ltr'>cuius</span> <span class='ocrx_word' id='word_1_150' title='bbox 428 1408 665 1471; x_wconf 81' lang='lat' dir='ltr'>sapientia</span> <span class='ocrx_word' id='word_1_151' title='bbox 705 1413 802 1472; x_wconf 85' lang='lat' dir='ltr'>est,</span> <span class='ocrx_word' id='word_1_152' title='bbox 843 1421 967 1470; x_wconf 90' lang='lat' dir='ltr'>quae</span> <span class='ocrx_word' id='word_1_153' title='bbox 1008 1409 1230 1467; x_wconf 72' lang='lat' dir='ltr'>adtinqz&#39;t</span> <span class='ocrx_word' id='word_1_154' title='bbox 1266 1422 1298 1455; x_wconf 80' lang='lat' dir='ltr'>a</span> <span class='ocrx_word' id='word_1_155' title='bbox 1332 1410 1437 1466; x_wconf 78' lang='lat' dir='ltr'>fine</span> <span class='ocrx_word' id='word_1_156' title='bbox 1475 1422 1634 1468; x_wconf 79' lang='lat' dir='ltr'>usque</span> <span class='ocrx_word' id='word_1_157' title='bbox 1673 1409 1744 1455; x_wconf 79' lang='lat' dir='ltr'>ad</span> <span class='ocrx_word' id='word_1_158' title='bbox 1774 1409 1929 1466; x_wconf 76' lang='lat' dir='ltr'>finem</span> 
     </span>
     <span class='ocr_line' id='line_1_19' title="bbox 239 1479 1928 1544; baseline -0.001 -15"><span class='ocrx_word' id='word_1_159' title='bbox 239 1479 449 1541; x_wconf 74' lang='lat' dir='ltr'>sortiter</span> <span class='ocrx_word' id='word_1_160' title='bbox 488 1486 538 1529; x_wconf 81' lang='lat' dir='ltr'>et</span> <span class='ocrx_word' id='word_1_161' title='bbox 575 1482 794 1544; x_wconf 75' lang='lat' dir='ltr'>disponit</span> <span class='ocrx_word' id='word_1_162' title='bbox 831 1483 998 1528; x_wconf 76' lang='lat' dir='ltr'>omnia</span> <span class='ocrx_word' id='word_1_163' title='bbox 1037 1483 1275 1528; x_wconf 74' lang='lat' dir='ltr'>suaviter.</span> <span class='ocrx_word' id='word_1_164' title='bbox 1353 1480 1565 1528; x_wconf 85' lang='lat' dir='ltr'>Proinde</span> <span class='ocrx_word' id='word_1_165' title='bbox 1606 1480 1721 1528; x_wconf 81' lang='lat' dir='ltr'>sacti</span> <span class='ocrx_word' id='word_1_166' title='bbox 1759 1481 1928 1544; x_wconf 86' lang='lat' dir='ltr'>primi-</span> 
     </span>
    </p>
   </div>
   <div class='ocr_carea' id='block_1_5' title="bbox 244 1552 2007 1618">
    <p class='ocr_par' dir='ltr' id='par_1_5' title="bbox 244 1552 2007 1618">
     <span class='ocr_line' id='line_1_20' title="bbox 244 1552 2007 1618; baseline 0.001 -17"><span class='ocrx_word' id='word_1_167' title='bbox 244 1561 324 1602; x_wconf 85' lang='lat' dir='ltr'>tus</span> <span class='ocrx_word' id='word_1_168' title='bbox 380 1553 540 1617; x_wconf 84' lang='lat' dir='ltr'>angeli</span> <span class='ocrx_word' id='word_1_169' title='bbox 595 1555 737 1602; x_wconf 87' lang='lat' dir='ltr'>ouius</span> <span class='ocrx_word' id='word_1_170' title='bbox 789 1552 920 1601; x_wconf 90' lang='lat' dir='ltr'>modi</span> <span class='ocrx_word' id='word_1_171' title='bbox 966 1555 1298 1602; x_wconf 87' lang='lat' dir='ltr'>ministerium</span> <span class='ocrx_word' id='word_1_172' title='bbox 1348 1552 1667 1618; x_wconf 84' lang='lat' dir='ltr'>praebuerint</span> <span class='ocrx_word' id='word_1_173' title='bbox 1707 1552 1930 1602; x_wconf 88' lang='lat' dir='ltr'>Creatori</span> <span class='ocrx_word' id='word_1_174' title='bbox 2003 1573 2007 1616; x_wconf 74' lang='lat' dir='ltr'>j</span> 
     </span>
    </p>
   </div>
   <div class='ocr_carea' id='block_1_6' title="bbox 153 1626 1930 2572">
    <p class='ocr_par' dir='ltr' id='par_1_6' title="bbox 156 1626 1930 1986">
     <span class='ocr_line' id='line_1_21' title="bbox 156 1626 1928 1692; baseline -0.001 -16"><span class='ocrx_word' id='word_1_175' title='bbox 156 1637 212 1676; x_wconf 79' lang='lat'>20</span> <span class='ocrx_word' id='word_1_176' title='bbox 246 1633 410 1675; x_wconf 90' lang='lat' dir='ltr'>cetera</span> <span class='ocrx_word' id='word_1_177' title='bbox 443 1627 642 1675; x_wconf 85' lang='lat' dir='ltr'>facienti</span> <span class='ocrx_word' id='word_1_178' title='bbox 674 1628 864 1692; x_wconf 80' lang='lat' dir='ltr'>nesci03</span> <span class='ocrx_word' id='word_1_179' title='bbox 904 1642 996 1675; x_wconf 92' lang='lat' dir='ltr'>nec</span> <span class='ocrx_word' id='word_1_180' title='bbox 1035 1626 1256 1676; x_wconf 87' lang='lat' dir='ltr'>tribuere</span> <span class='ocrx_word' id='word_1_181' title='bbox 1296 1626 1392 1676; x_wconf 87' lang='lat' dir='ltr'>illis</span> <span class='ocrx_word' id='word_1_182' title='bbox 1432 1627 1587 1676; x_wconf 91' lang='lat' dir='ltr'>audeo</span> <span class='ocrx_word' id='word_1_183' title='bbox 1628 1626 1760 1691; x_wconf 92' lang='lat' dir='ltr'>quod</span> <span class='ocrx_word' id='word_1_184' title='bbox 1799 1627 1928 1675; x_wconf 85' lang='lat' dir='ltr'>forte</span> 
     </span>
     <span class='ocr_line' id='line_1_22' title="bbox 245 1699 1927 1765; baseline 0 -17"><span class='ocrx_word' id='word_1_185' title='bbox 245 1715 343 1748; x_wconf 89' lang='lat' dir='ltr'>non</span> <span class='ocrx_word' id='word_1_186' title='bbox 389 1706 622 1765; x_wconf 84' lang='lat' dir='ltr'>possunt,</span> <span class='ocrx_word' id='word_1_187' title='bbox 673 1715 764 1749; x_wconf 91' lang='lat' dir='ltr'>nec</span> <span class='ocrx_word' id='word_1_188' title='bbox 813 1699 967 1748; x_wconf 92' lang='lat' dir='ltr'>debeo</span> <span class='ocrx_word' id='word_1_189' title='bbox 1016 1700 1253 1764; x_wconf 85' lang='lat' dir='ltr'>derogare</span> <span class='ocrx_word' id='word_1_190' title='bbox 1301 1700 1431 1764; x_wconf 91' lang='lat' dir='ltr'>quod</span> <span class='ocrx_word' id='word_1_191' title='bbox 1482 1707 1705 1764; x_wconf 86' lang='lat' dir='ltr'>possunt.</span> <span class='ocrx_word' id='word_1_192' title='bbox 1782 1699 1927 1749; x_wconf 91' lang='lat' dir='ltr'>Crea-</span> 
     </span>
     <span class='ocr_line' id='line_1_23' title="bbox 243 1773 1930 1838; baseline 0.001 -17"><span class='ocrx_word' id='word_1_193' title='bbox 243 1775 428 1822; x_wconf 83' lang='lat' dir='ltr'>tionem</span> <span class='ocrx_word' id='word_1_194' title='bbox 468 1780 632 1822; x_wconf 88' lang='lat' dir='ltr'>tamen</span> <span class='ocrx_word' id='word_1_195' title='bbox 673 1773 1104 1838; x_wconf 87' lang='lat' dir='ltr'>conditionemque</span> <span class='ocrx_word' id='word_1_196' title='bbox 1145 1776 1364 1823; x_wconf 89' lang='lat' dir='ltr'>omnium</span> <span class='ocrx_word' id='word_1_197' title='bbox 1404 1781 1705 1834; x_wconf 84' lang='lat' dir='ltr'>naturarum,</span> <span class='ocrx_word' id='word_1_198' title='bbox 1747 1789 1843 1838; x_wconf 91' lang='lat' dir='ltr'>qua</span> <span class='ocrx_word' id='word_1_199' title='bbox 1874 1774 1930 1822; x_wconf 80' lang='lat' dir='ltr'>fit</span> 
     </span>
     <span class='ocr_line' id='line_1_24' title="bbox 242 1846 1927 1912; baseline -0.001 -16"><span class='ocrx_word' id='word_1_200' title='bbox 242 1854 298 1896; x_wconf 88' lang='lat' dir='ltr'>ut</span> <span class='ocrx_word' id='word_1_201' title='bbox 349 1849 546 1896; x_wconf 89' lang='lat' dir='ltr'>omnino</span> <span class='ocrx_word' id='word_1_202' title='bbox 599 1853 802 1896; x_wconf 86' lang='lat' dir='ltr'>naturae</span> <span class='ocrx_word' id='word_1_203' title='bbox 843 1849 966 1908; x_wconf 88' lang='lat' dir='ltr'>sint,</span> <span class='ocrx_word' id='word_1_204' title='bbox 1023 1849 1093 1896; x_wconf 92' lang='lat' dir='ltr'>eis</span> <span class='ocrx_word' id='word_1_205' title='bbox 1143 1863 1339 1912; x_wconf 89' lang='lat' dir='ltr'>quoque</span> <span class='ocrx_word' id='word_1_206' title='bbox 1388 1847 1665 1897; x_wconf 87' lang='lat' dir='ltr'>faventibus</span> <span class='ocrx_word' id='word_1_207' title='bbox 1716 1847 1787 1895; x_wconf 91' lang='lat' dir='ltr'>illi</span> <span class='ocrx_word' id='word_1_208' title='bbox 1825 1846 1927 1895; x_wconf 89' lang='lat' dir='ltr'>Deo</span> 
     </span>
     <span class='ocr_line' id='line_1_25' title="bbox 243 1919 1927 1986; baseline 0.001 -17"><span class='ocrx_word' id='word_1_209' title='bbox 243 1919 423 1986; x_wconf 79' lang='lat' dir='ltr'>tribuo,</span> <span class='ocrx_word' id='word_1_210' title='bbox 464 1922 544 1970; x_wconf 88' lang='lat' dir='ltr'>cui</span> <span class='ocrx_word' id='word_1_211' title='bbox 577 1936 628 1969; x_wconf 93' lang='lat' dir='ltr'>se</span> <span class='ocrx_word' id='word_1_212' title='bbox 663 1923 811 1970; x_wconf 90' lang='lat' dir='ltr'>etiam</span> <span class='ocrx_word' id='word_1_213' title='bbox 842 1923 937 1985; x_wconf 90' lang='lat' dir='ltr'>ipsi</span> <span class='ocrx_word' id='word_1_214' title='bbox 969 1920 1149 1969; x_wconf 90' lang='lat' dir='ltr'>debere</span> <span class='ocrx_word' id='word_1_215' title='bbox 1183 1922 1313 1985; x_wconf 89' lang='lat' dir='ltr'>quod</span> <span class='ocrx_word' id='word_1_216' title='bbox 1353 1928 1469 1970; x_wconf 92' lang='lat' dir='ltr'>sunt</span> <span class='ocrx_word' id='word_1_217' title='bbox 1509 1936 1622 1970; x_wconf 88' lang='lat' dir='ltr'>cum</span> <span class='ocrx_word' id='word_1_218' title='bbox 1660 1922 1927 1984; x_wconf 87' lang='lat' dir='ltr'>gratiarum</span> 
     </span>
    </p>

    <p class='ocr_par' dir='ltr' id='par_1_7' title="bbox 154 1994 1930 2353">
     <span class='ocr_line' id='line_1_26' title="bbox 154 1994 1930 2059; baseline 0 -17"><span class='ocrx_word' id='word_1_219' title='bbox 154 2003 209 2043; x_wconf 85' lang='lat'>25</span> <span class='ocrx_word' id='word_1_220' title='bbox 244 1995 436 2042; x_wconf 89' lang='lat' dir='ltr'>actione</span> <span class='ocrx_word' id='word_1_221' title='bbox 469 2001 725 2043; x_wconf 88' lang='lat' dir='ltr'>noverunt.</span> <span class='ocrx_word' id='word_1_222' title='bbox 787 1994 896 2042; x_wconf 91' lang='lat' dir='ltr'>Non</span> <span class='ocrx_word' id='word_1_223' title='bbox 929 1994 1088 2043; x_wconf 90' lang='lat' dir='ltr'>solum</span> <span class='ocrx_word' id='word_1_224' title='bbox 1117 1996 1267 2058; x_wconf 82' lang='lat' dir='ltr'>igitur</span> <span class='ocrx_word' id='word_1_225' title='bbox 1306 1994 1542 2059; x_wconf 88' lang='lat' dir='ltr'>agricolas</span> <span class='ocrx_word' id='word_1_226' title='bbox 1581 2010 1679 2043; x_wconf 91' lang='lat' dir='ltr'>non</span> <span class='ocrx_word' id='word_1_227' title='bbox 1719 1994 1930 2043; x_wconf 89' lang='lat' dir='ltr'>dicimus</span> 
     </span>
     <span class='ocr_line' id='line_1_27' title="bbox 242 2067 1929 2132; baseline 0.001 -17"><span class='ocrx_word' id='word_1_228' title='bbox 242 2067 496 2116; x_wconf 87' lang='lat' dir='ltr'>fructuum</span> <span class='ocrx_word' id='word_1_229' title='bbox 536 2083 846 2132; x_wconf 91' lang='lat' dir='ltr'>quorumque</span> <span class='ocrx_word' id='word_1_230' title='bbox 888 2075 1154 2132; x_wconf 81' lang='lat' dir='ltr'>creatoreS,</span> <span class='ocrx_word' id='word_1_231' title='bbox 1193 2083 1307 2117; x_wconf 89' lang='lat' dir='ltr'>cum</span> <span class='ocrx_word' id='word_1_232' title='bbox 1347 2068 1588 2132; x_wconf 88' lang='lat' dir='ltr'>legamus:</span> <span class='ocrx_word' id='word_1_233' title='bbox 1629 2069 1801 2128; x_wconf 79' lang='lat' dir='ltr'>Neque</span> <span class='ocrx_word' id='word_1_234' title='bbox 1839 2070 1929 2129; x_wconf 78' lang='lat' dir='ltr'>qui</span> 
     </span>
     <span class='ocr_line' id='line_1_28' title="bbox 234 2143 1926 2207; baseline 0.001 -19"><span class='ocrx_word' id='word_1_235' title='bbox 234 2143 441 2202; x_wconf 78' lang='lat' dir='ltr'>plantat</span> <span class='ocrx_word' id='word_1_236' title='bbox 470 2147 544 2190; x_wconf 80' lang='lat' dir='ltr'>est</span> <span class='ocrx_word' id='word_1_237' title='bbox 574 2144 773 2202; x_wconf 75' lang='lat' dir='ltr'>aliquid</span> <span class='ocrx_word' id='word_1_238' title='bbox 800 2156 962 2202; x_wconf 81' lang='lat' dir='ltr'>neque</span> <span class='ocrx_word' id='word_1_239' title='bbox 993 2145 1082 2202; x_wconf 76' lang='lat' dir='ltr'>qui</span> <span class='ocrx_word' id='word_1_240' title='bbox 1118 2144 1271 2207; x_wconf 70' lang='lat' dir='ltr'>rz‘qat,</span> <span class='ocrx_word' id='word_1_241' title='bbox 1309 2144 1401 2191; x_wconf 81' lang='lat' dir='ltr'>sed</span> <span class='ocrx_word' id='word_1_242' title='bbox 1437 2145 1526 2202; x_wconf 76' lang='lat' dir='ltr'>qui</span> <span class='ocrx_word' id='word_1_243' title='bbox 1562 2144 1926 2191; x_wconf 77' lang='lat' dir='ltr'>incrementum</span> 
     </span>
     <span class='ocr_line' id='line_1_29' title="bbox 243 2214 1927 2281; baseline 0 -19"><span class='ocrx_word' id='word_1_244' title='bbox 243 2215 333 2262; x_wconf 80' lang='lat' dir='ltr'>dat</span> <span class='ocrx_word' id='word_1_245' title='bbox 371 2215 507 2262; x_wconf 81' lang='lat' dir='ltr'>Deus</span> <span class='ocrx_word' id='word_1_246' title='bbox 516 2232 535 2271; x_wconf 87' lang='lat'>,·</span> <span class='ocrx_word' id='word_1_247' title='bbox 587 2214 672 2262; x_wconf 91' lang='lat' dir='ltr'>sed</span> <span class='ocrx_word' id='word_1_248' title='bbox 713 2230 773 2262; x_wconf 93' lang='lat' dir='ltr'>ne</span> <span class='ocrx_word' id='word_1_249' title='bbox 814 2215 970 2279; x_wconf 88' lang='lat' dir='ltr'>ipsam</span> <span class='ocrx_word' id='word_1_250' title='bbox 1011 2215 1209 2279; x_wconf 89' lang='lat' dir='ltr'>quidem</span> <span class='ocrx_word' id='word_1_251' title='bbox 1247 2222 1458 2281; x_wconf 84' lang='lat' dir='ltr'>terram,</span> <span class='ocrx_word' id='word_1_252' title='bbox 1509 2216 1729 2279; x_wconf 88' lang='lat' dir='ltr'>quamvis</span> <span class='ocrx_word' id='word_1_253' title='bbox 1768 2221 1927 2263; x_wconf 90' lang='lat' dir='ltr'>mater</span> 
     </span>
     <span class='ocr_line' id='line_1_30' title="bbox 242 2287 1926 2353; baseline 0.001 -19"><span class='ocrx_word' id='word_1_254' title='bbox 242 2288 462 2335; x_wconf 91' lang='lat' dir='ltr'>omnium</span> <span class='ocrx_word' id='word_1_255' title='bbox 513 2287 723 2336; x_wconf 89' lang='lat' dir='ltr'>fecunda</span> <span class='ocrx_word' id='word_1_256' title='bbox 776 2288 1026 2349; x_wconf 86' lang='lat' dir='ltr'>videatur,</span> <span class='ocrx_word' id='word_1_257' title='bbox 1079 2304 1202 2352; x_wconf 88' lang='lat' dir='ltr'>quae</span> <span class='ocrx_word' id='word_1_258' title='bbox 1257 2287 1562 2353; x_wconf 88' lang='lat' dir='ltr'>germinibus</span> <span class='ocrx_word' id='word_1_259' title='bbox 1618 2289 1926 2352; x_wconf 90' lang='lat' dir='ltr'>erumpentia</span> 
     </span>
    </p>

    <p class='ocr_par' dir='ltr' id='par_1_8' title="bbox 153 2361 1926 2572">
     <span class='ocr_line' id='line_1_31' title="bbox 153 2361 1924 2428; baseline 0 -19"><span class='ocrx_word' id='word_1_260' title='bbox 153 2370 209 2410; x_wconf 90' lang='lat'>30</span> <span class='ocrx_word' id='word_1_261' title='bbox 238 2368 496 2424; x_wconf 87' lang='lat' dir='ltr'>promovet</span> <span class='ocrx_word' id='word_1_262' title='bbox 537 2366 585 2408; x_wconf 91' lang='lat' dir='ltr'>et</span> <span class='ocrx_word' id='word_1_263' title='bbox 623 2361 718 2408; x_wconf 88' lang='lat' dir='ltr'>fixa</span> <span class='ocrx_word' id='word_1_264' title='bbox 755 2361 1004 2410; x_wconf 89' lang='lat' dir='ltr'>radicibus</span> <span class='ocrx_word' id='word_1_265' title='bbox 1045 2364 1279 2428; x_wconf 83' lang='lat' dir='ltr'>continet,</span> <span class='ocrx_word' id='word_1_266' title='bbox 1320 2378 1432 2411; x_wconf 91' lang='lat' dir='ltr'>cum</span> <span class='ocrx_word' id='word_1_267' title='bbox 1471 2361 1642 2411; x_wconf 90' lang='lat' dir='ltr'>itidem</span> <span class='ocrx_word' id='word_1_268' title='bbox 1680 2361 1924 2425; x_wconf 88' lang='lat' dir='ltr'>legamus:</span> 
     </span>
     <span class='ocr_line' id='line_1_32' title="bbox 242 2434 1923 2497; baseline 0 -15"><span class='ocrx_word' id='word_1_269' title='bbox 242 2434 378 2482; x_wconf 83' lang='lat' dir='ltr'>Deus</span> <span class='ocrx_word' id='word_1_270' title='bbox 418 2437 493 2483; x_wconf 75' lang='lat' dir='ltr'>illi</span> <span class='ocrx_word' id='word_1_271' title='bbox 530 2436 620 2483; x_wconf 82' lang='lat' dir='ltr'>dat</span> <span class='ocrx_word' id='word_1_272' title='bbox 657 2448 841 2497; x_wconf 78' lang='lat' dir='ltr'>corpus</span> <span class='ocrx_word' id='word_1_273' title='bbox 881 2450 976 2495; x_wconf 81' lang='lat' dir='ltr'>quo</span> <span class='ocrx_word' id='word_1_274' title='bbox 1016 2438 1159 2485; x_wconf 84' lang='lat' dir='ltr'>modo</span> <span class='ocrx_word' id='word_1_275' title='bbox 1199 2439 1415 2485; x_wconf 75' lang='lat' dir='ltr'>voluerit</span> <span class='ocrx_word' id='word_1_276' title='bbox 1451 2442 1499 2485; x_wconf 82' lang='lat' dir='ltr'>et</span> <span class='ocrx_word' id='word_1_277' title='bbox 1536 2438 1813 2495; x_wconf 76' lang='lat' dir='ltr'>unicuique</span> <span class='ocrx_word' id='word_1_278' title='bbox 1848 2449 1923 2483; x_wconf 80' lang='lat' dir='ltr'>se-</span> 
     </span>
     <span class='ocr_line' id='line_1_33' title="bbox 240 2508 1926 2572; baseline -0.001 -16"><span class='ocrx_word' id='word_1_279' title='bbox 240 2510 428 2556; x_wconf 77' lang='lat' dir='ltr'>minum</span> <span class='ocrx_word' id='word_1_280' title='bbox 460 2509 730 2570; x_wconf 77' lang='lat' dir='ltr'>proprium</span> <span class='ocrx_word' id='word_1_281' title='bbox 769 2522 967 2570; x_wconf 80' lang='lat' dir='ltr'>corpus.</span> <span class='ocrx_word' id='word_1_282' title='bbox 1044 2508 1117 2556; x_wconf 87' lang='lat' dir='ltr'>Ita</span> <span class='ocrx_word' id='word_1_283' title='bbox 1155 2524 1247 2557; x_wconf 90' lang='lat' dir='ltr'>nec</span> <span class='ocrx_word' id='word_1_284' title='bbox 1286 2510 1517 2558; x_wconf 88' lang='lat' dir='ltr'>feminam</span> <span class='ocrx_word' id='word_1_285' title='bbox 1558 2509 1635 2557; x_wconf 90' lang='lat' dir='ltr'>sui</span> <span class='ocrx_word' id='word_1_286' title='bbox 1672 2508 1926 2572; x_wconf 90' lang='lat' dir='ltr'>puerperii</span> 
     </span>
    </p>
   </div>
   <div class='ocr_carea' id='block_1_7' title="bbox 237 2604 1996 2717">
    <p class='ocr_par' dir='ltr' id='par_1_9' title="bbox 237 2604 1996 2717">
     <span class='ocr_line' id='line_1_34' title="bbox 237 2604 1996 2707; baseline 0 -59"><span class='ocrx_word' id='word_1_287' title='bbox 237 2661 290 2704; x_wconf 65' lang='grc' dir='ltr'>Π)</span> <span class='ocrx_word' id='word_1_288' title='bbox 339 2604 666 2707; x_wconf 58' lang='lat' dir='ltr'>115Q&#39;&gt;)3Iglie][·em.</span> <span class='ocrx_word' id='word_1_289' title='bbox 694 2610 764 2660; x_wconf 82' lang='lat'>23,</span> <span class='ocrx_word' id='word_1_290' title='bbox 797 2609 871 2650; x_wconf 85' lang='lat'>24.</span> <span class='ocrx_word' id='word_1_291' title='bbox 932 2606 1007 2662; x_wconf 87' lang='grc'>18)</span> <span class='ocrx_word' id='word_1_292' title='bbox 1035 2605 1142 2662; x_wconf 83' lang='lat' dir='ltr'>Sap.</span> <span class='ocrx_word' id='word_1_293' title='bbox 1178 2610 1219 2661; x_wconf 88' lang='lat'>8,</span> <span class='ocrx_word' id='word_1_294' title='bbox 1254 2611 1293 2649; x_wconf 90' lang='lat'>1.</span> <span class='ocrx_word' id='word_1_295' title='bbox 1357 2608 1429 2662; x_wconf 77' lang='lat'>28)</span> <span class='ocrx_word' id='word_1_296' title='bbox 1466 2611 1502 2649; x_wconf 92' lang='lat'>1.</span> <span class='ocrx_word' id='word_1_297' title='bbox 1538 2604 1636 2649; x_wconf 87' lang='lat' dir='ltr'>Cor.</span> <span class='ocrx_word' id='word_1_298' title='bbox 1673 2610 1713 2661; x_wconf 90' lang='lat'>3,</span> <span class='ocrx_word' id='word_1_299' title='bbox 1748 2611 1786 2649; x_wconf 79' lang='lat'>7.</span> <span class='ocrx_word' id='word_1_300' title='bbox 1849 2606 1924 2660; x_wconf 80' lang='lat'>32)</span> <span class='ocrx_word' id='word_1_301' title='bbox 1982 2668 1996 2673; x_wconf 22' lang='grc' dir='ltr'>χ</span> 
     </span>
     <span class='ocr_line' id='line_1_35' title="bbox 295 2696 510 2717; baseline 0 -11"><span class='ocrx_word' id='word_1_302' title='bbox 295 2697 303 2706; x_wconf 92' lang='grc'><strong>.</strong></span> <span class='ocrx_word' id='word_1_303' title='bbox 398 2696 408 2717; x_wconf 88' lang='grc'>,</span> <span class='ocrx_word' id='word_1_304' title='bbox 502 2697 510 2706; x_wconf 90' lang='grc'><em>.</em></span> 
     </span>
    </p>
   </div>
   <div class='ocr_carea' id='block_1_8' title="bbox 237 2778 1922 2895">
    <p class='ocr_par' dir='ltr' id='par_1_10' title="bbox 237 2778 1922 2895">
     <span class='ocr_line' id='line_1_36' title="bbox 356 2778 1922 2838; baseline -0.001 -15"><span class='ocrx_word' id='word_1_305' title='bbox 356 2785 382 2823; x_wconf 91' lang='grc'><strong>3</strong></span> <span class='ocrx_word' id='word_1_306' title='bbox 408 2780 641 2826; x_wconf 79' lang='lat' dir='ltr'>occultato</span> <span class='ocrx_word' id='word_1_307' title='bbox 676 2781 718 2824; x_wconf 94' lang='lat' dir='ltr'><strong><em>V</em></strong></span> <span class='ocrx_word' id='word_1_308' title='bbox 736 2782 752 2838; x_wconf 83' lang='grc' dir='ltr'>ΙΙ</span> <span class='ocrx_word' id='word_1_309' title='bbox 778 2786 830 2824; x_wconf 90' lang='grc'>11</span> <span class='ocrx_word' id='word_1_310' title='bbox 855 2793 947 2838; x_wconf 76' lang='lat' dir='ltr'>sqq.</span> <span class='ocrx_word' id='word_1_311' title='bbox 984 2781 1248 2825; x_wconf 74' lang='lat' dir='ltr'>rotunditas</span> <span class='ocrx_word' id='word_1_312' title='bbox 1282 2781 1414 2834; x_wconf 85' lang='lat' dir='ltr'><strong><em>VA1,·</em></strong></span> <span class='ocrx_word' id='word_1_313' title='bbox 1445 2781 1532 2825; x_wconf 77' lang='lat' dir='ltr'>rot.</span> <span class='ocrx_word' id='word_1_314' title='bbox 1565 2794 1591 2825; x_wconf 81' lang='lat' dir='ltr'><strong><em>v</em></strong></span> <span class='ocrx_word' id='word_1_315' title='bbox 1615 2782 1631 2836; x_wconf 83' lang='grc' dir='ltr'>ΙΙ</span> <span class='ocrx_word' id='word_1_316' title='bbox 1656 2785 1710 2824; x_wconf 90' lang='grc'>18</span> <span class='ocrx_word' id='word_1_317' title='bbox 1744 2778 1922 2835; x_wconf 85' lang='lat' dir='ltr'>sapien-</span> 
     </span>
     <span class='ocr_line' id='line_1_37' title="bbox 237 2838 710 2895; baseline 0.006 -14"><span class='ocrx_word' id='word_1_318' title='bbox 237 2839 307 2882; x_wconf 84' lang='lat' dir='ltr'>ter</span> <span class='ocrx_word' id='word_1_319' title='bbox 347 2838 392 2882; x_wconf 94' lang='lat' dir='ltr'><strong><em>V</em></strong></span> <span class='ocrx_word' id='word_1_320' title='bbox 415 2839 469 2893; x_wconf 81' lang='lat' dir='ltr'>(l.</span> <span class='ocrx_word' id='word_1_321' title='bbox 502 2844 562 2884; x_wconf 86' lang='lat'>15</span> <span class='ocrx_word' id='word_1_322' title='bbox 592 2853 627 2884; x_wconf 83' lang='lat' dir='ltr'>c.</span> <span class='ocrx_word' id='word_1_323' title='bbox 661 2844 710 2895; x_wconf 84' lang='lat'>3)</span> 
     </span>
    </p>
   </div>
  </div>
 </body>
</html>
