2020 3122
151 924 204 963 10

151 1292 204 1331 15

149 1659 205 1699 20

148 2025 203 2066 25

149 2393 204 2433 30

237 126 345 180 130
919 134 955 170 s,
981 131 1257 170 Aueos'nm

237 252 433 300 cissima
477 248 647 315 populi
685 248 914 316 Romani,
961 249 1078 298 dum
1125 248 1285 297 eidem
1334 247 1516 312 populo
1557 247 1704 296 fidem
1743 255 1924 316 servat-2,

237 339 407 374 eversa
446 330 536 373 est.
612 320 738 371 Hinc
786 319 1196 372 enim.Hannibal
1244 321 1400 370 fracto
1439 320 1639 370 foedere
1679 321 1922 371 Romano»

236 413 349 447 rum
374 412 546 447 causas
571 397 826 462 quaesivit,
866 394 1046 460 quibus
1085 410 1170 444 eos
1210 397 1437 444 inritaret
1475 393 1535 444 ad
1574 393 1772 444 bellum.
1836 395 1922 444 Sa«

239 479 447 536 guntum
495 485 611 534 ergo
658 469 893 519 ferociter
939 468 1218 535 obsidebat3
1266 468 1398 534 quod
1436 467 1523 518 ubi
1562 468 1744 518 Romae
1782 469 1920 523 *audi-

238 554 342 595 tum
382 551 473 611 est,
512 545 649 599 missi
681 543 827 608 legati
867 543 924 593 ad
950 542 1286 609 Hannibalem,
1325 550 1381 592 ut
1419 541 1478 591 ab
1519 544 1626 591 eius
1664 541 1920 592 obsidione

237 618 527 668 discederet.
605 616 886 682 Contempti
917 616 1262 681 Carthaginem
1293 622 1507 681 pergunt
1539 617 1920 680 querimoniam·-

236 708 333 759 que
384 691 639 756 deponunt
693 690 906 740 foederis
956 693 1091 755 rupti
1139 691 1423 754 infectoque
1471 691 1669 755 negotio
1717 689 1922 740 Romam

233 766 461 815 redeunt.
537 764 665 814 Dum
716 764 807 813 hae
862 779 1028 814 morae
1091 770 1330 830 aguntur,
1384 765 1565 812 misera
1616 763 1698 813 illa
1752 765 1921 813 civitas

237 839 637 905 opulentissima,
691 853 807 888 suae
863 839 936 887 rei
988 836 1212 903 publicae
1252 836 1598 903 Romanaeque
1655 839 1923 905 carissima,

237 919 406 962 octavo
446 911 523 960 vel
562 926 691 960 nono
732 927 758 960 a
782 911 962 960 Poenis
1002 925 1171 960 mense
1212 910 1372 959 deleta
1411 917 1501 959 est.
1580 909 1732 960 Cuius
1770 912 1923 960 inter-

234 989 360 1036 itum
398 985 577 1050 legere,
617 992 800 1049 quanto
834 986 986 1049 magis
1019 983 1254 1050 scribere,
1292 983 1515 1032 horroris
1548 990 1638 1033 est.
1698 983 1924 1035 Breviter

234 1069 399 1109 tamen
420 1074 564 1108 ’eum
615 1058 1032 1124 commemorab03
1083 1058 1142 1107 ad
1193 1072 1299 1106 rem
1350 1058 1533 1122 quippe
1584 1072 1709 1122 quae
1762 1059 1923 1123 agitur

235 1133 447 1183 multum
485 1134 716 1197 pertinet.
791 1131 959 1181 Primo
998 1132 1125 1181 fame
1158 1130 1432 1197 contabuit3
1471 1146 1586 1180 nam
1625 1133 1771 1180 etiam
1811 1146 1922 1182 suo-

235 1222 348 1256 rum
403 1206 726 1256 cadaveribus
781 1221 806 1255 a
861 1205 1111 1255 nonnullis
1163 1210 1303 1270 pasta
1356 1203 1660 1269 perhibetur.
1737 1204 1923 1256 Deinde

237 1282 459 1330 omnium
497 1280 627 1329 fessa
665 1295 858 1346 rerum,
897 1294 959 1328 ne
1000 1279 1173 1329 saltem
1212 1280 1400 1344 captiva
1439 1280 1490 1327 in
1529 1293 1704 1328 manus
1742 1278 1923 1329 Hanni·

237 1354 361 1404 halis
391 1354 689 1420 perveniret,
726 1355 979 1418 ingentem
1001 1368 1178 1417 rogum
1215 1351 1411 1418 publice
1452 1354 1647 1419 struxit,
1684 1354 1737 1401 in
1777 1367 1924 1417 quem

239 1429 494 1477 ardentem
533 1428 665 1476 ferro
714 1428 861 1476 etiam
900 1427 1171 1477 trucidatos
1220 1441 1391 1475 omnes
1431 1441 1482 1475 se
1524 1441 1739 1490 suosque
1780 1428 1924 1476 mise-

239 1510 369 1551 runt.
446 1500 538 1550 Hic
578 1500 762 1564 aliquid
800 1508 1004 1566 agerent
1050 1500 1118 1549 dii
1155 1499 1411 1549 helluones
1451 1506 1598 1564 atque
1637 1499 1924 1568 nebuloneS,

235 1575 595 1624 *sacrificiorum
642 1573 866 1639 adipibus
913 1574 1158 1624 inhiantes
1198 1580 1247 1623 et
1286 1573 1530 1623 fallacium
1571 1573 1924 1625 divinationum

239 1649 445 1713 caligine
500 1648 827 1714 decipientes;
880 1647 960 1697 hic
1016 1647 1198 1712 aliquid
1249 1654 1478 1713 agerent,
1532 1649 1717 1696 civitati
1754 1648 1924 1713 populi

238 1722 445 1771 Romani
493 1723 815 1771 amicissimae
855 1721 1196 1788 subvenirent,
1247 1721 1362 1770 fidei
1401 1722 1773 1770 conservatione
1812 1737 1922 1787 per·-

237 1802 438 1845 euntem
469 1797 633 1861 perire
659 1810 759 1844 non
784 1797 1018 1845 sinerent.
1073 1795 1172 1860 Ipsi
1202 1797 1373 1859 utique
1406 1794 1555 1844 medii
1585 1795 1924 1862 praefuerunt,

237 1885 350 1919 cum
375 1869 622 1918 Romanae
663 1871 738 1918 rei
775 1868 1001 1933 publicae
1026 1871 1287 1918 interiecto
1328 1868 1527 1917 foedere
1568 1867 1793 1933 copulata
1831 1877 1920 1919 est.

239 1942 533 1992 Custodiens
572 1944 737 2007 itaque
778 1942 1014 2009 fideliter,
1066 1943 1196 2007 quod
1235 1944 1356 2007 ipsis
1394 1941 1705 2007 praesidibus
1742 1941 1921 2007 placito

236 2018 485 2082 iunxerat,
535 2016 629 2065 fide
669 2018 915 2082 vinxerat,
954 2018 1197 2066 iuratione
1238 2018 1622 2081 constrinxerat,
1668 2031 1695 2064 a
1732 2015 1922 2081 perfido

239 2088 439 2138 obsessa
486 2105 721 2154 oppressa
769 2097 1060 2155 consumpta
1107 2097 1196 2139 est.
1276 2089 1328 2139 Si
1373 2091 1471 2154 ipsi
1517 2087 1585 2138 dii
1631 2095 1922 2154 tempestate

238 2170 384 2227 atque
433 2162 719 2212 fulminibus
766 2163 1088 2213 Hannibalem
1141 2170 1311 2228 postea
1365 2162 1596 2212 Romanis
1642 2164 1923 2227 proximum

236 2235 496 2285 moenibus
551 2242 841 2286 terruerunt
903 2237 1146 2301 longeque
1207 2238 1473 2286 miserunt:
1527 2242 1646 2285 tunc
1706 2238 1923 2300 primum

238 2309 332 2359 tale
366 2307 548 2374 aliquid
586 2310 820 2359 facerent.
895 2309 1064 2359 Audeo
1090 2312 1271 2375 quippe
1312 2309 1478 2359 dicere
1517 2308 1773 2358 honestius
1810 2309 1924 2359 illos

235 2399 326 2448 pro
375 2385 543 2432 amicis
583 2382 915 2432 Romanorum
962 2383 1073 2432 ideo
1121 2382 1514 2449 periclitantibus
1526 2422 1540 2448 ,
1587 2397 1649 2431 ne
1688 2381 1923 2432 Romanis

235 2456 521 2522 frangerent
559 2456 727 2522 fidem,
775 2465 824 2506 et
871 2456 1056 2506 nullam
1095 2472 1238 2522 opem
1278 2464 1398 2506 tunc
1436 2455 1733 2505 habentibus
1774 2471 1919 2521 quam

235 2546 326 2595 pro
365 2531 487 2595 ipsis
526 2530 779 2596 RomaniS,
827 2532 911 2595 qui
950 2546 1040 2595 pro
1081 2546 1133 2580 se
1173 2529 1456 2595 pugnabant
1496 2536 1642 2593 atque
1682 2530 1918 2579 adversus

235 2603 557 2653 Hannibalem
607 2603 826 2668 opulenti
877 2611 1041 2671 erant,
1096 2606 1316 2669 potuisse
1368 2609 1660 2668 tempestate
1705 2605 1915 2653 saevire.

238 2677 289 2726 Si
329 2693 445 2742 ergo
485 2684 676 2726 tutores
716 2684 882 2726 essent
921 2677 1165 2727 Romanae
1206 2677 1451 2727 felicitatis
1492 2683 1540 2726 et
1580 2676 1776 2744 gloriae,
1817 2683 1916 2726 tam
1972 2694 1975 2695 ⁷

357 2869 410 2908 16
442 2862 661 2907 instruxit
690 2864 734 2907 A
