2020 3122
540 150 606 182 DE
630 149 869 182 CIVITATE
892 152 979 184 DEI
1003 152 1043 184 L.
1069 154 1135 185 XI.
1160 153 1197 186 c.
1221 155 1275 186 23.
1644 140 1752 192 493

68 265 223 313 maior
273 277 511 311 numerus
559 263 609 310 in
651 262 943 312 caelestibus
984 279 1099 313 suae
1141 272 1344 315 naturae
1385 267 1611 316 ordinem
1652 282 1752 315 ser-

67 343 168 402 vet3
222 351 314 386 nec
369 336 493 384 mala
547 335 796 401 voluntaS,
852 338 966 399 quia
1017 345 1222 387 naturae
1277 339 1498 389 ordinem
1558 355 1754 390 servare

67 410 237 470 noluit,
278 410 388 458 ideo
430 410 548 458 iusti
580 408 668 458 Dei
707 409 840 473 leges
880 413 1042 458 omnia
1081 410 1206 460 bene
1248 413 1521 462 ordinantis
1564 415 1754 480 effugit3

69 485 299 549 quoniam
346 485 475 532 sicut
510 484 704 547 pictura
752 498 864 531 cum
915 484 1078 532 colore
1119 487 1260 548 nigro
1300 486 1407 535 loco
1449 503 1537 536 suo
1577 490 1755 552 posito,

68 559 135 607 ita
174 558 470 606 universitas
510 571 702 622 rerum,
758 558 800 605 si
848 558 958 620 quis
998 559 1154 621 possit
1192 560 1399 625 intueri,
1454 563 1599 610 etiam
1643 577 1755 610 cum
1787 573 1812 612 5

67 630 411 696 peccatoribus
449 629 654 695 pulchra
689 638 779 697 est,
819 633 1038 694 quamvis
1077 646 1167 695 per
1208 647 1259 680 se
1300 634 1434 696 ipsos
1475 634 1752 683 considera-

68 711 145 754 tos
186 719 274 754 sua
313 704 598 753 deformitas
637 711 818 768 turpet.

218 777 402 827 Deinde
443 777 607 827 videre
657 777 827 827 debuit
867 778 1106 842 Origenes
1148 787 1195 828 et
1236 781 1534 843 quicumque
1575 782 1641 828 ita
1682 796 1753 828 sa-

69 853 226 918 piunt,
266 854 307 899 si
338 852 458 900 haec
490 853 654 916 opinio
695 867 808 900 vera
848 858 992 918 esset,
1032 852 1270 902 mundum
1309 853 1420 902 ideo
1461 854 1658 918 factum,
1702 861 1754 902 ut

71 927 258 974 animae
305 941 396 989 pro
451 927 640 974 meritis
693 933 1010 990 peccatorum
1064 941 1268 975 suorum
1319 934 1564 991 tamquam
1619 942 1753 991 erga·
1790 939 1842 978 10

73 999 213 1065 stula,
252 999 431 1063 quihus
470 998 743 1063 poenaliter
781 999 1170 1065 includerentur,
1210 1016 1416 1065 corpora
1458 1003 1755 1066 acciperent,

72 1074 327 1137 superiora
360 1079 409 1122 et
440 1072 622 1121 leviora
646 1088 769 1137 quae
803 1074 981 1139 minuS,
1020 1074 1254 1122 inferiora
1287 1090 1404 1123 vero
1444 1081 1492 1123 et
1533 1077 1756 1138 graviora

73 1162 197 1211 quae
230 1146 437 1211 amplius
468 1153 813 1212 peccaverunt,
852 1147 1129 1212 daemones,
1170 1147 1349 1211 quibus
1382 1147 1601 1197 deterius
1635 1147 1756 1196 nihil

73 1227 163 1286 est,
201 1228 398 1269 terrena
439 1235 667 1286 corpora,
715 1220 894 1284 quibus
934 1221 1140 1269 inferius
1181 1228 1230 1270 et
1269 1223 1464 1285 gravius
1505 1222 1624 1270 nihil
1665 1227 1754 1286 est,

70 1296 235 1358 potius
305 1309 451 1358 quam
520 1294 744 1342 homines
823 1296 968 1342 ctiam
1037 1294 1194 1343 bonos
1264 1294 1445 1343 habere
1510 1295 1756 1344 debuisse.
1793 1305 1846 1345 15

72 1366 214 1417 Nunc
246 1383 377 1434 ver0,
416 1375 472 1417 ut
503 1367 903 1431 intellegeremus
936 1370 1208 1417 animarum
1250 1371 1423 1417 merita
1466 1383 1563 1417 non
1607 1368 1757 1433 quali-

72 1441 255 1490 tatibus
305 1457 570 1507 corporum
622 1456 730 1490 esse
779 1442 1052 1507 pensanda,
1107 1443 1296 1491 aerium
1347 1443 1593 1507 pessimus
1647 1442 1757 1490 dae-

73 1530 203 1581 mon,
242 1515 388 1564 homo
421 1522 599 1580 autem,
639 1522 689 1564 et
721 1531 853 1564 nunc
891 1515 1007 1564 licet
1045 1515 1201 1564 malus
1240 1516 1383 1581 longe
1424 1517 1629 1565 minoris
1671 1517 1757 1563 mi-

72 1591 314 1654 tiorisque
353 1589 588 1656 malitiae,
627 1595 677 1638 et
717 1596 850 1638 certe
892 1596 1004 1638 ante
1043 1597 1325 1655 peccatum,
1363 1596 1528 1638 tamen
1568 1589 1759 1639 luteum

75 1677 255 1727 corpus
302 1665 503 1728 accepit.
583 1662 710 1721 Quid
758 1669 922 1712 autem
979 1663 1177 1712 stultius
1226 1663 1322 1712 dici
1371 1669 1563 1729 potest,
1614 1677 1761 1727 quam
1793 1673 1849 1712 20

74 1738 223 1786 istum
279 1737 454 1803 solem,
509 1745 563 1786 ut
612 1739 663 1785 in
704 1752 802 1785 uno
850 1736 1034 1785 mundo
1074 1752 1204 1785 unus
1246 1743 1396 1801 esset,
1452 1751 1550 1784 non
1593 1736 1762 1785 decori

0 1842 1 1848 =
74 1810 456 1874 pulchritudinis
514 1810 589 1860 vel
641 1811 788 1859 etiam
839 1810 983 1859 saluti
1043 1825 1211 1859 rerum
1268 1809 1596 1874 corporalium
1646 1824 1759 1858 con-

75 1883 285 1933 suluisse
340 1886 580 1934 artificem
630 1883 814 1950 Deum,
867 1883 952 1932 sed
1000 1883 1092 1932 hoc
1139 1885 1305 1948 potius
1344 1885 1593 1949 evenisse,
1648 1884 1762 1947 quia

74 1973 171 2007 una
222 1960 382 2007 anima
429 1961 499 2007 sic
546 1964 858 2022 peccaverat,
905 1965 961 2006 ut
999 1957 1083 2006 tali
1124 1972 1332 2022 corpore
1372 1964 1650 2006 mereretur
1689 1958 1760 2004 in-

77 2029 244 2081 cludi‘?
290 2047 346 2080 ac
385 2047 475 2096 per
513 2031 607 2080 hoc
648 2033 689 2080 si
729 2033 1037 2095 contigisset,
1086 2038 1141 2080 ut
1181 2046 1278 2079 non
1319 2046 1438 2095 una,
1487 2030 1571 2079 sed
1615 2030 1761 2094 duae3
1794 2040 1849 2079 25

75 2107 224 2154 immo
265 2121 364 2154 non
405 2106 554 2171 duae,
596 2105 681 2154 sed
722 2105 893 2153 decem
932 2104 1007 2153 vel
1048 2111 1247 2153 centum
1287 2104 1511 2153 similiter
1551 2103 1760 2168 aequali-

77 2186 252 2243 terque
305 2187 624 2245 peccassent,
687 2185 886 2227 centum
941 2178 1069 2227 soles
1123 2178 1328 2227 haberet
1379 2177 1459 2226 hic
1513 2173 1763 2226 mundus?

79 2252 219 2310 Quod
274 2259 331 2302 ut
376 2264 475 2302 non
530 2254 694 2320 fieret,
747 2267 847 2301 non
894 2253 1083 2316 opificis
1130 2253 1412 2317 provisione
1453 2250 1663 2299 mirabili
1703 2249 1762 2298 ad

78 2341 246 2375 rerum
297 2326 627 2391 corporalium
681 2325 889 2375 salutern
953 2326 1282 2390 decoremque
1338 2324 1617 2374 consultum
1673 2331 1762 2388 est,

80 2399 165 2448 sed
206 2402 411 2464 contigit
456 2401 621 2465 potius
667 2406 801 2449 tanta
848 2401 995 2448 unius
1035 2401 1222 2449 animae
1264 2399 1609 2463 progressione
1650 2412 1760 2460 pec·
1794 2406 1850 2445 30

82 2475 251 2539 cantiS,
293 2479 346 2522 ut
385 2473 486 2522 sola
527 2489 708 2538 corpus
747 2473 841 2522 tale
882 2480 1173 2522 mereretur.
1251 2472 1359 2521 Non
1398 2471 1541 2536 plane
1582 2471 1759 2518 anima-

33 2584 37 2588 *
82 2561 208 2612 rum,
247 2547 306 2596 de
341 2547 520 2611 quibus
551 2549 780 2596 nesciunt
820 2546 937 2611 quid
976 2547 1256 2612 loquantur,
1297 2545 1382 2594 sed
1422 2558 1593 2593 eorum
1632 2545 1760 2607 ipso-

201 2768 228 2807 4
273 2763 428 2820 posito
488 2762 600 2816 VF,·
657 2762 812 2819 posita,
866 2763 939 2806 Av
985 2764 1000 2818 n
1046 2766 1071 2804 8
1119 2761 1242 2804 ista?
1289 2759 1346 2813 cf.
1401 2762 1511 2811 494,
1558 2762 1611 2810 1,·
1659 2760 1762 2809 449,

82 2825 135 2875 4,·
166 2826 221 2866 31
262 2825 277 2878 ss
319 2826 370 2866 15
401 2822 548 2866 bonos
579 2835 692 2875 mss;
723 2822 871 2865 malos
903 2836 929 2865 v
952 2823 967 2877 [l
991 2826 1045 2864 21
1078 2821 1221 2863 istum
1255 2818 1401 2862 solem
1430 2818 1483 2860 ut
1512 2829 1601 2859 mss
1629 2818 1761 2869 (ana-

84 2882 306 2936 coluthon,
337 2882 431 2925 nisi
460 2882 576 2935 forte
607 2881 840 2937 leq-endum
870 2879 957 2923 iste
995 2879 1063 2923 sol
1094 2880 1183 2934 ut);
1216 2891 1300 2934 per
1321 2877 1462 2919 istum
1488 2875 1638 2919 solum
1661 2875 1715 2917 ut
1734 2887 1761 2917 v
