2038 3152
123 1131 176 1170 10

125 1513 178 1550 15

125 1878 180 1917 20

128 2245 183 2286 25

131 2612 187 2650 30

206 221 241 272 4
869 229 903 262 s,
935 229 1211 263 AUGUSTINI

207 359 347 409 ver0,
387 343 516 408 quod
556 342 643 392 Dei
684 350 780 408 est,
830 341 1072 406 superbae
1113 356 1310 405 quoque
1350 342 1536 389 animae
1571 340 1773 403 spiritus
1811 339 1885 387 in-

207 417 349 466 ssatus
382 410 593 466 adfectat
632 421 855 480 amatque
890 414 983 464 sibi
1022 416 1073 463 in
1112 414 1338 463 laudibus
1370 413 1489 463 diei:

353 507 560 554 Parcere
600 505 833 554 subiectis
873 508 925 553 et
963 505 1211 553 debellare
1252 503 1505 565 superbos.

208 590 365 643 Unde*
394 594 540 642 etiam
587 592 647 641 de
694 598 892 641 terrena
939 593 1155 657 civitate,
1207 605 1331 655 quae
1376 605 1488 638 cum
1529 590 1768 638 dominari
1808 588 1888 638 ad·

208 669 346 733 petit,
386 668 479 715 etsi
516 665 685 731 populi
725 667 953 731 serviant,
991 667 1097 730 ipsa
1136 666 1182 713 ei
1222 662 1503 713 dominandi
1544 662 1693 712 libido
1735 662 1887 712 domi-

209 747 379 805 natur,
434 755 532 788 non
584 746 658 788 est
711 738 1127 803 praetereundum
1176 737 1371 786 silentio
1428 735 1665 801 quidquid
1725 735 1889 784 dicere

208 815 427 878 suscepti
456 813 603 862 huius
643 814 806 877 operis
847 814 969 861 ratio
1007 810 1223 876 postulat
1263 818 1312 859 et
1351 809 1557 860 facultas
1597 809 1755 859 datur.

914 939 1107 993 CAPUT
1141 939 1181 991 Ι.

282 1049 357 1097 De
395 1050 706 1097 adversariis
737 1049 949 1096 nominis
987 1047 1186 1107 Christi,
1226 1047 1407 1106 quibus
1447 1047 1498 1094 in
1537 1047 1819 1096 vastatione

389 1122 534 1170 Urbis
567 1127 780 1183 propter
825 1121 1075 1170 Christum
1115 1120 1332 1168 barbari
1363 1124 1719 1181 pepercerunt.

356 1208 429 1256 Ex
467 1209 556 1257 hac
604 1223 815 1272 namque
864 1209 1082 1256 existunt
1119 1208 1330 1272 inimici,
1370 1206 1604 1256 adversus
1644 1221 1770 1271 quos
1810 1205 1891 1255 de-

210 1281 453 1331 fendenda
500 1288 574 1330 est
620 1281 709 1330 Dei
755 1282 947 1347 civitas,
1006 1295 1217 1343 quorum
1265 1287 1429 1328 tamen
1477 1279 1619 1329 multi
1666 1287 1892 1329 correcto

208 1357 473 1420 impietatis
506 1369 674 1403 errore
700 1355 830 1402 cives
869 1355 920 1402 in
960 1369 1016 1402 ea
1056 1354 1179 1403 flunt
1212 1355 1328 1402 satis
1367 1353 1554 1419 idonei3
1594 1353 1737 1403 multi
1775 1369 1892 1402 vero

210 1430 259 1477 in
300 1443 406 1476 eam
445 1429 595 1476 tantis
634 1427 962 1476 exardescunt
1000 1426 1196 1491 ignibus
1236 1425 1462 1476 odiorum
1502 1433 1700 1491 tamque
1741 1429 1891 1477 mani-

213 1503 351 1550 festis
398 1501 649 1550 beneficiis
696 1499 1024 1564 redemptoris
1071 1502 1178 1549 eius
1224 1502 1403 1564 ingrati
1450 1507 1587 1566 sunt,
1642 1508 1698 1550 ut
1749 1500 1893 1550 hodie

213 1582 385 1624 contra
417 1590 523 1623 eam
562 1574 753 1638 linguas
792 1589 891 1622 non
931 1580 1200 1639 moverent,
1239 1575 1335 1622 nisi
1374 1574 1562 1623 ferrum
1602 1574 1778 1624 hostile
1820 1575 1893 1624 fu·

212 1650 401 1712 gientes
448 1650 500 1696 in
547 1649 750 1696 sacratis
799 1648 906 1696 eius
954 1647 1076 1696 locis
1122 1649 1295 1712 vitam,
1341 1647 1401 1696 de
1449 1662 1544 1712 qua
1585 1647 1895 1715 superbiunt,

212 1723 504 1770 invenirent.
566 1721 640 1769 An
664 1736 762 1770 non
788 1722 935 1770 etiam
967 1720 1036 1769 illi
1060 1720 1267 1769 Romani
1292 1720 1477 1770 Christi
1509 1723 1696 1770 nomini
1727 1722 1895 1771 infesti

213 1801 343 1861 sunt,
382 1794 562 1859 quibus
599 1801 804 1859 propter
844 1793 1094 1843 Christum
1133 1793 1329 1842 barbari
1367 1792 1735 1859 pepercerunt?
1804 1795 1893 1844 Te-

213 1874 404 1918 stantur
442 1867 535 1916 hoc
574 1875 845 1932 martyrum
883 1867 989 1916 loca
1029 1874 1077 1916 et
1115 1866 1343 1916 basilicae
1383 1868 1731 1934 apostolorum,
1771 1883 1895 1933 quae

215 1944 266 1990 in
298 1941 378 1990 illa
410 1943 677 1990 vastatione
710 1940 857 1990 Urbis
889 1941 947 1990 ad
988 1956 1039 1989 se
1081 1941 1423 2005 confugientes
1455 1956 1571 1991 suos
1611 1941 1895 2006 alienosque

214 2021 525 2079 receperunt.
601 2013 708 2064 Huc
755 2030 912 2078 usque
960 2021 1198 2064 cruentus
1250 2014 1494 2064 saeviebat
1531 2016 1783 2082 inimicUS,
1829 2014 1899 2064 ibi

215 2087 483 2152 accipiebat
512 2087 717 2137 limitem
748 2087 1065 2137 trucidatoris
1097 2089 1250 2154 furor,
1282 2088 1363 2136 illo
1396 2088 1705 2138 ducebantur
1743 2105 1771 2138 a
1809 2091 1896 2138 mi-

216 2160 492 2211 serantibus
538 2161 786 2227 hostibuS,
835 2160 1015 2225 quibus
1062 2163 1208 2210 etiam
1259 2169 1395 2210 extra
1434 2164 1539 2226 ipsa
1578 2162 1684 2211 loca
1721 2177 1895 2227 peper-

216 2242 399 2300 cerant,
437 2250 498 2283 ne
538 2236 589 2282 in
630 2250 714 2284 eos
753 2237 1097 2302 incurrerent,
1137 2236 1221 2298 qui
1261 2235 1470 2284 similem
1509 2235 1898 2285 misericordiam

217 2323 315 2356 non
361 2307 617 2357 habebant.
697 2308 792 2365 Qui
839 2315 1002 2357 tamen
1048 2309 1195 2357 etiam
1242 2310 1335 2372 ipsi
1383 2308 1497 2357 alibi
1543 2315 1711 2358 truces
1750 2315 1897 2374 atque

217 2380 383 2430 hostili
422 2396 557 2429 more
598 2383 869 2430 saevientes
908 2388 1227 2446 posteaquam
1267 2381 1325 2429 ad
1365 2381 1470 2430 loca
1507 2381 1586 2430 illa
1624 2381 1899 2448 veniebant,

219 2453 303 2503 ubi
342 2455 502 2503 fuerat
540 2454 858 2504 interdictum
898 2454 1028 2518 quod
1067 2454 1180 2503 alibi
1219 2457 1326 2504 iure
1367 2454 1482 2503 belli
1520 2455 1757 2522 licuisset,
1796 2462 1899 2505 tota

218 2527 427 2576 feriendi
489 2527 830 2578 refrenabatur
890 2529 1149 2577 inmanitas
1211 2535 1260 2576 et
1320 2528 1594 2593 captivandi
1655 2529 1899 2593 cupiditas

220 2600 548 2665 frangebatur.
613 2601 694 2650 Sic
726 2607 989 2650 evaserunt
1013 2601 1169 2667 multi,
1194 2603 1279 2665 qui
1303 2617 1435 2650 nunc
1461 2601 1751 2651 Christianis
1775 2609 1895 2651 tem-

218 2674 422 2739 poribus
448 2674 713 2724 detrahunt
738 2682 786 2725 et
809 2674 947 2739 mala,
980 2689 1103 2738 quae
1135 2674 1215 2723 illa
1248 2675 1416 2724 civitas
1447 2674 1667 2741 pertulit,
1701 2674 1895 2725 Christo

219 2749 468 2813 inputant3
500 2747 626 2797 bona
650 2763 781 2813 vero,
815 2763 939 2812 quae
965 2749 1014 2796 in
1041 2762 1124 2796 eos
1149 2754 1204 2796 ut
1235 2749 1455 2797 viverent
1485 2755 1689 2813 propter
1716 2747 1900 2798 Christi

219 2819 458 2870 honorem
490 2818 615 2870 facta
647 2828 777 2887 sunt,
816 2837 915 2870 non
954 2822 1179 2885 inputant
1215 2820 1409 2870 Christo
1449 2822 1761 2887 nostro,⁴sed
1801 2823 1899 2871 fato

340 2950 382 3003 3)
416 2949 552 3004 Verg.
585 2949 698 2991 Aen.
733 2954 772 3004 6,
806 2953 905 2993 853.
