2020 3122
190 123 294 174 156
867 133 901 166 s,
925 133 1199 168 AUGUs'mm

187 247 486 312 Volutinam3
526 261 639 294 cum
679 245 882 296 folliculi
919 253 1203 313 patescunt,
1250 253 1305 295 ut
1345 247 1477 310 spica
1517 252 1681 311 exeat,
1730 245 1872 296 deam

187 321 481 387 Patelanam,
521 335 635 369 cum
659 327 852 384 segetes
884 322 1023 369 novis
1055 322 1218 369 aristis
1258 326 1547 385 aequantur,
1587 321 1700 383 quia
1738 327 1870 370 vete·

189 410 269 444 res
302 409 511 458 aequare
543 393 730 443 hostire
768 394 1013 460 dixerunt,
1053 394 1193 443 deam
1224 392 1539 458 Hostilinam3
1579 392 1873 443 florentibus

190 469 450 517 frumentis
497 467 639 516 deam
677 466 892 534 Floram,
938 466 1320 516 lactescentibus
1370 467 1519 516 deum
1557 465 1876 534 Lacturnum,

131 551 156 589 5
190 541 637 591 maturescentibus
677 541 816 591 deam
856 541 1112 606 Matutam3
1162 556 1275 590 cum
1315 546 1606 607 runcantur,
1643 539 1692 588 id
1733 548 1809 590 est
1848 556 1875 590 a

189 623 323 665 terra
354 608 664 681 auferuntur,
696 614 838 663 deam
861 615 1150 664 Runcinam.
1199 614 1300 663 Nec
1332 616 1495 663 omnia
1527 629 1876 681 commemoro,

190 691 303 754 quia
343 704 420 738 me
459 690 594 753 piget
634 689 765 752 quod
804 689 912 738 illos
951 703 1051 737 non
1088 687 1254 753 pudet.
1310 687 1441 736 Haec
1481 694 1645 737 autem
1683 689 1876 752 paucis-

190 765 312 812 sima
357 762 468 813 ideo
516 762 638 828 dixi,
685 770 741 811 ut
786 761 1159 826 intellegeretur
1207 762 1341 810 nullo
1388 761 1533 810 modo
1583 776 1667 810 eos
1707 761 1874 811 dicere

190 836 371 886 audere
426 838 520 885 ista
573 837 775 884 numina
829 837 1093 900 imperium
1148 837 1465 884 constituisse
1515 836 1708 884 auxisse
1761 851 1875 884 con-

104 921 157 959 10
192 925 411 959 servasse
460 909 758 975 Romanum,
812 924 935 972 quae
984 910 1052 957 ita
1101 910 1203 957 suis
1253 923 1476 973 quaeque
1517 907 1876 958 adhibebantur

190 983 380 1049 officiis,
419 990 474 1032 ut
512 981 633 1031 nihil
672 984 958 1031 universum
998 983 1084 1030 uni
1124 981 1269 1031 alicui
1309 982 1612 1031 crederetur.
1669 981 1876 1040 Quando

190 1072 307 1121 ergo
358 1056 552 1120 Segetia
599 1062 797 1104 curaret
843 1057 1128 1122 imperium,
1175 1057 1256 1105 cui
1304 1071 1474 1106 curam
1513 1071 1687 1120 gerere
1728 1055 1877 1106 simul

190 1138 240 1179 et
279 1130 529 1194 segetibus
569 1136 619 1178 et
658 1128 917 1178 arboribus
956 1145 1055 1178 non
1093 1126 1308 1179 licebat?
1378 1129 1583 1187 Quando
1624 1130 1683 1179 de
1724 1131 1874 1180 armis

191 1204 379 1253 Cunina
435 1205 701 1269 cogitaret,
757 1205 898 1252 cuius
951 1206 1294 1268 praepositura
1347 1203 1667 1268 parvulorum
1722 1219 1878 1253 cunas

106 1288 158 1327 15
192 1293 290 1326 non
336 1276 715 1342 permittebatur
765 1274 1041 1326 excedere?
1111 1277 1315 1335 Quando
1355 1276 1582 1326 Nodutus
1622 1277 1878 1326 adiuvaret

190 1354 242 1400 in
281 1350 424 1418 bello,
464 1352 549 1415 qui
589 1366 680 1399 nec
713 1350 772 1400 ad
804 1351 1075 1400 folliculum
1114 1353 1293 1418 spicae,
1333 1351 1419 1400 sed
1460 1358 1651 1400 tantum
1691 1351 1749 1400 ad
1788 1366 1875 1400 no·

192 1425 310 1474 dum
358 1424 571 1490 geniculi
618 1422 934 1490 pertinebat?
1009 1424 1173 1474 Unum
1213 1427 1423 1490 quisque
1464 1424 1595 1474 domi
1635 1439 1751 1474 suae
1791 1441 1876 1489 po-

192 1501 265 1548 nit
318 1501 600 1564 ostiarium,
655 1506 705 1547 et
754 1501 867 1564 quia
913 1499 1059 1547 homo
1109 1501 1210 1561 est,
1263 1500 1462 1547 omnino
1514 1498 1718 1548 sufficit:
1773 1507 1879 1548 tres

193 1572 311 1622 deos
355 1575 439 1622 isti
484 1579 782 1639 posuerunt,
830 1572 1095 1622 Forculum
1133 1572 1348 1639 foribus,
1400 1572 1635 1621 Cardeam
1674 1572 1880 1638 cardini,

104 1657 159 1696 20
193 1646 525 1695 Limentinum
579 1646 748 1695 limini.
826 1646 896 1695 Ita
951 1662 1048 1695 non
1104 1653 1297 1711 poterat
1346 1646 1587 1695 Forculus
1635 1645 1781 1695 simul
1828 1651 1881 1695 et

193 1720 442 1770 cardinem
482 1719 729 1784 limenque
771 1735 981 1770 servare.

875 1906 1070 1961 CAPUT
1104 1907 1196 1961 IX.

193 2016 271 2062 Αη
313 2016 513 2079 imperii
550 2014 770 2064 Romani
815 2017 1090 2077 amplitudo
1130 2021 1179 2064 et
1218 2017 1531 2066 diuturnitas
1572 2016 1683 2065 Iovi
1713 2014 1877 2077 fuerit

321 2088 649 2148 ascribenda,
689 2103 832 2148 quem
870 2103 1112 2138 summum
1152 2091 1298 2139 deum
1338 2093 1557 2140 cultores
1597 2092 1753 2152 ipsius

106 2170 160 2210 25
894 2166 1182 2224 opinantur.

343 2263 534 2312 Omissa
573 2266 724 2328 igitur
763 2266 855 2313 ista
902 2264 1047 2314 turba
1086 2267 1392 2314 minutorum
1432 2265 1638 2314 deorum
1677 2264 1753 2314 vel
1793 2265 1876 2314 ali-

194 2344 432 2401 quantum
478 2339 759 2386 intermissa
810 2338 1027 2387 officium
1082 2340 1322 2388 maiorum
1378 2339 1584 2388 deorum
1639 2337 1878 2388 debemus

193 2412 460 2477 inquirere,
502 2426 598 2474 quo
631 2410 784 2459 Roma
817 2418 916 2459 tam
949 2427 1120 2476 magna
1153 2413 1277 2461 sacta
1317 2419 1408 2479 est,
1447 2418 1503 2461 ut
1541 2419 1640 2460 tam
1680 2412 1764 2461 diu
1803 2419 1879 2462 tot

187 2483 423 2548 *gentibus
469 2486 749 2548 imperaret.
833 2484 1077 2534 Nimirum
1126 2501 1243 2550 ergo
1289 2485 1416 2534 Iovis
1466 2485 1560 2533 hoc
1612 2501 1735 2551 opus
1787 2493 1876 2535 est.

106 2568 163 2608 30
195 2557 362 2622 Ipsum
409 2559 539 2606 enim
588 2557 794 2606 deorum
845 2561 1063 2608 omnium
1111 2560 1411 2623 dearumque
1467 2574 1634 2623 regem
1686 2559 1878 2609 volunt:

313 2751 338 2790 3
372 2745 513 2790 ostii-e
548 2779 557 2789 .
591 2779 601 2789 .
635 2744 871 2789 ostilinam
901 2744 1140 2790 KFParr.
1165 2746 1180 2802 ss
1206 2749 1258 2788 17
1293 2744 1448 2789 domui
1481 2759 1507 2789 υ
1532 2747 1547 2802 ΙΙ
1573 2749 1626 2788 19
1660 2745 1876 2788 cardeam

193 2803 381 2848 AParr.
408 2805 552 2860 plerr.
583 2817 635 2857 v;
667 2817 882 2848 carneam
914 2803 1038 2846 K¹F
1066 2805 1111 2860 (l.
1139 2807 1167 2847 6
1191 2817 1225 2848 c.
1255 2808 1282 2848 7
1277 2807 1326 2860 ),·
1359 2818 1565 2848 carream
1597 2805 1626 2848 b
1665 2805 1681 2860 ss
1719 2809 1776 2848 30
1806 2817 1877 2847 re-

195 2876 301 2919 gem
332 2876 445 2917 mss;
477 2875 635 2919 regem
668 2876 768 2907 esse
800 2877 826 2906 v
