2020 3122
160 1025 212 1063 10

156 1392 209 1431 15

237 109 361 175 *392
926 117 960 150 S.
985 116 1260 152 Auousrmr

252 243 356 300 tur,
404 235 445 282 si
483 231 765 281 hominibus
812 232 1167 296 miscerentur,
1215 233 1406 281 etiamsi
1454 240 1586 283 esset
1624 239 1937 287 necessarius

251 310 302 356 in
328 305 662 356 subveniendo
689 300 983 354 contactus?
1042 303 1165 353 Nam
1197 304 1346 353 radiis
1381 305 1498 355 solis
1531 313 1580 357 et
1617 307 1762 359 lunae
1803 317 1936 361 terra

252 381 569 446 contingitur,
607 394 700 428 nec
738 380 884 428 istam
923 379 1222 427 contaminat
1260 377 1438 427 lucem.

890 519 1087 574 CAPUT
1119 520 1290 574 XVII.

249 619 332 667 Aa
367 617 770 678 consequendam
816 616 967 663 vitam
1007 615 1225 672 beatam,
1273 627 1404 673 quae
1449 616 1502 663 in
1534 618 1939 678 participatione

287 699 362 742 est
397 692 577 739 summi
614 690 753 748 boni,
793 702 892 736 non
932 689 1026 735 tali
1060 688 1338 735 mediatore
1378 689 1609 748 indiqere
1647 691 1893 740 hominem

300 767 464 826 qualis
503 770 577 813 est
614 765 840 821 daemon,
878 762 970 810 sed
1007 762 1099 809 tali
1135 762 1300 821 qualis
1339 766 1413 810 est
1453 776 1583 811 unus
1628 763 1871 814 Christus,

395 867 547 916 Miror
602 871 765 914 autem
826 863 1095 928 plurimum
1155 869 1255 912 tam
1310 862 1481 913 doctos
1536 864 1790 933 homineS‚
1846 869 1931 932 qui

247 948 423 991 cuncta
474 954 711 1004 corporea
763 943 811 986 et
862 935 1111 985 sensibilia
1161 951 1277 1000 prae
1329 938 1721 1002 incorporalibus
1771 947 1819 990 et
1857 943 1929 990 in-

246 1013 593 1078 tellegibilibus
653 1010 994 1077 postponenda
1053 1009 1422 1077 iudicaverunt,
1477 1027 1590 1060 cum
1652 1015 1812 1077 agitur
1867 1015 1928 1064 de

243 1088 384 1137 beata
407 1089 526 1147 ‘vita,
567 1085 897 1150 corporalium
930 1085 1376 1133 contrectationum
1407 1085 1569 1134 facere
1609 1089 1924 1137 mentionem.

243 1161 335 1211 Ubi
391 1168 466 1210 est
504 1159 623 1209 illud
662 1159 868 1223 Plotini,
908 1157 993 1207 ubi
1033 1158 1119 1206 ait:
1171 1157 1514 1224 „Fugiendum
1561 1166 1636 1208 est
1675 1162 1825 1224 igitur
1866 1162 1925 1210 ad

243 1236 545 1284 carissimam
577 1234 798 1298 patriam,
838 1238 888 1280 et
917 1230 986 1280 ibi
1017 1237 1173 1297 pater,
1213 1237 1262 1280 et
1299 1230 1369 1279 ibi
1408 1234 1584 1282 omnia.
1663 1233 1796 1291 Quae
1837 1236 1928 1300 igi-

241 1317 350 1375 tur,
404 1310 591 1374 inquit,
647 1306 815 1356 classis
870 1311 954 1354 aut
1007 1301 1157 1369 fuga?
1213 1303 1432 1354 Similem
1479 1305 1580 1354 Deo
1631 1303 1793 1356 fieri.“
1872 1307 1925 1357 Si

244 1398 360 1447 ergo
409 1381 499 1430 deo
548 1386 731 1445 quanto
772 1378 1002 1443 similior,
1047 1384 1183 1426 tanto
1234 1378 1288 1426 fit
1327 1380 1536 1443 quisque
1577 1382 1927 1445 propinquior:

241 1455 373 1504 nulla
407 1462 482 1504 est
514 1454 572 1503 ab
611 1453 693 1502 illo
727 1452 817 1501 alia
856 1452 1187 1516 longinquitas
1228 1466 1373 1515 quam
1416 1454 1522 1501 eius
1563 1453 1925 1504 dissimilitudo

241 1528 543 1594 Incorporali
591 1542 708 1576 vero
758 1525 830 1574 illi
876 1532 1077 1574 aeterno
1127 1531 1176 1574 et
1221 1525 1610 1574 incommutabili
1662 1533 1798 1576 tanto
1851 1536 1928 1578 est

241 1604 399 1651 anima
460 1602 672 1650 hominis
731 1598 1045 1662 dissimilior,
1110 1604 1293 1662 quanto
1348 1613 1518 1647 rerum
1581 1601 1926 1665 temporalium

242 1675 649 1738 mutabiliumque
683 1672 922 1738 cupidior.
998 1671 1103 1720 Hoc
1135 1678 1191 1720 ut
1223 1678 1440 1737 sanetur,
1481 1675 1711 1737 quoniam
1743 1676 1924 1723 inmor-

240 1749 323 1798 tali
370 1750 602 1814 puritati,
658 1762 782 1811 quae
830 1747 880 1794 in
929 1759 1121 1794 summo
1163 1751 1265 1811 est,
1319 1760 1375 1794 ea
1416 1761 1539 1810 quae
1579 1748 1630 1794 in
1669 1749 1767 1797 imo
1805 1750 1926 1798 'sunt

238 1823 460 1871 mortalia
493 1828 542 1871 et
572 1820 808 1870 inmunda
840 1820 1104 1868 convenire
1137 1833 1237 1867 non
1274 1826 1499 1885 possunt,
1538 1834 1663 1884 opus
1704 1828 1779 1870 est
1819 1823 1923 1886 qui·

238 1896 350 1945 dem
381 1896 672 1960 mediatore3
712 1899 999 1942 nontamen
1025 1892 1123 1957 tali,
1164 1893 1249 1956 qui
1289 1907 1470 1957 corpus
1510 1893 1708 1957 quidem
1749 1894 1923 1945 babeat

236 1970 493 2019 inmortale
533 1970 868 2033 propinquum
909 1967 1141 2031 summiS,
1180 1967 1399 2014 animum
1439 1972 1603 2016 autem
1643 1967 1923 2018 morbidum

239 2042 447 2091 similem
478 2043 658 2091 infimis
691 2035 813 2108 (quo
847 2038 1019 2088 morbo
1053 2038 1195 2088 nobis
1227 2039 1441 2088 invideat
1478 2041 1642 2104 potius
1681 2056 1744 2090 ne
1784 2056 1921 2090 sane·

238 2131 371 2182 mur,
418 2131 563 2180 quam
604 2115 800 2164 adiuvet
837 2121 894 2162 ut
933 2107 1212 2179 sanemur);
1260 2112 1346 2161 sed
1386 2112 1493 2179 tali,
1545 2115 1629 2178 qui
1668 2114 1811 2163 nobis
1849 2117 1921 2164 in-

236 2190 362 2238 fimis
413 2205 470 2238 ex
518 2187 742 2253 corporis
788 2186 1083 2236 mortalitate
1135 2193 1391 2251 coaptatus
1430 2187 1679 2236 inmortali
1718 2190 1922 2253 spiritus

235 2264 436 2329 iustitia,
475 2278 564 2326 per
597 2276 743 2326 quam
775 2276 875 2309 non
914 2259 1138 2309 locorum
1177 2260 1420 2325 distantia,
1460 2260 1547 2308 sed
1587 2260 1921 2310 similitudinis

236 2337 522 2385 excellentia
580 2336 760 2384 mansit
816 2335 867 2382 in
923 2335 1127 2382 summis
1140 2373 1154 2400 ,
1207 2333 1501 2382 mundandis
1555 2332 1920 2399 liberandisque

235 2409 377 2459 nobis
427 2425 543 2458 vere
594 2408 811 2457 divinum
869 2406 1104 2470 praebeat
1158 2406 1469 2455 adiutorium.
1548 2405 1643 2464 Qui
1696 2409 1920 2472 profecto

234 2482 677 2532 incontaminabilis
737 2480 868 2529 Deus
922 2479 1048 2528 absit
1102 2486 1158 2528 ut
1207 2481 1670 2528 contaminationem
1721 2477 1923 2530 timeret'

233 2573 292 2606 ex
332 2557 529 2606 homine
571 2570 667 2620 quo
707 2553 910 2602 indutus
951 2560 1041 2619 est,
1080 2559 1164 2602 aut
1203 2568 1262 2601 ex
1300 2552 1582 2602 hominibus
1622 2556 1754 2602 inter
1793 2569 1918 2619 quos
1983 2594 1988 2600 .

352 2671 423 2724 14)
456 2669 571 2713 Enn.
606 2673 646 2724 1,
679 2673 719 2723 c,
753 2671 799 2722 83
833 2671 874 2723 2,
906 2671 947 2710 3.

346 2793 391 2890 Ξ
410 2787 668 2844 corporalia
700 2750 862 2839 ΑΚῖιΙΙ
896 2787 948 2827 12
980 2781 1184 2839 platonis
1220 2782 1278 2836 Ο,-
1316 2783 1495 2839 platoni
1528 2783 1597 2827 A¹
1627 2784 1643 2839 ΙΙ
1675 2779 1731 2826 ’14
1761 2782 1916 2840 inquit

231 2860 312 2890 om.
