2020 3122
580 118 647 151 DE
672 117 909 151 01v1⁷rA⁹rE
933 119 1021 151 DEI
1044 119 1086 152 L.
1110 121 1155 153 V.
1180 121 1216 154 c.
1242 123 1274 155 0.
1302 123 1332 155 7.
1693 109 1798 162 199

114 245 246 280 nunc
293 230 398 295 isti,
446 244 559 279 cum
607 231 753 279 etiam
802 236 1000 279 nostros
1040 238 1179 280 actus
1218 231 1330 281 inde
1371 232 1580 297 religare
1620 248 1798 283 conan-

118 310 222 370 tur,
276 303 542 352 admonent
587 310 644 352 ut
694 318 1010 370 quaeramUS,
1063 304 1195 354 unde
1246 321 1308 354 ne
1348 307 1400 354 in
1438 308 1559 371 ipsis
1600 307 1799 371 quidem

116 376 409 442 corporibus
441 379 513 426 eis
544 379 701 442 possit
739 379 864 426 ratio
903 379 997 427 ista
1037 384 1277 427 constare.
1357 379 1485 436 Quid
1526 381 1658 430 enim
1696 387 1797 430 tam

113 451 172 500 ad
212 458 392 516 corpus
430 452 686 516 pertinens
726 466 873 516 quam
913 453 1136 516 corporis
1176 449 1360 500 sexus?
1414 460 1464 502 et
1502 460 1665 503 tamen
1706 454 1798 504 sub

114 524 284 574 eadem
335 526 581 589 positione
644 525 862 574 siderum
921 525 1102 574 diversi
1164 540 1311 574 sexus
1370 528 1552 590 gemini
1606 529 1799 593 concipi
1831 536 1858 577 5

113 604 395 664 potuerunt.
473 598 613 648 Unde
663 599 780 663 quid
830 600 1146 664 insipientius
1186 598 1284 648 dici
1322 606 1406 648 aut
1445 601 1581 649 credi
1619 608 1799 666 potest,

114 687 259 737 quam
310 672 531 722 siderum
579 674 905 739 positionem,
956 688 1081 738 quae
1129 672 1189 722 ad
1239 672 1413 722 horam
1460 676 1798 739 conceptionis

113 746 284 796 eadem
334 745 571 796 ambobus
610 747 726 813 fuit,
779 747 942 796 facere
982 762 1083 796 non
1122 748 1367 813 potuisse,
1421 753 1499 812 ut,
1546 762 1659 796 cum
1699 763 1797 812 quo

110 818 321 870 habebat
361 820 566 870 eandem
598 820 1037 887 constellationem,
1076 835 1249 870 sexum
1289 820 1539 870 diversum
1578 837 1604 869 a
1643 822 1796 871 fratre

112 909 212 942 non
250 893 481 960 haberet3
532 901 581 944 et
618 897 914 960 positionem
954 894 1188 961 siderum,
1227 909 1351 959 qnae
1393 895 1486 944 fuit
1524 894 1585 943 ad
1623 894 1796 943 horam
1832 905 1887 945 10

112 970 445 1034 nascentium,
494 968 655 1017 facere
707 970 952 1035 potuisse,
1002 976 1057 1018 ut
1105 968 1164 1017 ab
1216 984 1273 1017 eo
1313 976 1412 1018 tarn
1451 968 1663 1018 multum
1703 970 1795 1017 vir-

114 1041 261 1106 ginali
301 1043 557 1091 sanctitate
598 1039 839 1091 distaret?

779 1213 975 1268 CAPUT
1016 1214 1135 1268 VII.

112 1322 189 1372 De
227 1324 467 1372 electione
507 1323 631 1384 diei,
682 1336 779 1384 quo
825 1336 962 1371 uxor
1000 1323 1208 1371 ducitur
1246 1336 1404 1382 quove
1444 1324 1495 1370 in
1536 1336 1663 1384 aqro
1705 1325 1795 1371 ali-

555 1398 681 1457 quid
709 1399 979 1459 plantatur
1018 1401 1110 1444 aut
1145 1397 1350 1444 seritur.
1833 1404 1886 1444 15

258 1498 359 1547 Iam
405 1498 526 1548 illud
574 1501 684 1564 quis
723 1499 871 1565 ferat,
917 1498 1049 1563 quod
1087 1500 1138 1547 in
1178 1497 1416 1563 eligendis
1456 1497 1630 1548 diebus
1670 1513 1797 1547 nova

112 1572 350 1636 quaedam
389 1574 492 1622 suis
531 1572 722 1623 actibus
760 1573 859 1622 fata
897 1568 1205 1622 moliuntur?
1274 1571 1383 1620 Non
1423 1579 1529 1621 erat
1567 1571 1797 1621 videlicet

111 1645 192 1695 ille
230 1647 297 1695 ita
335 1653 502 1713 natuS,
549 1653 604 1696 ut
642 1646 848 1696 haberet
886 1645 1222 1695 admirabilem
1262 1645 1439 1713 filium,
1480 1645 1566 1694 sed
1606 1647 1674 1694 ita
1712 1661 1797 1710 po-

112 1721 226 1786 tiuS,
264 1726 320 1768 ut
343 1720 761 1785 contemptibilem
802 1722 1041 1787 gigneret,
1080 1727 1130 1768 et
1167 1719 1279 1768 ideo
1319 1721 1394 1767 vir
1433 1718 1608 1768 doctus
1649 1718 1797 1783 elegit

111 1792 283 1842 horam
337 1809 433 1858 qua
486 1796 782 1844 misceretur
836 1796 993 1844 uxori.
1071 1793 1210 1842 Fecit
1260 1808 1377 1857 ergo
1427 1793 1610 1858 fatum,
1666 1792 1798 1856 quod
1833 1801 1889 1841 20

112 1881 211 1916 non
250 1866 482 1934 habebat,
529 1874 579 1917 et
625 1884 686 1917 ex
731 1869 888 1933 ipsius
928 1868 1056 1916 facto
1099 1868 1262 1931 coepit
1300 1881 1409 1915 esse
1449 1866 1616 1932 fatale,
1666 1866 1798 1930 quod

112 1941 164 1989 in
218 1942 325 1990 eius
372 1943 622 1991 nativitate
673 1957 774 1991 non
825 1942 1000 1991 suerat.
1078 1939 1118 1990 Ο
1172 1939 1430 1990 stultitiam
1477 1938 1799 2004 singularem!

111 2012 324 2079 Eligitur
363 2013 468 2063 dies
492 2022 548 2065 ut
587 2014 799 2065 ducatur
837 2030 989 2081 uxor3
1030 2013 1179 2063 credo
1218 2019 1497 2079 propterea,
1537 2014 1651 2078 quia
1689 2019 1796 2077 pot·

115 2089 270 2136 estin
295 2087 425 2137 diem
458 2103 557 2137 non
580 2088 782 2155 bonnm,
820 2090 916 2138 nisi
956 2088 1180 2154 eligatur,
1218 2089 1408 2137 incurri
1449 2094 1499 2137 et
1537 2086 1801 2136 infeliciter

114 2159 240 2210 duci.
333 2161 429 2210 Ubi
484 2169 559 2211 est
612 2177 729 2227 ergo
786 2163 918 2228 quod
970 2163 1195 2212 nascenti
1255 2163 1352 2210 iam
1414 2161 1575 2210 sidera
1631 2160 1800 2209 decre·
1837 2168 1891 2207 25

115 2231 330 2284 verunt?
384 2236 458 2285 An
506 2242 670 2301 potest
714 2236 886 2304 homo,
935 2236 1066 2301 qnod
1113 2237 1159 2284 ei
1205 2237 1300 2284 iam
1349 2236 1676 2284 constitutum
1716 2240 1806 2299 est,

119 2307 216 2356 diei
256 2307 495 2358 electione
544 2316 759 2372 mutare,
812 2317 862 2359 et
900 2309 1032 2375 quod
1071 2311 1177 2375 ipse
1215 2311 1267 2358 in
1306 2308 1531 2374 eligendo
1572 2308 1649 2356 die
1690 2322 1804 2356 con-

116 2381 346 2448 stituerit,
386 2398 486 2432 non
523 2386 708 2448 poterit
749 2383 809 2433 ab
850 2383 941 2433 alia
979 2389 1222 2449 potestate
1263 2379 1480 2432 mutari?
1536 2379 1722 2430 Deinde
1764 2380 1805 2428 si

117 2453 207 2503 soli
258 2455 514 2523 homineS,
568 2472 668 2506 non
719 2464 885 2507 antem
932 2459 1094 2506 omnia
1150 2471 1274 2521 quae
1330 2455 1422 2505 sub
1486 2454 1619 2504 caelo
1674 2459 1806 2517 sunt,

115 2528 569 2580 constellationibus
610 2530 888 2598 subiacent,
928 2546 1018 2581 cur
1058 2530 1199 2580 aliter
1237 2530 1426 2595 eligunt
1465 2528 1569 2577 dies
1609 2540 1802 2575 accom-
1835 2534 1892 2574 30

115 2600 335 2651 modatos
366 2603 610 2668 ponendis
636 2604 819 2654 vitibus
851 2604 927 2654 vel
960 2603 1223 2654 arboribus
1261 2603 1338 2652 vel
1378 2600 1643 2666 segetihuS,
1683 2598 1803 2647 alios

115 2672 220 2723 dies
249 2676 514 2740 pecoribus
545 2678 622 2727 vel
660 2678 915 2728 domandis
953 2678 1030 2727 vel
1071 2676 1386 2726 admittendis
1426 2672 1659 2738 maribus,
1699 2672 1804 2736 qui-

233 2849 289 2889 30
320 2846 456 2892 aliter
488 2847 673 2892 OAKF
698 2849 749 2902 (l.
782 2852 843 2895 15
873 2862 909 2894 0.
941 2852 999 2893 14
1032 2861 1122 2904 quo
1155 2849 1297 2904 pacto
1330 2846 1504 2901 aliter);
1539 2843 1654 2888 alios
1686 2855 1715 2887 v
