2020 3122
246 122 355 174 498
933 131 967 164 s,
991 131 1266 165 Aucuszrm1

249 245 427 294 odores
475 243 777 309 olfaciend0‚.
829 259 1032 308 sapores
1072 244 1335 311 gustandO,
1382 245 1502 293 dura
1544 251 1592 292 et
1630 244 1792 292 mollia
1832 259 1946 294 con-

249 318 505 368 trectando
554 319 828 383 sentimUS‚
884 333 1095 381 quorum
1145 318 1451 367 sensibilium
1512 319 1656 366 etiam
1708 319 1945 381 imagines

250 395 321 441 eis
375 391 647 440 simillimas
703 406 794 439 nec
859 393 955 439 iam
1011 406 1274 456 corporeas
1328 393 1623 456 cogitatione
1680 406 1947 459 versamm,

171 519 181 527 ¹
254 467 491 514 memoria
541 472 767 514 tenemus
815 472 862 513 et
909 479 998 529 per
1037 466 1167 529 ipsas
1206 467 1255 513 in
1296 468 1506 514 istorum
1546 464 1788 513 desideria
1829 479 1941 514 con-

197 550 223 589 5
258 541 489 604 citamur3
546 538 632 587 sed
687 539 792 587 sine
847 538 944 587 ulla
998 537 1363 602 phantasiarum
1419 538 1495 586 vel
1550 537 1944 602 phantasmatum

255 614 601 677 imaginatione
657 611 982 661 ludificatoria
1039 612 1158 660 mihi
1214 628 1321 660 esse
1370 627 1447 660 me
1499 611 1647 675 idque
1694 627 1840 660 nosse
1891 618 1941 662 et

251 702 414 735 amare
448 687 777 735 certissimum
824 692 913 734 est.
989 683 1133 733 Nulla
1172 687 1222 734 in
1262 685 1338 734 his
1377 687 1508 734 veris
1541 684 1945 734 Academicorum
1978 743 1983 748 ⁸

250 766 536 824 argumenta
585 759 793 807 formido
843 759 1143 808 dicentium:
1199 758 1326 816 Quid
1368 760 1408 807 si
1448 755 1666 807 falleris?
1722 758 1774 807 Si
1814 760 2003 808 enim‘·

251 834 414 899 fallor,
461 848 584 882 sum.
661 832 781 880 Nam
831 835 915 897 qui
962 847 1069 881 non
1119 840 1216 898 est,
1264 834 1435 897 utique
1483 847 1574 881 nec
1623 831 1719 880 falli
1759 839 1945 896 potest3

166 918 219 958 10
252 923 308 956 ac
346 922 436 971 per
475 907 567 954 hoc
609 921 739 971 sum7
780 908 821 954 si
861 906 1014 956 fallor.
1101 906 1223 963 Quia
1264 921 1380 971 ergo
1422 922 1529 954 sum
1572 907 1613 954 si
1652 905 1806 969 fallor,
1846 904 1946 970 quo
2003 964 2007 967 μ

252 981 396 1028 modo
437 995 544 1028 esse
586 995 662 1027 me
705 979 869 1046 fallor,
910 979 1111 1044 quando
1153 987 1344 1029 certum
1385 986 1459 1028 est
1496 995 1573 1028 me
1616 994 1740 1046 esse,
1779 981 1820 1028 si
1859 979 1943 1028 fal-

252 1051 362 1102 lor‘?
419 1053 540 1111 Quia
581 1055 733 1117 igitur
773 1069 932 1102 essem
975 1055 1061 1118 qui
1102 1053 1311 1120 fallerer,
1351 1055 1542 1102 etiamsi
1582 1052 1792 1117 fallerer,
1831 1068 1942 1117 pro-

255 1127 333 1176 cul
375 1126 522 1175 dubio
563 1129 614 1175 in
654 1142 735 1193 cO,
776 1128 906 1191 quod
947 1143 1022 1176 me
1065 1130 1177 1175 novi
1217 1142 1324 1176 esse
1338 1168 1351 1193 ‚
1390 1142 1489 1175 non
1530 1126 1682 1174 fallor.
1761 1125 1943 1175 Conse·
2005 1138 2008 1146 ²

254 1216 410 1265 quens
459 1206 535 1249 est
583 1207 767 1266 autem,
822 1208 877 1250 ut
926 1204 1071 1250 etiam
1119 1203 1170 1249 in
1210 1215 1292 1268 ec,
1339 1201 1467 1264 quod
1510 1215 1587 1248 me
1630 1201 1739 1248 novi
1780 1214 1942 1266 nosse,

168 1285 219 1324 15
254 1290 351 1322 non
393 1274 541 1322 fallar.
622 1274 759 1322 Sicut
799 1277 929 1323 enim
970 1277 1083 1323 novi
1124 1290 1231 1323 esse
1273 1289 1365 1340 me,
1405 1276 1471 1322 ita
1511 1275 1624 1322 novi
1663 1275 1807 1322 etiam
1847 1273 1940 1322 hoc

255 1349 434 1414 ipsum,
473 1362 619 1396 nosse
660 1364 752 1397 me.
829 1348 997 1412 anue
1037 1348 1134 1397 duo
1175 1363 1288 1397 cum
1328 1363 1453 1414 amo,
1492 1347 1704 1396 eundem
1743 1361 1940 1411 quoque

257 1436 474 1470 amorem
529 1421 759 1485 quiddam
815 1424 1017 1471 tertium
1071 1437 1163 1471 nec
1218 1423 1404 1486 inparis
1462 1422 1814 1469 aestimationis
1869 1421 1941 1469 eis

255 1510 376 1558 quas
423 1496 536 1542 novi
583 1494 733 1544 rebus
783 1495 1007 1560 adiungo.
1083 1495 1254 1559 Neque
1296 1496 1425 1544 enim
1465 1493 1605 1542 fallor
1645 1509 1807 1542 amare
1846 1509 1940 1559 me,
2005 1494 2007 1497 ’

255 1583 367 1616 cum
401 1569 451 1616 in
483 1567 560 1616 his
594 1584 717 1632 quae
752 1585 858 1617 amo
900 1584 997 1617 non
1038 1569 1196 1634 sallar3
1236 1583 1528 1632 quamquam
1570 1569 1663 1616 etsi
1701 1567 1779 1615 illa
1821 1566 1940 1616 falsa
1999 1563 2005 1599 ἕ

165 1652 221 1691 20
256 1648 444 1706 essent,
499 1640 615 1690 falsa
672 1657 750 1690 me
805 1658 966 1690 amare
1023 1658 1194 1690 verum
1249 1649 1392 1690 esset.
1468 1641 1590 1689 Nam
1646 1656 1742 1704 quo
1796 1647 1967 1705 pacto*

256 1722 391 1764 recte
439 1715 832 1779 reprehenderer
881 1723 929 1764 et
978 1722 1111 1764 recte
1159 1714 1450 1780 prohiberer
1489 1714 1549 1762 ab
1589 1729 1754 1762 amore
1795 1713 1937 1762 falso·
1995 1741 2003 1772 f

256 1804 383 1854 rum,
423 1790 465 1836 si
506 1803 581 1836 me
622 1788 701 1838 illa
741 1804 901 1838 amare
943 1789 1119 1838 falsum
1159 1786 1324 1838 esset?
1387 1788 1509 1837 Cum
1548 1803 1664 1836 vero
1704 1787 1783 1836 illa
1823 1802 1939 1837 vera
1994 1780 2006 1824 ἕ

258 1868 403 1925 atque
445 1870 581 1910 certa
622 1865 734 1928 sint,
775 1865 884 1927 quis
924 1862 1116 1912 dubitet
1147 1862 1275 1926 quod
1318 1877 1504 1928 eorum,
1545 1877 1659 1910 cum
1697 1868 1937 1927 amantur,
1976 1903 2005 1930 4

258 1943 307 1984 et
346 1938 451 1999 ipse
493 1950 629 1984 amor
668 1952 814 1986 verus
854 1943 904 1985 et
943 1944 1110 1986 certus
1150 1933 1261 1985 est?
1330 1935 1448 1984 Tam
1487 1950 1637 2000 porro
1676 1949 1821 1983 nemo
1862 1941 1938 1983 est

169 2019 224 2059 25
259 2010 344 2072 qui
393 2023 500 2056 esse
551 2025 602 2058 se
650 2010 800 2075 nolit,
853 2025 998 2074 quam
1046 2024 1190 2058 nemo
1238 2016 1314 2058 est
1353 2011 1438 2073 qui
1476 2024 1576 2057 non
1617 2023 1724 2057 esse
1763 2007 1938 2056 beatus

256 2081 384 2130 velit.
464 2081 571 2138 Quo
611 2083 754 2132 modo
796 2085 928 2132 enim
966 2090 1131 2148 potest
1160 2082 1336 2132 beatus
1375 2098 1498 2148 esse,
1538 2083 1581 2130 si
1618 2081 1740 2131 nihil
1779 2078 1878 2130 sit?

870 2239 1061 2294 CAPUT
1093 2240 1317 2293 XXVII.

457 2346 533 2395 Be
572 2349 786 2395 essentia
826 2355 875 2396 et
912 2351 1126 2397 scientia
1167 2353 1215 2396 et
1252 2349 1516 2407 utriusque
1555 2359 1738 2395 amore.

401 2448 471 2497 Ita
518 2463 633 2496 vero
681 2450 727 2496 vi
773 2449 980 2512 quadam
1039 2449 1249 2499 naturali
1295 2451 1456 2513 ipsum
1504 2464 1614 2497 esse
1664 2447 1934 2496 iucundum

164 2533 222 2573 30
255 2529 346 2588 est,
385 2529 440 2571 ut
478 2536 575 2570 non
608 2521 670 2569 ob
704 2521 832 2570 aliud
874 2531 923 2571 et
960 2523 1011 2571 hi
1050 2524 1135 2586 qui
1174 2524 1339 2571 miseri
1382 2529 1497 2571 sunt
1535 2521 1692 2570 nolint
1729 2522 1932 2569 interire

255 2603 318 2662 et,
357 2610 470 2644 cum
510 2611 563 2643 se
602 2596 809 2644 miseros
851 2611 959 2644 esse
1000 2598 1228 2662 sentiant,
1265 2611 1364 2644 non
1404 2611 1456 2644 se
1495 2597 1629 2659 ipsos
1668 2593 1728 2642 de
1767 2592 1934 2658 rebus,

254 2668 341 2717 sed
380 2670 628 2717 miseriam
667 2683 806 2718 suam
843 2671 1008 2734 potius
1047 2669 1232 2718 auferri
1269 2668 1432 2718 velint.
1508 2667 1609 2716 Illis
1649 2668 1809 2732 etiam,
1847 2667 1933 2730 qui
1966 2676 1985 2698 ’κ

372 2858 427 2897 10
459 2853 498 2897 si
527 2853 665 2897 fallor
696 2867 778 2898 om.
822 2854 863 2897 V
882 2856 897 2910 {l
925 2859 977 2898 14
1010 2854 1172 2911 etiam]
1204 2854 1299 2897 iam
1339 2853 1383 2897 V
