2038 3152
141 957 196 996 10

145 1326 196 1364 15

147 2434 203 2472 30

225 156 296 208 30
900 165 933 199 s.
961 165 1237 200 AUGUS'flm

224 283 372 330 vitam
405 281 603 328 omnino
635 294 733 327 non
766 280 1009 328 minuunt.
1087 279 1229 337 Quod
1270 282 1311 329 si
1351 279 1444 329 tale
1485 279 1667 343 aliquid
1710 285 1786 327 est
1822 295 1912 344 pu-

226 355 407 420 dicitia,
446 360 502 403 ut
534 353 652 416 quid
684 367 775 417 pro
806 351 901 416 illa,
941 368 1002 401 ne
1043 355 1311 420 amittatur,
1351 356 1497 403 etiam
1538 368 1650 402 cum
1689 352 1912 417 periculo

227 430 450 493 corporis
504 423 790 476 laboratur?
868 426 920 475 Si
974 434 1141 476 autem
1187 429 1337 476 animi
1387 427 1572 476 honum
1612 433 1714 492 est,
1765 428 1913 476 etiam

227 517 465 568 oppresso
506 515 715 566 corpore
741 499 841 549 non
871 502 1125 550 amittitur.
1205 501 1334 559 Quin
1375 504 1520 551 etiam
1561 507 1757 550 sanctae
1799 515 1912 549 con·

226 571 462 626 tinentiae
502 575 689 624 bonum
729 589 841 623 cum
882 574 1204 625 inmunditiae
1254 575 1522 624 carnalium
1562 576 1914 639 concupiscen-

227 653 411 700 tiarum
449 664 549 698 non
589 648 743 714 cedit,
791 655 841 697 et
878 650 1040 713 ipsum
1081 664 1262 714 corpus
1302 650 1660 715 sanctificatur,
1701 655 1749 697 et
1788 648 1915 715 iden,

228 739 342 774 cum
388 726 460 773 eis
506 738 606 772 non
652 721 828 771 cedere
876 724 1171 772 inconcussa
1209 726 1483 773 intentione
1524 723 1769 788 persistit,
1820 737 1914 771 nec

228 799 287 847 de
338 800 445 863 ipso
497 811 706 862 corpore
757 798 888 861 perit
939 799 1201 863 sanctitaS,
1253 800 1366 862 quia
1417 813 1476 846 eo
1525 803 1692 846 sancte
1742 795 1914 845 utendi

227 877 512 937 perseverat
535 870 761 920 voluntas
786 878 849 937 et,
889 878 1127 934 quantum
1159 873 1209 919 in
1234 873 1342 935 ipso
1376 878 1467 937 est,
1506 873 1654 920 etiam
1693 869 1913 919 facultas,

375 945 548 1009 Neque
574 946 705 994 enim
738 959 796 992 eo
830 959 1012 1008 corpus
1051 951 1275 993 sanctum
1317 951 1406 1010 est,
1446 944 1576 1008 quod
1618 946 1724 992 eius
1765 959 1915 992 mem·

227 1019 316 1069 bra
348 1026 466 1069 sunt
496 1021 704 1083 integra,
736 1025 819 1067 aut
852 1033 924 1083 ee,
966 1019 1097 1082 quod
1129 1018 1263 1067 nullo
1298 1023 1671 1067 contrectantur
1703 1017 1915 1084 adtacm,

229 1110 342 1143 cum
380 1094 573 1158 possint
612 1092 819 1140 diversis
859 1091 1053 1140 casibus
1094 1094 1242 1141 etiam
1281 1091 1534 1141 vulnerata
1572 1094 1669 1140 vim
1707 1093 1918 1157 perpeti,

228 1174 278 1217 et
328 1167 507 1216 medici
561 1165 820 1230 aliquando
881 1165 1025 1214 saluti
1087 1165 1384 1231 opitulantes
1433 1166 1555 1215 haec
1604 1165 1674 1214 ibi
1724 1166 1917 1232 saciant,

229 1257 354 1306 quae
402 1241 575 1289 horret
620 1246 862 1304 aspectus.
943 1238 1195 1288 Obstetrix
1244 1242 1447 1304 virginis
1496 1239 1751 1289 cuiusdam
1791 1241 1915 1288 inte-

231 1317 459 1380 gritatem
507 1329 654 1362 manu
702 1313 836 1362 velut
883 1313 1144 1377 explorans
1185 1315 1284 1362 sive
1325 1313 1664 1362 malevolentia
1704 1315 1804 1362 sive
1844 1315 1916 1361 in—

233 1391 373 1438 scitia
398 1390 499 1437 sive
525 1403 656 1452 casu,
697 1386 813 1436 dum
838 1388 1052 1453 inspicit,
1090 1387 1317 1452 perdidit.
1394 1387 1502 1436 Non
1534 1389 1709 1452 opinor
1750 1402 1916 1452 quem-

234 1478 380 1527 quam
419 1468 519 1510 tam
559 1461 706 1510 stulte
748 1476 934 1525 sapere,
976 1467 1031 1509 ut
1067 1461 1182 1510 huic
1222 1463 1410 1525 perisse
1451 1461 1632 1526 aliquid
1673 1463 1919 1510 existimet

235 1539 380 1586 etiam
423 1536 482 1584 de
523 1537 677 1599 ipsius
711 1537 933 1598 corporis
967 1537 1239 1601 sanctitate,
1279 1537 1499 1599 quamvis
1538 1534 1748 1584 membri
1786 1534 1918 1584 illius

235 1611 518 1675 integritate
558 1610 653 1657 iam
686 1609 890 1672 perdita.
969 1607 1209 1666 Quocirca
1250 1610 1501 1673 proposito
1542 1611 1690 1658 animi
1727 1624 1919 1674 perma-

235 1690 400 1750 nente,
438 1698 529 1748 per
569 1682 698 1747 quod
725 1684 871 1731 etiam
904 1698 1085 1747 corpus
1127 1683 1420 1731 sanctificari
1460 1685 1654 1749 meruit,
1694 1698 1786 1731 nec
1824 1684 1921 1747 ipsi

235 1759 434 1822 corpori
474 1757 634 1806 aufert
674 1758 984 1805 sanctitatem
1008 1756 1236 1806 violentia
1275 1755 1491 1805 libidinis
1531 1757 1731 1822 alienae,
1771 1771 1918 1821 quam

235 1838 396 1882 servat
435 1832 801 1895 perseverantia
828 1831 1158 1879 continentiae
1200 1846 1329 1879 suae.
1408 1830 1481 1878 An
1519 1845 1637 1879 vero
1677 1832 1718 1879 si
1757 1829 1919 1894 aliqua

235 1906 415 1955 femina
465 1910 628 1953 mente
688 1909 919 1968 corrupta
978 1903 1255 1968 violatoque
1305 1906 1584 1971 preposite,
1635 1904 1766 1968 quod
1817 1903 1918 1953 Deo

234 1985 456 2044 voverat,
495 1984 668 2042 pergat
707 1978 918 2026 vitianda
959 1977 1016 2026 ad
1058 1978 1372 2043 deceptorem
1414 1993 1573 2044 suum,
1614 1977 1771 2027 adhuc
1812 1992 1920 2027 eam

233 2060 521 2118 pergentem
555 2058 773 2100 sanctam
798 2051 872 2100 vel
898 2066 1106 2116 corpore
1132 2052 1356 2117 dicimus,
1390 2067 1446 2100 ea
1471 2053 1729 2100 sanctitate
1755 2053 1919 2118 animi,

234 2142 324 2192 per
363 2141 508 2190 quam
549 2140 729 2190 corpus
770 2125 1192 2191 sanctificabatur,
1232 2128 1408 2174 amissa
1448 2132 1592 2190 atque
1634 2122 1921 2175 destructa?

234 2200 374 2249 Absit
405 2199 485 2248 hic
518 2215 659 2248 error
691 2205 740 2248 et
771 2199 886 2247 hinc
925 2201 1089 2263 potius
1129 2200 1479 2248 admoneamur
1516 2201 1583 2248 ita
1623 2215 1720 2248 non
1761 2201 1919 2248 amitti

236 2275 459 2339 corporis
498 2275 811 2322 sanctitatem
857 2270 1107 2321 manente‘
1133 2275 1280 2322 animi
1328 2275 1584 2322 sanctitate
1625 2275 1773 2322 etiam
1813 2288 1919 2322 cor·

234 2363 355 2413 pore
382 2362 634 2412 oppreSSO,
675 2348 803 2395 sicut
842 2348 1084 2395 amittitur
1125 2355 1172 2396 et
1213 2349 1434 2412 corporis
1475 2349 1707 2396 sanctitas
1745 2346 1919 2396 violata

237 2424 384 2470 animi
427 2422 682 2470 sanctitate
709 2422 856 2469 etiam
881 2435 1087 2485 corpore
1121 2423 1320 2470 intactO.
1398 2421 1554 2478 Quam
1587 2420 1649 2469 ob
1682 2436 1788 2470 rem
1819 2435 1918 2469 non

237 2495 385 2544 habet
418 2494 547 2559 qu‘od
581 2496 630 2542 in
665 2509 716 2542 se
742 2500 901 2543 morte
942 2501 1208 2558 spontanea
1248 2497 1418 2559 puniat
1458 2495 1636 2544 semina
1677 2497 1782 2544 sine
1821 2493 1920 2543 ulla

162 2632 167 2636 ἱ
237 2585 325 2618 sua
379 2570 702 2618 consensione
754 2567 994 2616 violenter
1048 2583 1283 2633 oppressa
1338 2575 1386 2617 et
1441 2569 1598 2618 alieno
1653 2582 1920 2633 conpressa

235 2650 461 2708 peccat03
508 2649 690 2706 quanto
737 2643 899 2690 minus
948 2647 1211 2705 antequam
1250 2642 1342 2690 hoc
1383 2641 1484 2714 fiat!
1533 2658 1595 2692 ne
1636 2642 1922 2691 admittatur

360 2850 411 2947 145
443 2843 688 2889 inscientia
718 2843 888 2887 AK2F
922 2844 936 2898 Η
975 2847 1030 2886 29
1064 2844 1112 2886 et
1141 2843 1311 2897 AKF;
1351 2857 1433 2888 om.
1467 2857 1492 2888 v
1530 2846 1546 2900 ss
1583 2847 1638 2887 32
1669 2841 1921 2886 uiolenter-

239 2918 326 2959 que
360 2938 375 2947 ,
