2020 3122
586 132 652 163 DE
676 131 915 165 CIVITATE
938 133 1028 165 Dm
1051 133 1093 165 L.
1118 133 1206 166 ΧΠ.
1233 134 1269 167 c.
1296 136 1350 167 20.
1706 125 1812 176 543

799 297 993 352 CAPUT
1022 300 1139 354 XX.

618 406 695 455 De
731 409 950 455 saeculis
987 411 1321 457 saeculorum.

282 508 424 567 Quod
462 515 632 557 utrum
678 510 747 558 ita
785 509 950 574 faciat,
998 517 1047 558 et
1087 513 1371 559 continuata
1410 511 1502 560 sibi
1543 515 1810 564 conexione

130 583 426 648 copulentur
474 597 597 646 quae
647 581 953 647 appellantur
995 583 1188 632 saecula
1230 584 1562 652 saeculorum,
1613 586 1703 635 alia
1742 596 1810 636 ta—

129 673 244 706 men
284 664 430 721 atque
482 656 573 704 alia
619 657 840 705 ordinata
889 656 1285 706 dissimilitudine
1324 662 1690 726 procurrentia,
1742 664 1812 710 eis
1845 671 1870 710 5

129 731 395 796 dumtaxat,
435 732 520 794 qui
560 745 619 778 ex
658 731 856 778 miseria
895 729 1191 797 liberantur,
1231 733 1281 779 in
1323 746 1410 779 sua
1450 731 1591 781 beata
1629 735 1810 783 inmor-

128 804 314 853 talitate
356 806 462 853 sine
494 804 590 852 fine
630 803 965 869 manentibus;
1005 819 1064 852 an
1105 806 1171 853 ita
1210 804 1438 854 dicantur
1477 806 1670 855 saecula
1710 823 1812 857 sae-

130 878 378 943 culorum,
428 883 484 926 ut
529 877 879 941 intellegantur
919 877 1111 926 saecula
1149 879 1200 927 in
1241 881 1479 943 sapientia
1518 879 1606 928 Dei
1644 882 1812 929 incon-

129 967 272 1000 cussa
328 949 590 1000 stabilitate
645 953 892 1000 manentia
946 953 1185 1018 istorum,
1241 968 1365 1017 quae
1422 968 1534 1002 cum
1588 960 1811 1019 tempore

127 1031 415 1090 transeunt,
469 1031 716 1089 tamquam
764 1025 1027 1073 efficientia
1078 1026 1414 1092 saeculorum,
1470 1026 1673 1076 definire
1714 1044 1812 1076 non
1847 1039 1900 1079 10

128 1099 298 1148 audeo.
376 1098 621 1147 Fortassis
669 1101 800 1147 enim
852 1100 1012 1163 possit
1056 1098 1152 1147 dici
1204 1099 1481 1166 saeculum,
1531 1116 1655 1164 quae
1697 1109 1813 1151 sunt

128 1172 335 1233 saecula,
375 1179 430 1220 ut
469 1172 590 1220 nihil
622 1172 752 1221 aliud
791 1171 1111 1236 perhibeatur
1150 1174 1402 1222 saeculum
1443 1174 1626 1223 saeculi
1666 1190 1811 1239 quam

129 1246 322 1296 saecula
362 1246 693 1312 saeculorum,
742 1247 871 1295 sicut
909 1246 1030 1294 nihil
1070 1246 1198 1295 aliud
1240 1247 1422 1296 dicitur
1462 1248 1649 1297 caelum
1691 1249 1813 1297 caeli

127 1335 273 1385 quam
322 1319 445 1368 caeli
490 1319 752 1369 caelorum.
829 1319 951 1368 Nam
998 1320 1188 1369 caelum
1234 1320 1366 1369 Deus
1415 1324 1604 1370 vocavit
1652 1322 1809 1371 firma-

126 1402 347 1443 mentum
397 1409 548 1458 super
594 1393 725 1457 quod
777 1400 893 1442 sunt
943 1408 1118 1459 aquae3
1167 1401 1216 1443 et
1265 1402 1430 1443 tamen
1468 1395 1708 1459 psalmus:
1748 1397 1815 1444 Et
1845 1406 1899 1445 15

127 1483 307 1529 aquae,
345 1468 521 1532 inquit,
560 1482 691 1528 quae
728 1482 882 1529 super
921 1471 1101 1528 cael08,
1141 1471 1350 1517 laudent
1387 1483 1564 1518 nomen
1598 1470 1812 1518 Domini.

128 1541 255 1599 Quid
296 1556 413 1604 ergo
452 1542 663 1590 istorum
702 1540 915 1589 duorum
962 1543 1046 1606 sit,
1094 1557 1154 1590 an
1194 1548 1392 1606 praeter
1429 1542 1550 1591 haec
1591 1543 1687 1591 duo
1728 1543 1810 1591 ali·

127 1614 242 1678 quid
292 1614 422 1663 aliud
473 1614 533 1662 de
584 1614 792 1663 saeculis
848 1615 1158 1663 saeculorum
1205 1617 1363 1679 possit
1408 1615 1648 1682 intellegi,
1695 1632 1809 1680 pro-

126 1688 416 1737 fundissima
470 1690 692 1752 quaestio
748 1695 845 1754 est,
891 1703 1053 1752 neque
1107 1688 1201 1737 hoc
1253 1689 1383 1753 quod
1436 1704 1568 1737 nunc
1620 1691 1809 1753 agimus

126 1761 330 1828 inpedit,
370 1763 412 1810 si
443 1761 719 1810 indiscussa
750 1763 950 1810 interim
984 1761 1259 1827 differatur3
1300 1764 1401 1810 sive
1441 1762 1623 1826 aliquid
1662 1765 1711 1811 in
1754 1779 1808 1811 ea
1843 1773 1897 1814 20

127 1835 332 1884 definire
363 1835 625 1900 valeamus,
665 1837 765 1884 sive
797 1850 888 1883 nos
920 1835 1066 1883 faciat
1098 1837 1343 1884 cautiores
1384 1835 1664 1900 diligentior
1704 1838 1810 1901 ipsa

124 1910 367 1975 tractatiO,
406 1924 468 1956 ne
509 1910 559 1956 in
598 1915 732 1957 tanta
771 1907 1071 1957 obscuritate
1113 1924 1282 1958 rerum
1323 1909 1580 1957 adfirmare
1621 1916 1807 1958 temere

126 1982 307 2046 aliquid
348 1982 629 2030 audeamus,
706 1981 847 2030 Nunc
888 1983 1019 2031 enim
1059 1989 1230 2031 contra
1270 1984 1550 2048 opinionem
1591 1983 1806 2047 disputa-

127 2071 236 2104 mus
249 2096 263 2122 ,
303 2071 398 2120 qua
437 2055 505 2103 illi
546 2056 783 2104 circuitus
823 2063 1136 2122 asseruntur,
1184 2056 1363 2121 quibus
1403 2071 1598 2121 semper
1638 2057 1809 2105 eadem

124 2145 215 2194 per
245 2128 497 2178 intervalla
529 2136 810 2193 temporum
847 2144 1051 2178 necesse
1091 2145 1199 2179 esse
1239 2132 1399 2195 repeti
1438 2132 1806 2196 existimantur3
1840 2140 1894 2180 25

127 2202 373 2267 quaelibet
420 2209 584 2251 autem
630 2201 833 2258 illarum,
872 2205 1228 2252 sententiarum
1276 2204 1335 2252 de
1383 2203 1592 2253 saeculis
1639 2219 1806 2252 saecu·

124 2276 286 2325 lorum
324 2291 439 2324 vera
486 2278 569 2341 sit,
618 2276 676 2324 ad
723 2275 813 2324 hos
853 2278 1091 2325 circuitus
1130 2276 1252 2326 nihil
1289 2279 1526 2343 pertinet3
1577 2279 1807 2340 quoniam

126 2351 226 2398 sive
261 2349 454 2398 saecula
487 2349 797 2399 saeculorum
829 2351 928 2398 sint
960 2365 1058 2398 non
1091 2351 1261 2400 eadem
1301 2353 1525 2416 repetita,
1565 2351 1650 2399 sed
1691 2350 1805 2398 alte-

125 2438 236 2472 rum
277 2438 336 2472 ex
375 2422 529 2472 altero
570 2426 839 2472 conexione
880 2423 1242 2473 ordinatissima
1280 2426 1646 2489 procurrentia,
1687 2422 1804 2471 libe-

125 2504 346 2545 ratorum
384 2495 687 2545 beatitudine
734 2499 839 2545 sine
888 2497 987 2546 ullo
1036 2513 1245 2547 recursu
1284 2499 1594 2546 miseriarum
1634 2497 1804 2544 certis·
1837 2507 1894 2547 30

125 2571 246 2618 sima
299 2576 647 2636 permanente,
701 2571 801 2619 sive
857 2570 1050 2619 saecula
1105 2571 1414 2620 saeculorum
1459 2576 1658 2619 aeterna
1707 2571 1806 2618 sint

246 2699 317 2752 16)
348 2697 420 2741 Ps.
457 2702 557 2752 148,
588 2702 628 2741 4.

247 2863 300 2902 16
333 2872 471 2914 super
501 2859 652 2903 caelos
694 2859 805 2914 VA3
837 2875 872 2904 s.
906 2874 943 2905 c.
978 2861 1084 2903 sunt
1114 2873 1139 2903 v
