2020 3122
281 151 386 204 308
950 161 985 196 S.
1010 161 1287 197 AUGUSTINI

279 274 340 324 At
379 290 498 323 vero
538 275 633 323 ista
670 273 842 338 Magna
881 273 1088 324 deorum
1126 274 1282 324 Mater
1322 276 1469 324 etiam
1499 274 1732 324 Romanis
1770 274 1964 340 templis

284 354 524 396 castratos
556 347 723 397 intulit
753 354 899 412 atque
938 349 1086 397 istam
1126 349 1376 397 saevitiam
1414 363 1702 412 moremque
1743 349 1967 415 servavit,

282 421 470 470 credita
508 422 639 470 vires
687 421 915 470 adiuvare
955 420 1291 470 Romanorum
1329 421 1603 470 exsecando
1642 421 1799 471 virilia
1836 423 1964 472 viro-

279 510 406 543 rum.
487 494 614 552 Quid
664 501 781 544 sunt
827 495 887 543 ad
934 494 1027 543 hoc
1066 494 1250 543 malum
1288 495 1419 543 furta
1457 494 1714 561 Mercurii,
1760 493 1965 545 Veneris

217 576 244 616 5
278 567 491 634 lascivia,
532 574 703 633 stupra
743 574 793 618 et
833 567 1168 633 turpitudines
1209 574 1513 634 ceterorum,
1553 583 1677 633 quae
1716 569 1964 633 proferre-

277 657 388 690 mus
436 641 496 690 de
542 641 704 707 libris,
751 643 848 690 nisi
896 642 1075 690 cotidie
1127 647 1447 691 cantarentur
1487 648 1537 691 et
1576 641 1875 692 saltarentur
1912 644 1965 691 in

276 712 521 763 theatris?
600 715 696 764 Sed
741 714 863 763 haec
911 715 1028 779 quid
1077 721 1193 763 sunt
1232 714 1291 763 ad
1331 721 1522 764 tantum
1560 715 1768 781 malum,
1823 717 1964 765 cuius

275 788 560 852 magnitudo
602 788 802 852 Magnae
844 788 988 836 Matri
1027 787 1366 836 tantummodo
1416 787 1759 853 competebat?
1814 788 1991 838 Prae-.

277 863 448 910 sertim
504 861 635 926 quod
690 861 770 910 illa
825 861 1059 910 dicuntur
1106 876 1133 909 a
1178 863 1339 925 poetis
1391 877 1501 910 esse
1542 863 1771 927 conficta,
1826 864 1966 926 quasi

190 944 246 984 10
278 942 452 999 poetae
503 935 553 983 id
595 936 741 983 etiam
780 934 1034 1000 finxerint,
1081 934 1214 998 quod
1257 950 1312 983 ea
1352 937 1451 983 sint
1490 935 1582 984 diis
1621 941 1758 999 grata
1798 942 1847 983 et
1886 950 1963 984 ac-

279 1014 433 1072 cepta.
511 1007 575 1056 Ut
623 1023 740 1071 ergo
789 1014 1088 1057 canerentur
1129 1007 1205 1056 vel
1244 1007 1609 1074 scriberentur,
1658 1010 1722 1057 sit
1759 1007 1960 1058 audacia

276 1081 352 1130 vel
382 1080 653 1146 petulantia
691 1087 974 1147 poetarum3
1014 1087 1070 1130 ut
1109 1096 1228 1130 vcro
1269 1081 1446 1130 divinis
1486 1081 1636 1130 rebus
1676 1088 1725 1130 et
1763 1081 1960 1131 honori·

276 1153 370 1203 bus
395 1154 579 1204 eisdem
613 1155 972 1219 imperantibus
1014 1162 1063 1204 et
1105 1153 1517 1219 extorquentibus
1555 1153 1842 1204 numinibus
1882 1155 1962 1204 ad·

277 1227 537 1294 derentur‚
587 1228 703 1292 quid
745 1235 820 1277 est
858 1230 954 1278 nisi
994 1230 1182 1277 crimen
1206 1227 1454 1294 deorum,
1501 1230 1650 1277 immo
1690 1243 1806 1278 vero
1847 1243 1961 1278 oon-

186 1310 241 1351 15
277 1302 426 1350 fessio
467 1302 840 1350 daemoniorum
880 1307 929 1350 et
968 1302 1194 1366 deceptio
1235 1299 1569 1351 miserorum?
1607 1301 1789 1352 Verum
1828 1301 1964 1368 illud,

181 1376 185 1380 ’
275 1375 405 1439 quod
439 1375 499 1424 de
529 1375 836 1424 abscisorum
861 1376 1233 1424 consecratione
1265 1374 1421 1424 Mater
1453 1375 1600 1424 deum
1632 1375 1728 1424 coli
1765 1377 1963 1438 meruit,

273 1463 372 1496 non
411 1455 588 1513 poetae
623 1450 992 1515 confinxerunt,
1032 1448 1118 1497 sed
1158 1448 1364 1497 horrere
1405 1450 1558 1513 magis
1599 1464 1746 1513 quam
1785 1463 1962 1498 canere

273 1521 571 1571 maluerunt.
659 1522 813 1570 Hisne
870 1522 964 1571 diis
1022 1522 1220 1571 selectis
1275 1524 1536 1587 quisquam
1598 1521 1962 1571 consecrandus

274 1601 365 1661 est,
406 1602 462 1644 ut
500 1602 614 1660 post
654 1602 865 1645 mortem
903 1597 1032 1644 vivat
1071 1595 1228 1661 beate,
1270 1595 1450 1659 quibus
1491 1602 1810 1645 consecratus
1850 1602 1985 1663 anter

186 1679 242 1720 20
274 1674 486 1717 mortem
539 1669 746 1718 honeste
795 1684 894 1717 non
940 1676 1106 1733 potest
1151 1671 1340 1735 vivere,
1389 1675 1488 1718 tam
1528 1669 1686 1718 scedis
1724 1671 1962 1734 supersti-

273 1741 491 1791 tionibus
534 1742 762 1791 subditus
803 1749 852 1792 et
890 1742 1140 1791 inmundis
1180 1741 1500 1791 daemonibus
1540 1739 1817 1807 obligatus?
1865 1741 1977 1808 Sed⁸

272 1815 393 1864 haec
444 1818 632 1876 omnia,
679 1818 865 1880 inquit,
919 1817 1208 1864 referuntur
1255 1815 1314 1864 ad
1361 1815 1615 1865 mundum.
1690 1814 1862 1864 Videat
1899 1830 1961 1865 ne

273 1891 440 1953 potius
482 1889 540 1938 ad
583 1889 890 1939 inmundum.
970 1889 1098 1947 Quid
1138 1895 1303 1938 autem
1342 1904 1442 1938 non
1479 1895 1647 1954 potest
1685 1889 1863 1938 referri
1902 1888 1963 1938 ad
2019 1921 2020 1942 t

273 1962 530 2028 mundum,
572 1963 703 2027 quod
745 1978 854 2012 esse
895 1963 1263 2012 demonstratur
1301 1963 1352 2011 in
1391 1959 1612 2011 mundo?
1658 1961 1757 2011 Nos
1797 1968 1962 2012 autem

187 2045 243 2086 25
276 2037 492 2084 animum
535 2039 842 2102 quaerimus,
894 2039 979 2100 qui
1016 2051 1131 2084 vera
1170 2036 1407 2100 religione
1449 2036 1665 2084 confisus
1703 2050 1803 2084 non
1840 2042 1959 2085 tam-

276 2124 422 2173 quam
477 2109 627 2158 deum
680 2125 825 2158 suum
874 2110 1046 2159 adoret
1091 2110 1352 2175 mundum,
1408 2109 1495 2158 sed
1542 2115 1789 2174 tamquam
1835 2123 1960 2173 opus

274 2181 363 2230 Dei
401 2190 610 2247 propter
649 2182 807 2232 Deum
845 2183 1011 2232 laudet
1050 2183 1303 2249 mundum,
1343 2189 1393 2232 et
1431 2182 1692 2231 mundanis
1731 2181 1959 2232 sordibus

275 2257 498 2320 expiatus
528 2256 743 2306 mundus
767 2258 1021 2321 perveniat
1045 2257 1104 2304 ad
1136 2256 1308 2322 Deum,
1343 2258 1427 2321 qui
1458 2255 1678 2305 condidit
1706 2255 1958 2306 mundum.

886 2397 1079 2452 CAPUT
1109 2398 1337 2452 XXVII.

185 2501 242 2542 30
273 2491 350 2541 De
389 2493 642 2552 figmentis
682 2492 1115 2554 physioloyorum,
1162 2494 1252 2552 qui
1295 2506 1389 2541 nec
1434 2505 1607 2541 veram
1647 2492 1958 2539 divinitatem

340 2567 524 2626 colunt,
565 2578 659 2614 nec
698 2578 755 2613 eo
795 2566 933 2613 cultu
973 2579 1070 2625 quo
1110 2566 1323 2615 colenda
1363 2569 1436 2614 est
1471 2579 1596 2613 vera
1638 2565 1888 2612 divinitas,

420 2666 549 2716 Istos
594 2681 711 2715 vero
752 2666 871 2716 deos
912 2666 1123 2716 selectos
1162 2666 1384 2716 videmus
1424 2666 1623 2730 quidem
1665 2666 1844 2714 clarius
1882 2666 1976 2719 in·-x

272 2741 492 2789 notuisse
535 2755 681 2805 quam
721 2745 936 2805 ceter08‚
985 2755 1084 2789 non
1123 2746 1287 2789 tamen
1326 2747 1382 2789 ut
1421 2755 1594 2789 eorum
1633 2739 1953 2788 inlustraren-

390 2886 416 2926 6
450 2882 505 2926 de
539 2881 745 2926 delubris
777 2882 822 2925 A
853 2882 930 2937 (cf.
964 2895 999 2927 c.
1032 2885 1091 2927 33
1121 2881 1223 2938 fisa.)
1243 2883 1260 2938 ΙΙ
1286 2887 1338 2926 16
1373 2881 1564 2926 deorum
1595 2894 1620 2925 v
