2020 3122
237 147 341 200 ‘2¹88
906 155 941 189 s.
966 154 1242 190 AUGUSTINI

914 307 1110 362 CAPUT
1140 307 1232 360 XI.
1279 370 1281 372 ,

236 420 312 468 De
358 417 737 479 coynominibus
784 416 937 475 Iovi3‚
986 430 1118 476 quae
1163 429 1262 464 non
1311 417 1383 464 ad
1427 416 1605 463 multos
1645 415 1787 476 deos,
1833 414 1927 462 sed
1978 407 1980 409 ’

600 493 671 540 ad
707 504 860 540 unum
901 491 1215 550 eundemque
1254 487 1569 550 referuntur.

388 594 629 643 Dixerunt
669 608 781 642 eum
820 591 1090 657 Victorem,
1145 592 1407 656 Invictum,
1448 590 1724 656 opitulum,
1762 589 1926 654 Inpul-

188 679 214 718 5
249 683 436 734 sorem,
477 667 737 732 Statorem,
778 662 1179 732 Centumpedam,
1220 664 1519 731 Supinalem,
1558 662 1810 729 Tigillum,
1849 663 1926 711 Al-

247 757 397 808 mum,
437 741 703 790 Ruminum
738 747 786 788 et
825 739 915 788 alia
955 754 1079 803 quae
1119 740 1353 803 persequi
1391 738 1593 802 longum
1633 743 1721 786 est.
1797 736 1928 785 Haec

249 822 412 865 autem
445 815 734 878 cognomina
766 815 1094 878 inposuerunt
1134 814 1220 861 uni
1260 812 1350 860 deo
1390 817 1594 876 propter
1633 825 1805 859 causas
1842 826 1927 875 po-

250 895 553 952 testatesque
588 887 819 952 diversaS,
860 901 959 935 non
991 893 1155 935 tamen
1195 892 1400 950 propter
1439 891 1513 933 tot
1550 899 1632 933 res
1671 886 1819 933 etiam
1858 891 1930 933 tot

251 962 369 1011 deos
417 977 530 1010 eum
586 975 693 1009 esse
743 966 1035 1024 coegerunt:
1083 959 1213 1023 quod
1254 961 1415 1007 omnia
1454 959 1694 1024 vinceret,
1735 958 1866 1022 quod
1905 974 1930 1007 a

163 1047 218 1086 10
251 1037 446 1099 nemine
487 1036 792 1099 vinceretur,
839 1033 970 1097 quod
1020 1048 1162 1097 opem
1203 1031 1539 1096 indigentibus
1578 1031 1752 1096 ferret,
1799 1031 1929 1096 quod

247 1108 454 1157 haberet
486 1107 768 1174 inpellendi,
808 1106 1071 1173 statuendi,
1111 1105 1405 1172 stabiliendi,
1444 1104 1765 1170 resupinandi
1794 1113 1930 1171 pote-

250 1189 441 1248 statem,
481 1181 611 1246 quod
643 1187 892 1246 tamquam
924 1180 1108 1244 tigillus
1141 1179 1382 1229 mundum
1413 1181 1692 1228 contineret
1730 1194 1785 1228 ac
1825 1194 1929 1228 sus-

249 1258 453 1321 tineret,
503 1255 632 1319 quod
684 1254 836 1303 aleret
883 1256 1067 1319 omnia,
1115 1253 1245 1318 qucd
1291 1269 1453 1320 ruma,
1499 1252 1548 1301 id
1596 1259 1671 1302 est
1709 1267 1933 1318 mamma,

253 1329 407 1378 aleret
462 1328 699 1377 animalia.
777 1328 831 1376 In
871 1327 970 1393 his,
1016 1334 1072 1376 ut
1111 1328 1431 1394 advertimus,
1484 1326 1719 1390 quaedam
1761 1341 1934 1391 magna

167 1414 221 1453 15
255 1410 385 1468 sunt,
426 1402 664 1466 quaedam
697 1404 892 1467 exigua;
933 1408 982 1451 et
1013 1408 1177 1450 tamen
1211 1416 1340 1450 unus
1379 1407 1587 1464 utraque
1628 1401 1789 1448 facere
1821 1415 1931 1465 per·

252 1475 464 1525 hibetur.
542 1475 668 1524 Puto
716 1476 847 1524 inter
895 1490 947 1524 se
993 1477 1348 1540 propinquiora
1395 1489 1504 1523 esse
1553 1489 1725 1522 causas
1764 1489 1934 1523 rerum

249 1556 395 1613 atque
444 1549 740 1615 primordia,
793 1555 998 1613 propter
1047 1564 1166 1613 quas
1214 1563 1296 1597 res
1335 1563 1490 1597 unum
1531 1548 1771 1596 mundum
1810 1547 1934 1596 duos

254 1623 372 1671 deos
413 1638 521 1671 esse
561 1622 840 1688 voluerunt,
878 1622 1043 1671 Iovem
1083 1629 1227 1686 atque
1267 1621 1453 1688 lanum,
1494 1636 1639 1685 quam
1679 1623 1932 1670 continere

253 1696 492 1746 mundum
526 1703 575 1744 et
605 1711 863 1745 mammam
895 1695 1012 1745 dare
1045 1695 1356 1762 animalibus5
1396 1710 1488 1744 nec
1528 1702 1691 1743 tamen
1730 1700 1935 1760 propter

165 1783 221 1822 20
254 1770 374 1819 haec
407 1785 556 1834 opera
590 1769 685 1819 duo
719 1776 818 1819 tam
850 1770 993 1834 longe
1032 1771 1164 1819 inter
1203 1785 1254 1818 se
1295 1771 1341 1817 vi
1381 1775 1430 1818 et
1469 1768 1702 1833 dignitate
1745 1768 1936 1817 diversa

253 1845 350 1893 duo
406 1843 473 1892 dii
521 1859 629 1892 esse
681 1843 923 1908 compulsi
971 1850 1108 1909 sunt3
1163 1843 1249 1892 sed
1298 1858 1426 1892 unus
1473 1842 1695 1907 Iuppiter
1732 1848 1937 1907 propter

248 1917 369 1966 illud
417 1916 637 1982 Tigillus‚
676 1923 882 1982 propter
919 1916 1013 1966 hoc
1053 1916 1296 1966 Ruminus
1337 1915 1608 1981 appellatus
1648 1921 1736 1965 est.
1812 1915 1934 1964 Nolo

252 1990 448 2056 dicere,
505 1990 636 2055 quod
692 1990 983 2039 animalibus
1038 2005 1298 2039 mammam
1351 1989 1589 2055 praebere
1646 1988 1936 2053 sugentibus

251 2066 404 2128 magis
429 2063 669 2113 Iunonem
699 2066 861 2128 potuit
893 2064 1069 2113 decere
1105 2079 1250 2128 quam
1274 2064 1452 2130 lovem,
1490 2065 1783 2128 praesertim
1822 2077 1935 2111 cum

160 2149 215 2188 25
254 2144 385 2186 esset
442 2138 588 2186 etiam
636 2137 743 2186 diva
782 2137 1015 2204 Rumina,
1071 2153 1195 2202 quae
1243 2139 1293 2186 in
1340 2137 1433 2186 hoc
1474 2152 1597 2201 opus
1637 2135 1936 2185 adiutorium

251 2210 320 2259 illi
351 2210 696 2260 famulatumve
729 2210 1005 2276 praeberet.
1085 2211 1255 2276 Cogito
1288 2213 1418 2259 enim
1451 2225 1596 2275 posse
1628 2209 1935 2275 responderi,

253 2290 302 2332 et
352 2286 508 2349 ipsam
546 2283 786 2333 lunonem
838 2284 960 2333 nihil
1008 2284 1138 2333 aliud
1178 2300 1286 2333 esse
1335 2299 1482 2349 quam
1519 2283 1706 2349 Iovem,
1761 2298 1934 2332 secun-

254 2357 372 2407 dum
411 2357 519 2406 illos
558 2356 737 2406 Valerii
777 2357 952 2406 Sorani
991 2373 1180 2424 verst1S,
1219 2357 1306 2406 ubi
1346 2358 1532 2407 dictum
1571 2364 1668 2406 est:

398 2462 629 2523 Iuppiter
668 2461 978 2522 omnipotens
1019 2478 1196 2524 regum
1234 2476 1500 2523 rerumque
1540 2462 1784 2523 deumque

161 2547 217 2587 30
399 2535 698 2597 Progenitor
735 2536 1059 2597 genetrixque
1099 2536 1260 2584 deum.

257 2637 419 2695 Quare
467 2652 583 2701 ergo
632 2637 793 2686 dictus
842 2644 916 2685 est
957 2643 1005 2686 et
1042 2636 1309 2703 Ruminus,
1361 2650 1474 2684 cum
1514 2635 1798 2699 diligentius
1839 2635 1934 2683 sor-

257 2719 384 2760 tasse
441 2709 792 2775 quaerentibus
842 2712 947 2774 ipse
1002 2711 1279 2759 inveniatur
1335 2725 1441 2758 esse
1498 2712 1643 2758 etiam
1697 2708 1777 2757 illa
1828 2707 1934 2756 diva

370 2888 425 2926 22
457 2883 545 2926 hoc
576 2881 744 2935 AKR·
776 2881 892 2926 illud
924 2895 948 2926 v
