2038 3152
632 153 699 184 DE
724 151 962 185 01V1TATE
986 153 1074 185 DEI
1098 154 1141 186 L.
1167 154 1196 185 1.
1221 153 1258 186 c.
1283 154 1337 187 24.
1754 147 1824 199 39

136 278 350 328 nemque
383 263 603 312 hostium
635 263 767 312 ferre
801 279 950 327 quam
982 263 1076 312 sibi
1107 279 1281 312 necem
1311 266 1497 315 inferre
1531 266 1825 335 maluerunt,

135 337 312 389 Catoni
353 337 716 402 praeferamus;
763 337 851 386 sed
899 352 959 386 ex
1007 337 1186 387 litteris
1226 352 1398 388 eorum
1438 340 1648 390 eundem
1687 341 1825 390 illum

139 411 305 460 Marco
354 409 529 460 Catoni
581 409 802 460 Marcum
854 410 1098 475 Regulum
1155 412 1446 475 praeferam.
1523 412 1641 462 Cato
1694 417 1823 463 euim

135 499 405 548 numquam
430 483 689 533 Caesarem
712 485 910 550 vicerat,
950 485 1030 533 cui
1068 485 1227 532 victus
1266 485 1555 549 dedignatus
1597 493 1671 535 est
1710 488 1823 537 sub-

134 559 200 608 ici
251 565 321 624 et,
370 572 432 606 ne
461 556 817 623 subiceretur,
871 573 897 606 a
937 573 989 606 se
1039 559 1147 622 ipso
1187 557 1335 622 elegit
1374 559 1552 609 occidi:
1606 559 1822 624 Regulus
1856 573 1882 612 5

138 638 303 680 autem
350 630 542 680 Poenos
588 633 686 679 iam
731 633 917 680 vicerat
963 633 1271 695 imperioque
1315 631 1535 681 Romano
1575 633 1823 683 Romanus

135 707 406 770 imperator
444 719 544 753 non
584 720 644 753 ex
683 704 872 754 civibus
913 704 1193 770 dolendam,
1234 705 1320 753 sed
1361 720 1419 754 ex
1458 705 1684 756 hostibus
1723 707 1821 757 lau-

135 778 346 828 dandam
370 779 623 827 victoriam
649 784 1009 844 reportaverat3
1050 778 1109 826 ab
1142 780 1214 827 eis
1254 784 1418 827 tamen
1457 786 1627 843 postea
1665 781 1822 829 victus

137 851 307 901 maluit
348 867 432 900 eos
465 852 595 900 ferre
630 853 887 901 serviendo
928 867 1075 916 quam
1115 853 1185 900 eis
1225 867 1278 900 se
1319 853 1514 900 auferre
1554 854 1822 902 moriendo

135 925 348 975 Proinde
375 927 584 974 servavit
609 931 658 974 et
683 925 774 974 sub
793 925 1271 991 Carthaginiensium
1289 926 1618 975 dominatione
1636 928 1821 990 patien-
1858 939 1911 978 10

136 1001 255 1048 tiam
293 1005 343 1048 et
381 1000 432 1047 in
456 998 791 1048 Romanorum
823 999 1085 1048 dilectione
1127 1001 1469 1065 constantiam,
1509 1015 1599 1048 nec
1640 1002 1823 1049 victum

137 1073 368 1122 auferens
408 1087 590 1136 corpus
622 1071 680 1121 ab
713 1072 938 1122 hostibus
977 1087 1069 1121 nec
1108 1074 1347 1121 invictum
1387 1074 1603 1122 animum
1643 1088 1668 1121 a
1708 1076 1822 1122 civi·-

135 1146 245 1195 buS.
320 1144 422 1194 Nec
474 1146 606 1209 quod
654 1161 707 1195 se
758 1146 985 1195 occidere
1041 1146 1221 1211 noluit,
1277 1148 1402 1195 vitae
1452 1146 1600 1196 huius
1655 1161 1820 1196 amore

136 1220 266 1268 fecit.
342 1218 448 1267 Hoc
479 1218 718 1285 probavit,
758 1235 872 1268 cum
911 1235 1058 1268 causa
1095 1221 1328 1284 promissi
1366 1221 1587 1283 iurisque
1628 1221 1822 1270 iurandi

134 1294 195 1342 ad
227 1292 430 1342 eosdem
459 1292 644 1358 hosteS,
685 1308 809 1357 quos
848 1295 1046 1358 gravius
1084 1295 1136 1341 in
1176 1298 1349 1342 senatu
1388 1292 1552 1341 verbis
1593 1308 1738 1356 quam
1769 1295 1821 1342 in
1857 1305 1909 1344 15

135 1366 264 1416 bello
319 1367 468 1414 armis
527 1366 827 1433 offenderat,
882 1368 988 1415 sine
1050 1365 1149 1415 ulla
1213 1365 1517 1414 dubitatione
1573 1368 1821 1415 remeavit.

134 1440 323 1490 Tantus
369 1441 534 1504 itaque
580 1442 708 1489 vitae
758 1440 907 1489 huius
959 1446 1291 1505 contemptor,
1338 1454 1452 1488 cum
1491 1439 1821 1489 saevientibus

134 1513 361 1563 hostibus
405 1528 497 1578 per
544 1513 788 1578 quaslibet
834 1529 1018 1579 poenas
1067 1528 1174 1562 eam
1227 1513 1369 1562 finire
1418 1528 1564 1577 quam
1611 1528 1662 1562 se
1715 1515 1820 1578 ipse

134 1589 381 1652 perimere
421 1587 614 1653 maluit,
660 1602 893 1653 magnum
933 1587 1095 1636 scelus
1135 1602 1271 1653 esse,
1311 1588 1353 1635 si
1393 1602 1444 1635 se
1483 1586 1630 1635 homo
1669 1588 1819 1636 inter-

134 1663 267 1727 imat,
305 1660 480 1725 procul
520 1660 667 1711 dubio
706 1661 953 1711 iudicavit.
1029 1660 1164 1710 Inter
1197 1675 1369 1709 omnes
1397 1675 1514 1709 suos
1552 1659 1820 1710 laudabiles
1853 1670 1910 1711 20

134 1741 186 1784 et
217 1735 414 1785 virtutis
437 1734 713 1799 insignibus
744 1735 983 1784 inlustres
1021 1736 1152 1783 viros
1192 1749 1291 1782 non
1330 1734 1592 1798 proferunt
1615 1733 1822 1782 Romani

134 1807 412 1874 meliorem,
459 1823 607 1873 quem
645 1824 805 1874 neque
847 1808 1054 1858 felicitas
1094 1809 1398 1872 corruperit,
1446 1822 1558 1856 nam
1596 1808 1648 1855 in
1687 1813 1821 1856 tanta

135 1883 340 1931 victoria
378 1884 557 1932 mansit
602 1884 971 1948 pauperrimus;
1019 1897 1110 1931 nec
1150 1881 1411 1930 infelicitas
1451 1881 1668 1946 fregerit,
1709 1895 1819 1928 nam

134 1956 195 2005 ad
235 1961 369 2005 tanta
408 1957 555 2005 exitia
593 1958 798 2006 revertit
828 1955 1119 2020 intrepidus.
1196 1954 1351 2003 Porro
1394 1955 1435 2003 si
1474 1954 1731 2002 fortissimi
1771 1959 1820 2002 et

134 2028 514 2094 praeclarissimi
561 2031 653 2078 viri
692 2037 917 2079 terrenae
958 2031 1143 2094 patriae
1185 2028 1472 2077 defensores
1513 2027 1818 2091 deorumque
1853 2037 1908 2077 25

135 2103 252 2152 licet
275 2102 526 2169 falsorum,
566 2111 854 2152 nontamen
887 2102 1083 2152 fallaces
1122 2101 1354 2167 cultoreS,
1393 2101 1481 2150 sed
1519 2101 1820 2149 veracissimi

130 2178 283 2226 etiam
306 2178 566 2241 iuratoreS,
606 2179 691 2241 qui
714 2176 884 2226 hostes
917 2178 1072 2226 victos
1096 2190 1234 2224 more
1275 2190 1330 2223 ac
1369 2176 1476 2224 iure
1516 2173 1633 2222 belli
1671 2173 1819 2222 ferire

134 2256 428 2316 potuerunt,
477 2249 528 2298 hi
575 2250 635 2299 ab
674 2249 901 2300 hostibus
939 2251 1056 2299 victi
1096 2265 1148 2298 se
1187 2251 1323 2313 ipsos
1363 2249 1511 2297 ferire
1553 2246 1818 2296 noluerunt

133 2326 201 2389 et,
239 2338 353 2372 cum
376 2330 587 2372 mortem
612 2326 812 2373 minime
854 2320 1189 2389 formidarent,
1228 2323 1440 2371 victores
1471 2328 1635 2370 tamen
1667 2320 1817 2368 domi·

137 2412 227 2445 nos
266 2398 397 2446 ferre
423 2412 571 2461 quam
595 2413 703 2446 eam
742 2397 837 2446 sibi
875 2398 1059 2446 inferre
1101 2395 1404 2445 maluerunt:
1444 2400 1626 2458 quanto
1665 2393 1819 2456 magis
1850 2402 1907 2441 30

135 2469 422 2536 Christiani,
473 2485 647 2520 verum
686 2471 842 2520 Deum
882 2470 1101 2519 colentes
1141 2476 1190 2518 et
1230 2483 1472 2533 supernae
1513 2468 1696 2531 patriae
1737 2480 1817 2514 su-

134 2545 403 2609 spirantes,
457 2543 516 2592 ab
570 2544 663 2593 hoc
719 2545 935 2593 facinore
991 2542 1361 2607 temperabunt,
1424 2543 1465 2589 si
1519 2555 1603 2588 eos
1657 2539 1817 2586 divina

256 2705 281 2743 2
315 2713 476 2743 eorum
514 2700 712 2744 eundem
749 2699 884 2742 illum
923 2699 1044 2751 KF;
1084 2698 1335 2743 eorundem
1375 2696 1509 2739 illum
1547 2695 1616 2745 A;
1657 2706 1815 2736 eorum

136 2757 289 2801 eidem
312 2758 422 2802 illiv
445 2760 461 2815 ΙΙ
484 2764 510 2802 3
528 2758 842 2814 praeferamus
859 2772 885 2802 v
909 2760 924 2814 ΙΙ
949 2763 974 2801 5
994 2757 1167 2814 delegit
1183 2757 1228 2799 A
1251 2758 1266 2812 ss
1293 2760 1344 2799 15
1377 2767 1517 2810 quam
1539 2752 1661 2818 bello
1678 2750 1777 2794 AF
1802 2749 1817 2807 Η

138 2821 195 2859 20
225 2816 452 2861 indicauit
482 2817 533 2860 F
550 2819 567 2874 ΙΙ
591 2823 644 2861 21
676 2816 865 2861 uirtutis
899 2815 1012 2868 (Hs,-
1043 2815 1239 2859 uirtu‘tes
1271 2813 1411 2865 AF¹;
1441 2810 1690 2855 uirtutibus
1724 2808 1818 2861 F²,·

135 2874 364 2918 uirtutum
393 2890 419 2919 υ
442 2877 458 2932 11
482 2881 539 2919 24
569 2876 764 2920 reuertit
795 2876 896 2928 KQ·
927 2874 1177 2918 reuertitur
1208 2872 1305 2916 AF
