2020 3122
113 930 167 970 10

113 1299 167 1338 15

113 1666 168 1705 20

114 2033 169 2072 25

114 2400 170 2439 30

198 133 266 185 88
862 143 899 177 S.
924 142 1199 178 Auens'rnn

197 257 478 306 mandatum
519 263 596 306 est
619 254 678 304 ab
719 255 892 305 eodem
918 256 1029 304 Iove
1068 271 1159 320 per
1197 255 1404 305 militem
1444 255 1689 319 quendam
1725 257 1874 323 legio·

197 333 274 379 nis
315 337 495 396 sextae,
532 332 672 395 prius
713 345 766 379 se
798 329 857 379 de
882 329 1160 378 Mithridate
1200 331 1575 394 praenuntiasse
1607 332 1879 399 victoriam,

198 411 247 454 et
270 411 389 454 tunc
413 406 703 469 promittere
729 403 960 453 daturum
992 418 1044 452 se
1074 408 1383 468 potestatem,
1424 418 1519 467 qua
1558 414 1879 470 recuperaret

198 477 257 527 ab
296 480 508 527 inimicis
532 493 640 527 rem
662 477 909 542 publicam
948 492 1048 526 nou
1088 479 1193 526 sine
1234 476 1387 526 multo
1428 478 1680 541 sanguine.
1749 478 1878 528 Tum

197 543 515 616 percontatus
557 551 710 618 Sulla,
751 566 873 615 quae
914 552 1071 599 forma
1109 550 1252 599 militi
1291 551 1393 598 visa
1431 550 1606 617 fuerit,
1646 567 1761 600 cum
1798 553 1879 603 ille

197 625 477 691 indicasset,
517 640 624 675 eam
648 625 937 674 recordatus
963 631 1054 689 est,
1094 639 1239 688 quam
1262 625 1402 688 prius
1436 623 1494 672 ab
1519 624 1601 672 illo
1641 625 1879 692 audierat,

199 701 285 763 qui
323 699 383 748 de
415 699 741 749 Mithridatica
772 700 977 748 victoria
1016 698 1075 747 ab
1116 698 1290 747 eodem
1328 697 1554 746 mandata
1591 699 1879 763 pertulerat.

200 772 328 830 Quid
378 773 458 822 hic
508 773 799 838 responderi
848 778 1032 837 potest,
1085 786 1236 836 quare
1293 771 1360 820 dii
1415 774 1696 822 curaverint
1746 774 1882 824 velut

199 847 356 896 felicia
409 849 502 896 ista
551 848 806 912 nuntiare,
857 852 907 894 et
956 845 1121 895 nullus
1175 860 1347 893 eorum
1398 847 1646 895 curaverit
1695 846 1880 897 Sullam

198 920 442 969 monendo
495 922 745 984 corrigere
803 919 928 968 mala
975 925 1110 968 tanta
1165 919 1413 967 facturum
1461 918 1683 968 scelestis
1731 923 1881 971 armis

199 994 437 1060 civilibUS,
478 994 637 1058 qualia
676 1007 775 1041 non
800 992 1071 1055 foedarent,
1112 992 1198 1040 sed
1239 991 1495 1040 auferrent
1534 994 1733 1042 omnino
1773 1009 1880 1045 rem

197 1065 479 1132 publicam?
531 1067 718 1131 Nempe
742 1066 1099 1130 intelleguntur
1123 1065 1401 1131 daemones,
1441 1067 1571 1115 sicut
1603 1081 1748 1132 saepe
1781 1068 1882 1118 dixi

198 1147 469 1206 notumque
515 1139 658 1189 nohis
707 1146 782 1189 est
829 1141 881 1188 in
927 1140 1106 1188 litteris
1155 1142 1308 1189 sacris
1357 1154 1538 1203 resque
1587 1141 1720 1204 ipsae
1762 1145 1880 1192 satis

197 1215 436 1280 indicant,
476 1216 730 1279 negotium
770 1229 914 1263 suum
954 1228 1127 1278 agere,
1167 1221 1223 1262 ut
1259 1227 1350 1278 pro
1391 1214 1484 1263 diis
1515 1213 1791 1264 habeantur
1830 1224 1880 1266 et

200 1289 424 1338 colantur
449 1295 498 1337 et
515 1303 570 1336 ea
586 1287 681 1336 illis
707 1286 1045 1352 exhibeantur,
1071 1286 1251 1351 quibus
1268 1287 1319 1335 hi
1344 1289 1429 1351 qui
1453 1287 1688 1336 exhibent
1712 1291 1884 1339 sociati

199 1378 347 1412 unam
384 1364 649 1426 pessimam
689 1376 885 1410 causam
925 1376 1038 1410 cum
1079 1362 1149 1409 eis
1187 1360 1398 1410 habeant
1436 1363 1487 1410 in
1526 1361 1708 1410 iudicio
1749 1362 1851 1412 Dei.

347 1435 533 1485 Deinde
574 1451 688 1484 cum
725 1437 941 1484 venisset
964 1435 1234 1484 Tarentum
1267 1433 1400 1484 Sulla
1439 1441 1585 1499 atque
1624 1434 1694 1484 ibi
1733 1439 1881 1487 sacri-

200 1511 415 1575 ficasset,
461 1509 581 1558 vidit
626 1511 678 1558 in
729 1510 886 1573 capite
926 1508 1124 1557 vitulini
1162 1510 1341 1557 iecoris
1382 1507 1758 1559 similitudinem
1797 1526 1877 1560 co-

200 1599 349 1632 ronae
398 1598 589 1632 aureae.
667 1582 806 1631 Tunc
853 1581 1136 1632 Postumius
1191 1582 1437 1646 haruspex
1490 1581 1571 1631 ille
1622 1585 1879 1648 respondit

198 1657 501 1722 praeclaram
549 1658 594 1705 ei
645 1656 909 1720 significari
948 1658 1204 1705 victoriam
1242 1658 1484 1720 iussitque
1524 1662 1579 1705 ut
1619 1659 1746 1706 extis
1785 1658 1882 1708 illis

202 1731 335 1780 solus
360 1738 659 1779 vesceretur.
735 1730 912 1779 Postea
935 1745 1085 1795 parvo
1115 1729 1371 1779 intervallo
1413 1745 1586 1778 servus
1627 1732 1883 1782 cuiusdam

200 1803 340 1853 Lucii
363 1804 527 1853 Pontii
564 1804 870 1853 vaticinando
905 1804 1148 1853 clamavit:
1186 1802 1226 1851 A
1250 1802 1450 1852 Bellona
1480 1805 1686 1853 nuntius
1725 1808 1884 1872 veni0,

200 1879 404 1926 victoria
443 1885 527 1926 tua
566 1884 656 1944 est,
698 1877 844 1926 Sulla.
921 1877 1108 1927 Deinde
1157 1876 1335 1926 adiecit
1374 1892 1603 1926 arsurum
1644 1893 1753 1927 esse
1795 1879 1881 1928 Ca-

200 1950 440 2015 pitolium.
516 1950 620 1999 Hoc
661 1966 774 2000 cum
813 1951 1042 2012 dixisset,
1095 1953 1329 2001 continuo
1371 1966 1601 2015 egressus
1641 1966 1667 2000 6
1709 1955 1885 2002 castris

200 2030 401 2088 postero
441 2024 518 2072 die
567 2027 858 2074 concitatior
897 2040 1128 2074 reversus
1169 2031 1244 2074 est
1283 2033 1333 2073 et
1372 2023 1666 2088 Capitolium
1705 2028 1884 2076 arsisse

203 2097 439 2146 clamavit.
516 2096 716 2146 Arserat
755 2105 920 2147 autem
958 2113 1013 2146 re
1051 2113 1167 2146 vera
1207 2097 1513 2162 Capitolium.
1574 2098 1734 2156 ’Quod
1776 2102 1881 2164 qui-

204 2170 315 2219 dem
353 2170 579 2219 daemoni
629 2178 678 2220 et
722 2171 1008 2235 praevidere
1056 2170 1196 2219 facile
1236 2172 1330 2220 fuit
1370 2177 1419 2220 et
1459 2171 1718 2220 celerrime
1758 2188 1883 2222 nun-

202 2245 339 2293 tiare.
415 2243 540 2292 Illud
581 2259 695 2292 sane
742 2245 966 2310 intende,
1014 2243 1145 2308 quod
1185 2243 1245 2291 ad
1286 2259 1482 2293 causam
1522 2247 1730 2294 maxime
1769 2261 1883 2310 per-

201 2319 349 2383 tinet,
403 2317 495 2365 sub
550 2317 776 2381 qualibus
831 2318 924 2366 diis
978 2332 1087 2365 esse
1144 2319 1367 2382 cupiant,
1423 2319 1508 2381 qui
1546 2317 1887 2382 blasphemant

204 2390 505 2439 Salvatorem
527 2391 804 2440 voluntates
835 2390 1054 2439 fidelium
1086 2405 1112 2438 a
1145 2389 1397 2439 dominatu
1431 2390 1726 2441 daemonum
1765 2392 1884 2442 libe-

202 2470 406 2513 rantem.
485 2463 718 2513 Clamavit
766 2464 912 2513 homo
967 2463 1297 2512 vaticinando:
1349 2463 1602 2530 „Victoria
1658 2471 1742 2514 tua
1798 2473 1887 2532 est,

203 2533 380 2603 Sulla“,
420 2544 567 2601 atque
591 2544 647 2587 ut
670 2538 719 2586 id
759 2537 922 2587 divino
964 2538 1140 2601 spiritu
1164 2537 1374 2586 clamare
1415 2538 1725 2605 crederetur,
1760 2554 1886 2588 nun-

201 2612 337 2659 tiavit
362 2613 509 2660 etiam
533 2610 717 2675 aliquid
742 2618 790 2660 et
814 2626 968 2676 prope
1009 2611 1233 2659 futurum
1277 2617 1325 2659 et
1363 2626 1476 2659 mox
1515 2612 1716 2678 factum,
1755 2612 1887 2662 unde

318 2757 347 2795 4
376 2751 627 2808 populiA‚·
657 2754 846 2809 itemque
869 2758 923 2797 12
948 2754 964 2809 fl
989 2752 1118 2797 Tunc
1141 2766 1167 2796 v
1190 2753 1206 2807 [1
1231 2756 1285 2795 15
1309 2751 1361 2795 111
1377 2752 1497 2805 AF;
1527 2752 1597 2795 hii
1629 2753 1728 2807 K¹,-
1757 2753 1794 2797 ii
1823 2767 1850 2797 v
1874 2754 1889 2811 ΙΙ

200 2809 333 2912 3331}
353 2824 447 2913 ἔφη
479 2811 547 2855 Al
581 2813 598 2868 ll
635 2811 890 2868 significari
933 2812 1123 2868 scripsi;
1161 2810 1421 2868 significare
1453 2811 1624 2855 AKFv
1663 2813 1679 2868 ΙΙ
1720 2816 1775 2856 25
1807 2825 1889 2868 po-
