2020 3122
217 592 243 632 5

187 962 242 1001 10

188 1328 239 1367 15

183 2489 240 2527 30

277 167 385 218 402
967 176 1002 209 s,
1025 176 1298 210 AUGUSTm

279 291 425 338 etiam
481 289 574 338 sibi
629 304 689 338 an
744 295 935 338 tantum
987 288 1087 337 Deo
1143 304 1255 354 suc,
1308 290 1392 352 qui
1447 290 1593 337 etiam
1647 297 1817 339 noster
1871 297 1966 358 est,

277 363 465 428 placeat
513 365 584 411 eis
624 369 679 411 ut
727 377 863 411 sacra
911 362 1145 411 faciamus
1186 369 1235 410 et
1260 362 1637 428 ’sacrificemUS,
1687 363 1762 412 vel
1802 364 1962 429 aliqua

277 442 446 485 nostra
487 451 574 484 seu
615 451 706 484 nos
744 437 878 500 ipsos
918 435 1170 500 religionis
1209 434 1388 484 ritibus
1428 450 1789 486 consecremus,

425 509 515 558 Hic
563 516 639 558 est
686 511 815 558 enim
856 509 1096 558 divinitati
1135 508 1233 574 vel,
1280 510 1321 556 si
1369 510 1650 573 expressius
1698 510 1960 560 dicendum

278 590 373 649 est,
414 583 583 632 deitati
622 582 818 632 debitus
851 582 1028 648 cultuS,
1066 588 1271 646 propter
1310 597 1456 646 quem
1491 597 1591 630 uno
1622 583 1772 631 verbo
1813 586 1963 649 signi·

273 656 541 723 ficandum,
581 658 810 721 quoniam
851 656 970 704 mihi
1010 657 1125 703 satis
1165 655 1396 704 idoneum
1436 670 1535 704 non
1575 658 1793 706 occurrit
1831 657 1959 707 Lati-

275 746 415 796 num,
464 729 648 779 Graeco
688 729 773 778 ubi
814 744 1017 778 necesse
1067 735 1142 776 est
1187 730 1384 777 insinuo
1426 729 1542 793 quid
1589 729 1733 779 velim
1778 730 1958 780 dicere.
2019 762 2020 797 ᾗ

278 804 526 868 Λατρείαν
565 805 746 868 quippe
792 804 972 868 nostri,
1020 801 1320 866 ubicumque
1363 809 1642 851 sanctarum
1690 805 1958 869 scriptura·
2019 799 2020 818 l

274 893 385 926 rum
439 880 654 941 positum
712 882 809 941 est,
864 877 1176 940 interpretati
1231 882 1346 924 sunt
1386 877 1686 925 servitutem.
1766 877 1862 926 Sed
1902 892 1958 927 ea

276 952 509 1015 servitus,
558 966 680 1014 quae
722 949 930 998 debetur
968 948 1272 1014 hominibus,
1321 949 1593 998 secundum
1635 966 1779 1014 quam
1818 966 1958 1016 prae-

274 1026 394 1088 cipit
433 1023 683 1088 apostolus
732 1038 900 1071 servos
941 1023 1149 1071 dominis
1191 1024 1294 1072 suis
1342 1023 1564 1072 subditos
1612 1039 1721 1073 esse
1761 1025 1959 1092 dehere,

273 1097 366 1146 alio
407 1089 604 1146 nomine
646 1097 830 1145 Graece
878 1098 1155 1161 nuncupari
1203 1096 1348 1163 solet3
1395 1098 1587 1163 λατρεία
1625 1113 1740 1146 vero
1782 1113 1956 1148 secun·

273 1171 390 1220 dum
422 1171 845 1236 consuetudinem,
885 1185 980 1234 qua
1020 1169 1173 1219 locuti
1205 1176 1321 1220 sunt
1361 1172 1445 1234 qui
1477 1170 1618 1219 nobis
1658 1171 1819 1220 divina
1859 1171 1954 1221 elo-

274 1246 387 1309 quia
420 1244 762 1310 condiderunt,
803 1251 886 1293 aut
926 1258 1121 1308 semper
1154 1250 1237 1292 aut
1268 1250 1367 1292 tam
1399 1244 1688 1308 frequenter
1720 1251 1774 1294 ut
1800 1260 1955 1311 paene

274 1333 469 1382 semper
529 1333 584 1367 ea
632 1318 811 1366 dicitur
860 1320 1092 1383 servitUS,
1140 1333 1263 1382 quae
1319 1319 1537 1382 pertinet
1590 1318 1648 1367 ad
1697 1318 1958 1368 colendum

274 1391 443 1440 Deum.
506 1391 719 1439 Proinde
768 1392 810 1439 si
857 1391 1195 1440 tantummodo
1237 1391 1399 1440 cultus
1437 1393 1542 1456 ipse
1583 1392 1802 1458 dicatur,
1857 1407 1956 1441 non

274 1464 365 1513 soli
397 1465 497 1513 Deo
540 1464 709 1513 deberi
741 1464 948 1513 videtur.
1012 1463 1231 1513 Dicimur
1265 1466 1395 1513 enim
1428 1465 1590 1514 colere
1626 1467 1771 1514 etiam
1803 1466 1956 1515 homi-

273 1554 386 1603 neS,
433 1554 557 1602 quos
603 1538 870 1586 honorifica
910 1537 986 1586 vel
1033 1538 1373 1587 recordatione
1414 1538 1490 1587 vel
1535 1541 1813 1603 praesentia
1860 1540 1956 1588 fre·

273 1619 582 1676 quentamus
644 1610 746 1660 Nec
780 1611 938 1660 solum
971 1626 1040 1676 ea,
1081 1611 1261 1674 quihus
1294 1626 1384 1660 nos
1415 1611 1643 1676 religiosa
1682 1612 1956 1662 humilitate

275 1684 567 1750 subicimuS,
608 1684 693 1733 sed
734 1685 971 1749 quaedam
1011 1686 1179 1751 etiam,
1220 1700 1344 1749 quae
1385 1683 1607 1734 subiecta
1646 1693 1762 1735 sunt
1800 1686 1958 1752 nobiS,

270 1758 597 1823 perhibentur
630 1758 737 1808 coli.
799 1758 921 1807 Nam
955 1773 1013 1807 ex
1044 1758 1138 1807 hoc
1171 1757 1322 1807 verbo
1356 1765 1405 1807 et
1437 1758 1676 1823 agricolae
1711 1766 1759 1809 et
1795 1759 1956 1808 coloni

272 1839 320 1881 et
359 1832 546 1881 incolae
581 1838 840 1898 vocantur,
882 1838 930 1880 ct
969 1834 1103 1896 ipsos
1144 1833 1262 1881 deos
1303 1847 1401 1880 non
1439 1831 1501 1880 ob
1542 1832 1671 1881 aliud
1711 1833 1956 1898 appellant

271 1905 548 1972 caelicolaS,
588 1908 684 1954 nisi
717 1905 847 1970 quod
882 1905 1068 1954 caelum
1104 1905 1286 1972 colant,
1325 1921 1423 1954 non
1458 1907 1628 1970 utique
1663 1907 1955 1973 venerand0‚

272 1980 355 2028 sed
411 1979 750 2045 inhabitandO,
805 1986 1052 2043 tamquam
1108 1979 1229 2028 caeli
1284 1979 1521 2043 quosdam
1575 1979 1796 2047 colonos;
1854 1995 1954 2029 non

216 2061 232 2071 “
271 2055 400 2102 sicut
439 2053 745 2117 appellantur
785 2053 966 2118 coloni,
1015 2055 1100 2117 qui
1140 2053 1480 2102 condicionem
1527 2052 1709 2103 dehent
1756 2052 1955 2119 genitali

271 2125 389 2191 scic,
428 2133 631 2190 propter
672 2126 1022 2191 agriculturam
1062 2127 1153 2176 sub
1195 2126 1410 2175 dominio
1451 2141 1811 2194 possessorum,
1852 2125 1952 2193 sed,

271 2201 399 2248 sicut
439 2201 504 2248 ait
545 2200 742 2263 quidam
781 2199 941 2249 Latini
981 2199 1164 2265 eloquii
1202 2215 1409 2264 magnus
1450 2206 1643 2250 auctor:

417 2304 549 2351 Urbs
591 2304 796 2365 antiqua
832 2304 949 2364 fuit,
990 2304 1132 2366 Tyrii
1171 2307 1378 2352 tenuere
1418 2305 1591 2353 coloni.

273 2405 344 2454 Ah
385 2404 643 2454 incolendo
678 2406 807 2453 enim
841 2405 1040 2454 colonos
1072 2407 1282 2473 vocavit,
1322 2421 1422 2454 non
1453 2405 1765 2470 agricultura.
1827 2405 1951 2455 Hinc

274 2485 323 2528 et
361 2480 583 2527 civitates
623 2494 648 2526 a
689 2477 956 2526 maioribus
1005 2479 1283 2528 civitatibus
1322 2479 1455 2528 velut
1500 2479 1796 2544 populorum
1843 2494 1950 2528 exa·

272 2551 487 2601 minibus
529 2551 752 2600 conditae
794 2551 1012 2600 coloniae
1053 2559 1415 2617 nuncupantur.
1484 2553 1552 2601 Ac
1590 2568 1679 2617 per
1718 2553 1811 2602 hoc
1851 2551 1949 2602 cul-

391 2680 462 2735 11)
495 2678 664 2734 Ephes.
700 2683 739 2734 6,
774 2683 814 2721 5.
879 2681 952 2734 28)
984 2678 1123 2736 Verg.
1157 2679 1270 2722 Aen.
1307 2684 1344 2734 1,
1381 2684 1447 2725 12.

390 2845 444 2883 29
493 2839 705 2897 agricult.
754 2839 893 2883 A¹K¹
924 2843 1065 2894 (229,
1097 2845 1181 2893 19,·
1220 2844 1334 2895 305,
1372 2845 1458 2895 18,1
1497 2844 1610 2896 310,
1641 2845 1705 2886 25
1737 2845 1857 2897 etc.),·
1889 2839 1946 2884 ab

270 2913 369 2955 agr.
403 2913 427 2942 υ
