2020 3122
153 960 207 1000 10

158 1327 210 1366 15

155 1694 210 1734 20

158 2061 213 2101 25

156 2429 212 2468 30

235 164 342 218 222
923 173 958 207 S.
982 172 1256 208 AUGUSTINI

238 291 379 339 cuius
419 289 626 353 imperio
665 288 793 336 vivat
832 286 978 336 homo
1018 288 1311 352 moriturUS,
1365 287 1407 335 si
1445 285 1516 335 illi
1555 287 1640 350 qui
1678 288 1921 351 imperant

238 363 298 412 ad
347 363 496 426 impia
545 366 596 410 et
644 362 814 426 iniqua
863 375 963 410 non
1015 356 1228 424 cogant?
1304 358 1401 409 Aut
1446 374 1564 408 vero
1613 359 1796 424 aliquid
1835 375 1920 410 no-

239 441 451 485 cuerunt
489 434 696 484 Romani
742 433 995 501 gentibus,
1045 432 1224 498 quibus
1273 432 1547 498 subiugatis
1593 434 1923 499 inposuerunt

238 508 372 573 leges
419 523 555 574 suaS,
602 509 698 557 nisi
746 509 859 573 quia
906 507 955 556 id
1003 508 1185 556 factum
1227 513 1302 556 est
1340 508 1530 570 ingenti
1569 513 1733 572 strage
1771 506 1921 557 bello·

241 578 387 632 rum?
444 581 584 640 Quod
619 583 660 630 si
699 581 1014 631 concorditer
1052 581 1209 647 fieret,
1247 579 1297 628 id
1336 582 1501 644 ipsum
1538 581 1681 630 fieret
1720 580 1921 630 meliore

239 670 496 721 successu3
544 655 631 704 sed
679 655 812 705 nulla
867 662 1002 704 esset
1044 653 1198 718 gloria
1243 653 1667 718 triumphantium.
1751 653 1921 719 Neque

240 731 371 778 enim
411 736 460 778 et
498 727 706 778 Romani
745 743 845 778 non
882 727 1110 777 vivebant
1149 726 1241 776 sub
1283 726 1473 792 legibus
1514 729 1644 794 suiS,
1684 742 1804 792 quas
1844 743 1922 778 ce·

239 804 360 852 teris
399 800 713 867 inponebant.
790 801 893 851 Hoc
933 803 976 850 si
1014 801 1156 851 fieret
1195 802 1300 850 sine
1331 800 1486 850 Marte
1527 807 1578 850 et
1614 800 1829 869 Bellona,
1868 809 1924 852 ut

242 891 334 924 nec
384 875 599 925 Victoria
644 875 808 924 locum
847 874 1077 940 haberet,
1132 875 1327 923 nemine
1377 875 1604 923 vincente
1652 873 1739 924 ubi
1777 891 1922 925 nemo

239 955 563 1014 pugnaverat:
602 964 766 997 nonne
806 948 1038 997 Romanis
1080 955 1129 997 et
1168 948 1349 997 ceteris
1388 946 1617 1012 gentibus
1656 963 1754 997 una
1794 956 1924 999 esset

239 1023 507 1086 eademque
560 1019 820 1072 condicio?
872 1023 1167 1086 praesertim
1207 1022 1249 1070 si
1294 1036 1407 1070 mox
1454 1021 1618 1089 fieret,
1669 1022 1800 1087 quod
1838 1038 1923 1088 po-

240 1102 346 1145 stea
383 1087 658 1160 gratissime
699 1102 846 1160 atque
897 1095 1251 1145 humanissime
1292 1095 1476 1145 factum
1515 1102 1613 1162 est,
1659 1102 1715 1145 ut
1753 1111 1924 1146 omnes

239 1169 299 1218 ad
338 1169 613 1218 Romanum
652 1170 917 1234 imperium
960 1170 1269 1234 pertinentes
1317 1171 1604 1219 societatem
1643 1171 1925 1234 acciperent

241 1243 449 1292 civitatis
504 1250 555 1293 et
599 1242 807 1292 Romani
862 1245 993 1292 cives
1046 1250 1239 1310 essent,
1290 1257 1346 1292 ac
1394 1244 1465 1292 sic
1512 1250 1645 1293 esset
1690 1245 1924 1310 omnium,

245 1316 375 1382 quod
423 1322 529 1366 erat
575 1323 687 1366 ante
726 1331 1020 1383 paucorum3
1070 1323 1263 1367 tantum
1302 1316 1433 1381 quod
1471 1316 1612 1382 plebs
1649 1316 1752 1383 illa,
1798 1331 1923 1382 quae

244 1406 360 1439 suos
407 1405 550 1454 agros
599 1405 698 1438 non
746 1389 974 1456 haberet,
1023 1390 1083 1439 de
1130 1389 1328 1455 publico
1374 1391 1581 1455 viveret3
1634 1392 1717 1455 qui
1747 1398 1926 1456 pastus

243 1465 348 1513 eius
387 1478 477 1528 per
499 1462 656 1512 bonos
681 1463 1104 1513 administratores
1143 1465 1217 1513 rei
1254 1463 1478 1529 publicae
1518 1466 1706 1528 gratius
1745 1479 1772 1513 a
1810 1479 1924 1514 con·

241 1536 473 1586 cordibus
512 1543 850 1602 praestaretur
889 1552 1037 1601 quam
1075 1539 1216 1587 victis
1256 1544 1650 1602 extorqueretur.

390 1610 511 1659 Nam
546 1610 662 1675 quid
687 1612 885 1660 intersit
924 1612 982 1660 ad
1021 1611 1412 1661 incolumitatem
1450 1611 1706 1676 bonosque
1746 1625 1926 1678 moreS,

243 1686 374 1749 ipsas
426 1690 560 1733 certe
610 1683 865 1734 hominum
913 1684 1174 1750 dignitates
1183 1725 1197 1751 ,
1249 1685 1380 1749 quod
1426 1685 1509 1734 alii
1547 1687 1795 1752 vicerunt,
1845 1684 1926 1734 alii

244 1759 361 1807 victi
391 1764 522 1824 sunt,
561 1760 760 1807 omnino
793 1774 892 1807 non
931 1758 1087 1826 video,
1125 1764 1323 1824 praeter
1360 1758 1499 1808 illum
1537 1758 1718 1823 gloriae
1757 1758 1925 1808 huma-

245 1846 335 1881 nae
382 1833 723 1881 inanissimum
769 1833 971 1898 fastum,
1021 1834 1073 1881 in
1123 1848 1220 1898 quo
1267 1838 1600 1898 perceperunt
1646 1832 1926 1881 mercedem

246 1921 399 1972 suam,
439 1907 525 1970 qui
549 1907 655 1955 eius
687 1907 877 1970 ingenti
915 1906 1144 1971 cupidine
1184 1913 1414 1956 arserunt
1452 1912 1502 1956 et
1540 1905 1762 1956 ardentia
1797 1905 1927 1955 bella

247 1986 523 2044 gesserunt.
599 1978 849 2044 Numquid
897 1982 1029 2029 enim
1074 1979 1272 2030 illorum
1319 1982 1422 2045 agri
1467 1979 1654 2030 tributa
1691 1994 1791 2029 non
1831 1979 1924 2029 sol-

246 2050 402 2102 vunt?
463 2052 713 2117 Numquid
760 2055 832 2102 eis
877 2052 993 2104 licet
1043 2053 1257 2121 discere,
1308 2054 1439 2118 quod
1485 2053 1591 2102 aliis
1637 2069 1737 2103 non
1774 2050 1926 2103 licet?

243 2125 492 2190 Numquid
546 2141 645 2174 non
699 2127 842 2176 multi
891 2133 1145 2176 senatores
1200 2134 1315 2177 sunt
1363 2129 1415 2177 in
1469 2127 1575 2177 aliis
1625 2128 1792 2193 terriS,
1840 2129 1925 2191 qui

243 2199 446 2248 Romam
497 2214 558 2247 ne
609 2200 732 2248 facie
780 2200 980 2264 quidem
1031 2198 1252 2250 norunt?
1328 2201 1465 2250 Tolle
1515 2202 1821 2265 iactantiam,
1876 2207 1924 2250 et

244 2287 415 2321 omnes
453 2271 677 2321 homines
718 2274 835 2337 quid
877 2281 992 2324 sunt
1030 2275 1126 2323 nisi
1163 2271 1425 2324 homines?
1465 2273 1606 2332 Quod
1646 2275 1688 2323 si
1725 2289 1922 2339 perver-

245 2347 363 2395 sitas
417 2345 601 2395 saeculi
657 2346 962 2413 admitteret,
1017 2354 1073 2397 ut
1126 2348 1469 2397 honoratiores
1523 2353 1690 2396 essent
1740 2349 1922 2412 quique

245 2419 496 2468 meliores:
535 2434 626 2468 nec
652 2420 722 2468 sic
747 2435 838 2484 pro
863 2436 1038 2485 magno
1070 2420 1241 2470 haberi
1273 2421 1445 2471 debuit
1475 2420 1634 2469 honor
1664 2419 1924 2487 humanUS,

244 2495 356 2557 quia
402 2492 585 2542 nullius
633 2499 707 2542 est
752 2494 985 2558 ponderis
1031 2494 1210 2544 fumus,
1290 2494 1386 2544 Sed
1433 2501 1631 2543 utamur
1677 2495 1824 2543 etiam
1872 2496 1922 2542 in

242 2564 319 2615 his
344 2565 494 2616 rebus
518 2565 757 2615 beneficio
782 2565 977 2616 Domini
1002 2567 1089 2616 Dei
1113 2570 1293 2634 nostri3
1333 2567 1703 2617 consideremus
1743 2574 1923 2632 quanta

245 2641 653 2707 contempserint,
701 2655 825 2704 quae
865 2640 1183 2706 pertulerint,
1223 2656 1344 2706 quas
1385 2641 1677 2706 cupiditates
1717 2639 1921 2705 subege-

241 2901 316 2944 ωε
347 2840 666 2943 {figentibus
698 2853 780 2886 om.
814 2842 857 2884 A
903 2842 918 2897 ss
965 2845 1019 2885 23
1053 2842 1100 2884 et
1131 2840 1247 2899 ard]
1282 2841 1490 2899 ingentia.
1520 2841 1591 2885 Κι
1629 2843 1644 2898 ΙΙ
1689 2846 1744 2886 32
1778 2855 1920 2897 quan-
