2020 3122
550 161 615 192 DE
642 159 882 192 cIVrrATE
906 160 994 192 DEI
1018 161 1059 192 L.
1089 161 1156 193 XI.
1181 161 1220 193 c.
1247 162 1299 194 22.
1656 148 1762 201 491

84 286 328 335 quamque
361 286 387 319 a
422 272 669 320 contrario
702 272 849 319 etiam
887 270 1022 336 haec,
1062 271 1241 335 quibus
1275 272 1596 340 delectantur,
1636 276 1766 323 sicut

82 344 221 394 cibus
252 351 302 394 et
339 351 487 410 potus
519 350 569 393 et
607 346 699 393 ista
738 343 838 409 lux,
878 345 1184 393 inmoderato
1218 353 1266 395 et
1305 348 1636 411 inopportuno
1669 363 1765 397 usu

82 420 223 467 noxia
275 420 566 467 sentiantur.
642 416 781 466 Unde
831 432 920 465 nos
969 417 1198 467 admonet
1245 419 1403 468 divina
1457 421 1766 484 providentia

81 507 179 540 non
220 507 301 541 res
339 493 632 556 insipienter
670 492 975 556 vituperare,
1021 492 1104 539 sed
1147 492 1407 541 utilitatem
1448 509 1616 543 rerum
1656 494 1760 543 dili-

81 572 255 630 genter
293 558 570 630 inquirere,
621 571 670 613 et
710 563 796 613 ubi
835 570 1062 612 nostrum
1101 566 1353 628 ingenium
1393 566 1467 614 vel
1506 569 1765 617 infirmitas
1798 577 1823 616 5

82 639 272 706 delicit,
318 641 385 688 ita
425 638 629 687 credere
669 637 932 697 occultam,
981 639 1110 686 sicut
1149 646 1289 688 erant
1329 639 1588 706 quaedam,
1640 657 1764 705 quae

82 715 159 761 vix
213 714 466 777 potuimus
513 713 758 777 invenire3
815 712 929 776 quia
978 718 1026 760 et
1071 713 1176 776 ipsa
1222 712 1447 761 utilitatis
1503 715 1764 763 occultatio

82 793 167 835 aut
211 786 502 836 humilitatis
543 787 829 834 exercitatio
870 791 946 834 est
991 792 1075 834 aut
1122 785 1346 834 elationis
1387 786 1606 853 adtriti0;
1655 803 1767 836 cum

83 862 281 909 omnino
326 866 501 923 natura
550 859 683 908 nulla
735 861 799 908 sit
846 858 1027 907 malum
1075 874 1354 923 nomenque
1409 860 1502 908 hoc
1550 876 1648 909 non
1704 862 1769 909 sit

82 936 177 983 nisi
222 935 518 999 privationis
557 932 689 982 boni.
770 932 866 981 Sed
907 948 932 981 a
981 935 1194 981 terrenis
1234 949 1392 998 usque
1432 934 1491 983 ad
1540 934 1768 983 caelestia
1801 944 1855 983 10

83 1016 132 1056 et
178 1023 204 1056 a
243 1006 518 1056 visibilibus
564 1022 723 1071 usque
772 1006 831 1055 ad
878 1005 1136 1054 invisibilia
1186 1014 1302 1056 sunt
1349 1007 1455 1056 aliis
1503 1007 1594 1056 alia
1640 1008 1768 1056 hona

84 1081 309 1146 meliora,
360 1080 418 1130 ad
464 1081 558 1129 hoc
604 1080 900 1145 inaequalia,
955 1087 1010 1128 ut
1058 1089 1224 1129 essent
1271 1083 1454 1146 omnia3
1506 1081 1637 1131 Deus
1685 1097 1767 1130 au-

84 1165 183 1204 tem
232 1157 299 1203 ita
339 1161 416 1203 est
461 1155 637 1203 artifex
677 1169 883 1218 magnus
923 1156 973 1202 in
1013 1156 1225 1219 magniS,
1272 1161 1327 1203 ut
1367 1156 1527 1203 minor
1567 1171 1665 1204 non
1706 1157 1770 1204 sit

83 1232 134 1278 in
173 1230 359 1294 parvis3
400 1243 523 1293 quae
563 1243 711 1293 parva
744 1243 843 1276 non
877 1243 964 1276 sua
1003 1227 1277 1291 granditate
1319 1223 1457 1294 (nam
1490 1229 1620 1277 nulla
1653 1224 1770 1296 est),

85 1303 171 1352 sed
211 1302 412 1352 artificis
454 1304 691 1366 sapientia
733 1301 978 1350 metienda
1018 1307 1154 1367 sunt;
1194 1303 1324 1350 sicut
1362 1304 1412 1350 in
1454 1304 1617 1366 specie
1656 1304 1767 1351 visi·
1803 1311 1856 1351 15

84 1376 198 1426 bilis
236 1376 472 1441 hominis,
514 1377 555 1424 si
595 1390 750 1424 unum
789 1375 990 1424 radatur
1030 1375 1365 1441 supercilium,
1406 1391 1552 1439 quam
1590 1392 1767 1440 prope-

85 1450 286 1499 modum
339 1449 460 1498 nihil
516 1451 734 1516 corpori,
786 1455 835 1498 et
882 1464 1029 1513 quam
1077 1448 1286 1497 multum
1338 1448 1615 1498 detrahitur
1669 1449 1773 1514 pul-

87 1523 378 1589 chritudini,
427 1524 658 1587 quoniam
706 1538 804 1571 non
853 1522 979 1571 mole
1033 1528 1246 1588 constat,
1295 1523 1380 1571 sed
1426 1523 1670 1587 parilitate
1720 1538 1774 1571 ac

87 1598 393 1646 dimensione
448 1595 807 1645 membrorum!
905 1596 1007 1644 Nec
1063 1610 1179 1644 sane
1233 1596 1444 1645 multum
1499 1597 1776 1646 mirandum

88 1679 184 1738 est,
234 1670 363 1735 quod
403 1670 475 1736 hi,
523 1672 608 1735 qui
647 1669 931 1720 nonnullam
971 1669 1147 1718 malam
1185 1676 1361 1734 putant
1400 1685 1508 1718 esse
1550 1678 1774 1719 naturam
1808 1679 1863 1718 20

90 1761 178 1795 suo
226 1744 437 1809 quodam
485 1746 733 1793 contrario
782 1750 1000 1792 exortam
1055 1749 1469 1807 propagatamque
1517 1745 1775 1808 principiO,

88 1819 262 1868 nolunt
301 1819 524 1883 accipere
564 1819 708 1866 istam
750 1832 947 1866 causam
987 1818 1251 1865 creationis
1289 1832 1482 1883 rerum,
1522 1824 1578 1866 ut
1615 1817 1775 1866 bonus

89 1893 219 1942 Deus
260 1891 497 1940 conderet
535 1891 685 1957 bona,
726 1891 986 1940 credentes
1019 1905 1131 1939 eum
1170 1892 1336 1955 potius
1377 1890 1435 1938 ad
1476 1890 1595 1939 haec
1636 1906 1776 1939 mun-

91 1969 214 2016 dana
268 1965 519 2014 molimina
574 1964 859 2014 rebellantis
913 1964 1174 2013 adversum
1228 1979 1280 2012 se
1333 1963 1445 2012 mali
1505 1963 1777 2029 repellendi

91 2050 308 2090 extrema
356 2040 650 2087 necessitate
698 2038 995 2103 perductum
1043 2052 1280 2102 suamque
1327 2045 1554 2086 naturam
1600 2037 1778 2086 bonam
1810 2046 1865 2085 25

91 2114 216 2164 malo
251 2111 560 2162 cohercendo
594 2113 972 2176 superandoque
1004 2113 1279 2177 miscuisse,
1312 2126 1457 2175 quam
1490 2113 1776 2176 turpissime

91 2188 326 2253 pollutam
376 2192 426 2234 et
472 2185 810 2234 crudelissime
860 2187 1148 2250 captivatam
1189 2192 1238 2234 et
1277 2200 1564 2249 oppressam
1609 2184 1776 2233 labore

91 2277 266 2326 magno
298 2261 379 2308 vix
411 2260 616 2308 mundet
649 2275 704 2307 ac
743 2258 942 2324 liberet3
982 2274 1081 2307 non
1121 2265 1284 2307 tamen
1318 2264 1485 2325 totam,
1526 2259 1612 2307 sed
1645 2258 1774 2322 quod

91 2338 198 2384 eius
237 2349 336 2383 non
375 2335 594 2397 potuerit
633 2332 692 2381 ab
731 2332 811 2381 illa
850 2334 1188 2397 inquinatione
1227 2334 1452 2398 purgari,
1491 2338 1687 2396 tegmen
1721 2347 1776 2379 ac

92 2408 342 2458 vinculum
380 2407 605 2455 futurum
636 2407 792 2455 hostis
824 2408 940 2455 victi
972 2413 1021 2455 et
1058 2406 1251 2455 inclusi.
1317 2405 1398 2454 Sic
1431 2413 1592 2454 autem
1625 2405 1775 2453 Mani-
1809 2413 1865 2452 30

95 2482 232 2532 chaei
263 2497 363 2532 non
398 2479 682 2545 desiperent
711 2480 788 2529 vel
818 2482 984 2545 potius
1016 2481 1305 2546 insanirent,
1345 2481 1385 2527 si
1417 2479 1506 2527 Dei
1538 2486 1776 2543 naturam,

93 2558 238 2606 sicuti
278 2563 387 2620 est,
431 2553 883 2603 incommutabilem
922 2561 1070 2618 atque
1110 2555 1308 2602 omnino
1354 2550 1778 2616 incorruptibilem

94 2630 372 2697 crederent,
415 2630 496 2677 cui
530 2643 708 2676 nocere
742 2628 875 2677 nulla
906 2643 994 2676 res·
1026 2628 1203 2692 possit3
1243 2628 1453 2674 animam
1484 2640 1614 2689 vem,
1655 2639 1778 2687 quae

93 2703 342 2753 voluntate
391 2704 571 2751 mutari
617 2704 668 2750 in
716 2701 936 2750 deterius
983 2708 1032 2749 et
1078 2707 1279 2764 peccato
1321 2699 1571 2762 corrumpi
1619 2698 1780 2761 potuit

216 2895 240 2933 6
273 2889 445 2933 defecit
474 2889 572 2932 AF
