2020 3122
239 154 348 206 404
910 161 944 194 s.
970 160 1242 195 Aueosmm

239 276 416 342 Deum3
465 275 539 325 vel
589 290 734 340 quam
773 273 844 322 illi
883 269 1159 338 εὐσέβειαν,
1206 288 1296 322 nos
1335 288 1451 322 vero
1491 288 1592 321 non
1630 287 1730 321 uno
1769 270 1919 321 verbo

242 352 542 415 exprimere,
590 348 676 397 sed
716 347 804 396 Dei
851 347 1039 397 cultum
1083 362 1349 412 possumus
1397 345 1664 411 appellare:
1710 345 1836 395 hanc
1875 347 1922 396 ei

241 431 433 472 tantum
472 423 572 471 Deo
614 421 784 471 deberi
824 420 1055 488 dicimus,
1103 423 1188 485 qui
1226 435 1372 470 verus
1413 426 1489 469 est
1527 419 1658 469 Deus
1705 420 1919 485 facitque

171 540 180 547 .
242 512 359 546 suos
399 496 614 545 cultores
655 496 787 544 deos
851 494 1160 559 Quicumque
1199 496 1350 559 igitur
1390 499 1506 543 sunt
1542 495 1593 542 in
1627 492 1921 543 caelestibus

157 1108 211 1151 10

125 1504 214 1557 Δ15

159 1871 214 1910 20

160 2237 216 2277 25

240 569 623 619 habitationibus
662 569 946 618 inmortales
987 575 1035 618 et
1082 568 1234 634 beati,
1281 569 1324 616 si
1362 582 1451 616 nos
1491 582 1590 616 non
1630 574 1792 617 amant
1830 583 1922 617 nec

240 644 411 693 beatos
445 658 553 692 esse
587 658 677 691 nos
709 642 892 708 volunt,
926 642 1119 691 colendi
1150 643 1322 705 utique
1355 656 1454 690 non
1487 647 1616 691 sunt.
1682 640 1734 690 Si
1758 647 1923 690 autem

241 724 404 766 amant
437 723 486 766 et
523 716 692 766 beatos
723 716 913 781 volunt,
951 716 1174 780 profecto
1206 714 1320 763 inde
1352 714 1544 782 volunt,
1583 714 1713 764 unde
1747 722 1796 781 et
1827 716 1922 780 ipsi

244 797 380 857 sunt3
421 806 482 840 an
522 790 715 840 aliunde
756 791 850 854 ipsi
890 789 1042 856 beati,
1082 788 1276 837 aliunde
1317 785 1444 837 nos?

937 945 1135 1045 CAPU'r
1166 991 1234 1046 II.

329 1093 420 1148 De‘
443 1114 666 1161 superna
707 1101 1089 1148 inluminatione
1121 1100 1246 1160 quid
1283 1100 1509 1149 Plotinus
1549 1100 1844 1149 Platonicus

972 1175 1200 1223 senserit.

391 1275 488 1324 Sed
519 1290 619 1324 non
653 1283 728 1324 est
758 1274 900 1324 nobis
932 1275 1062 1325 ullus
1096 1291 1208 1324 cum
1247 1275 1324 1324 his
1354 1275 1788 1325 excellentioribus
1819 1275 1947 1341 phi*

242 1348 460 1413 losopliis
493 1350 544 1398 in
581 1348 672 1397 hac
706 1350 992 1413 quaestione
1027 1349 1299 1398 conflictus,
1362 1348 1602 1398 Viderunt
1635 1351 1765 1398 enim
1802 1351 1924 1398 suis-

246 1437 341 1486 que
389 1421 569 1470 litteris
615 1422 783 1471 multis
832 1422 990 1470 modis
1031 1424 1367 1486 copiosissime
1407 1423 1761 1472 mandaverunt
1810 1422 1925 1472 hinc

248 1495 379 1560 illos,
430 1495 560 1543 unde
601 1502 651 1544 et
689 1511 800 1561 nOS,
849 1496 957 1544 fieri
1004 1495 1197 1562 beatOS,
1244 1495 1436 1544 obiecto
1484 1496 1696 1560 quodam
1740 1496 1924 1545 lumine

245 1568 572 1634 intellegibili,
621 1569 751 1632 quod
791 1568 922 1618 Deus
963 1576 1038 1618 est
1076 1569 1171 1618 illis
1211 1576 1261 1618 et
1299 1569 1429 1618 aliud
1469 1576 1545 1618 est
1583 1585 1730 1634 quam
1769 1569 1860 1636 illi,
1901 1585 1928 1617 a
1991 1610 1994 1611 γ

247 1657 343 1706 quo
376 1642 720 1708 inlustrantur,
759 1649 814 1691 ut
846 1642 1062 1691 clareant
1094 1649 1239 1706 atque
1273 1645 1379 1692 eius
1410 1645 1783 1707 participatione
1814 1658 1925 1708 per·
1972 1662 1979 1676 ⁸

245 1716 362 1764 fecti
411 1715 641 1779 beatique
683 1715 965 1765 subsistant.
1045 1715 1200 1780 Saepe
1243 1716 1552 1780 multumque
1590 1716 1814 1766 Plotinus
1854 1732 1925 1766 as-

247 1790 368 1837 serit
407 1804 608 1838 sensum
646 1789 864 1838 Platonis
903 1789 1191 1855 explananS,
1238 1805 1299 1839 ne
1339 1789 1470 1838 illam
1509 1790 1731 1856 quidem,
1782 1805 1927 1854 quam

247 1862 458 1911 credunt
508 1878 616 1911 esse
665 1864 997 1912 universitatis
1045 1865 1276 1930 animam,
1330 1862 1525 1912 aliunde
1579 1863 1772 1913 beatam
1818 1878 1926 1913 esse

246 1951 392 1999 quam
433 1944 672 2002 nostram,
711 1936 859 2001 idque
891 1951 1000 1985 esse
1040 1936 1207 1985 lumen
1248 1937 1379 2001 quod
1417 1939 1523 2001 ipsa
1563 1952 1662 1990 non
1701 1944 1801 2002 est,
1841 1930 1926 1986 sed

247 2024 273 2056 a
305 2024 402 2072 quo
435 2016 599 2058 creata
632 2016 708 2058 est
739 2016 787 2058 et
827 2025 924 2074 quo
956 2010 1342 2074 intellegibiJiter
1377 2010 1700 2060 inluminante
1735 2009 1927 2059 vintelle-

247 2081 461 2145 gibiliter
500 2082 646 2132 lucet.
709 2083 800 2132 Dat
840 2085 984 2132 etiam
1019 2084 1388 2133 similitudinem
1421 2083 1480 2132 ad
1519 2084 1598 2132 illa
1637 2086 1927 2149 incorporea

249 2155 307 2203 de
356 2155 433 2203 his
474 2155 766 2205 caelestibus
807 2159 1089 2220 conspicuis
1136 2157 1406 2222 amplisque
1448 2157 1761 2223 corporibuS,
1808 2163 1927 2206 tam·

250 2243 395 2292 quam
433 2228 514 2276 ille
555 2231 619 2278 sit
665 2229 737 2277 sol
787 2236 836 2278 et
881 2231 987 2294 ipsa
1034 2232 1098 2279 sit
1142 2230 1272 2280 luna.
1348 2230 1535 2280 Lunam
1582 2233 1764 2295 quippe
1811 2230 1959 2280 solis·

249 2300 446 2350 obiectu
484 2301 766 2351 inluminari
805 2309 994 2367 putant.
1055 2303 1184 2353 Dicit
1216 2320 1333 2369 ergo
1364 2304 1444 2353 ille
1477 2319 1683 2369 magnus
1715 2304 1926 2353 Platoni·

249 2390 337 2423 cus
378 2376 587 2424 animam
626 2376 937 2442 rationalem,
985 2378 1085 2426 sive
1135 2380 1302 2442 potius
1341 2377 1685 2427 intellectualis
1724 2376 1928 2426 dicenda

249 2449 335 2514 sit,
376 2463 435 2496 ex
468 2463 565 2512 quo
597 2463 778 2512 genere
811 2451 958 2498 etiam
990 2451 1325 2500 inmortalium
1355 2450 1710 2515 beatorumque
1745 2452 1927 2499 animas

249 2536 358 2570 esse
404 2521 665 2587 intellegit,
713 2538 835 2586 quos
882 2524 932 2570 in
980 2523 1274 2573 caelestibus
1321 2523 1520 2573 sedibus
1569 2523 1790 2573 habitare
1830 2538 1925 2572 non

366 2651 411 2704 4)
443 2648 518 2692 Ps.
549 2651 621 2705 81,
653 2653 694 2695 6.

370 2829 393 2867 1
426 2825 647 2868 eusebian
678 2825 846 2878 AKF;
877 2824 1160 2884 θεοσέβειαν
1193 2843 1221 2870 v
1245 2803 1260 2883 [Ι
1287 2830 1339 2870 15
1372 2825 1604 2871 obiectiuo
1637 2826 1707 2880 A,·
1739 2824 1925 2871 obiecti-

249 2881 316 2927 tio
347 2883 422 2935 K‚·
453 2884 636 2928 obectio
667 2883 718 2927 F
