2020 3122
572 154 638 186 DE
665 152 904 186 01vrrA'rE
927 154 1016 186 DEI
1040 154 1081 186 L.
1107 155 1135 186 1.
1158 154 1196 187 c.
1220 157 1274 188 34.
1298 157 1351 189 35.
1729 147 1798 198 51

116 265 404 329 confugeret
457 264 516 313 ab
565 267 698 314 omni
745 280 870 313 noxa
916 265 1041 314 liber
1081 273 1238 333 esset,
1285 282 1464 332 augere
1506 276 1801 332 quaerentes

116 339 353 388 creandae
408 338 773 388 multitudinem
828 340 1051 388 civitatis,
1128 339 1404 389 Mirandum
1458 343 1507 389 in
1563 341 1801 391 honorem

117 411 298 461 Christi
335 414 582 476 processit
621 412 912 477 exemplum.
990 411 1094 460 Hoc
1135 415 1504 463 constituerunt
1543 430 1800 464 eversores

114 484 282 551 Urbis,
330 485 460 549 quod
511 487 874 535 constituerant
913 492 1053 534 antea
1094 485 1390 536 conditores,
1470 487 1597 545 Quid
1637 496 1800 537 autem

114 573 359 624 magnum,
399 560 440 607 si
479 558 573 608 hoc
613 559 841 608 fecerunt
878 558 962 625 illi,
1003 567 1058 608 ut
1098 561 1278 608 civium
1318 575 1520 610 suorum
1561 577 1797 611 numerus

114 632 443 699 suppleretur,
484 632 614 696 quod
641 633 868 682 fecerunt
900 634 996 698 isti,
1036 639 1091 682 ut
1131 649 1334 682 suorum
1373 633 1589 683 hostium
1629 651 1797 684 nume-

114 707 290 755 rositas
331 703 651 756 servaretur?

730 864 927 919 CAPUT
961 865 1180 919 XXXV.

166 972 241 1021 De
280 973 549 1021 latentibus
589 974 723 1020 inter
763 975 938 1034 impios
977 975 1224 1022 ecclesiae
1257 976 1380 1032 filiis
1419 979 1468 1022 et
1506 975 1568 1022 de
1601 972 1750 1035 falsis

557 1047 694 1095 intra
734 1049 998 1095 ecclesiam
1044 1047 1358 1095 Christianis.

259 1147 390 1196 Haec
423 1154 473 1197 et
505 1147 632 1214 talia,
672 1150 714 1196 si
753 1163 849 1212 qua
888 1147 1093 1197 uberius
1134 1156 1183 1198 et
1223 1150 1526 1198 commodius
1566 1151 1799 1215 potuerit,

112 1221 409 1287 respondeat
454 1223 668 1270 inimicis
716 1223 819 1270 suis
867 1222 1121 1287 redempta
1172 1222 1352 1271 familia
1391 1223 1576 1271 domini
1616 1222 1799 1271 Christi

112 1303 163 1346 et
213 1297 475 1361 peregrina
529 1297 699 1344 civitas
753 1297 884 1360 regis
939 1294 1135 1345 Christi.
1234 1296 1513 1345 Meminerit
1571 1310 1688 1344 sane
1746 1297 1798 1344 in

58 1379 64 1382 “
111 1371 233 1435 ipsis
287 1370 500 1418 inimicis
554 1368 706 1418 latere
764 1371 894 1418 cives
944 1370 1162 1436 futurOS‚
1212 1385 1275 1418 ne
1314 1370 1682 1418 infructuosum
1720 1369 1796 1417 vel

112 1443 239 1509 apud
263 1444 397 1508 ipsos
420 1448 577 1509 putet,
617 1442 763 1509 quod,
803 1443 959 1492 donec
990 1445 1246 1508 perveniat
1275 1443 1345 1492 ad·
1376 1444 1643 1508 confessoS,
1682 1458 1793 1506 por-

111 1524 181 1567 tat
231 1517 478 1582 infensos;
525 1518 654 1565 sicut
704 1532 764 1565 ex
809 1516 1007 1565 illorum
1054 1532 1263 1566 numero
1312 1518 1458 1566 etiam
1497 1516 1585 1565 Dei
1626 1518 1794 1565 civitas

111 1590 259 1640 habet
308 1605 501 1656 secum,
556 1590 789 1654 quamdiu
839 1593 1185 1655 peregrinatur
1234 1593 1285 1639 in
1325 1590 1530 1656 mund0‚
1582 1605 1794 1638 conexos

113 1666 456 1714 communione
483 1670 919 1730 sacramentorum,
958 1680 1052 1719 nec
1078 1679 1247 1714 secum
1271 1665 1466 1713 futuros
1505 1666 1556 1712 in
1596 1670 1793 1712 aeterna

112 1745 244 1787 sorte
284 1744 588 1803 sanctorum,
629 1739 714 1802 qui
751 1739 931 1802 partim
968 1740 1020 1787 in
1060 1738 1277 1803 occulto,
1314 1740 1494 1802 partim
1532 1739 1582 1785 in
1623 1743 1794 1801 aperto

113 1818 242 1878 sunt,
282 1813 367 1876 qui
406 1813 552 1860 etiam
595 1827 709 1860 cum
747 1813 868 1877 ipsis
907 1814 1120 1861 inimicis
1160 1812 1394 1860 adversus
1434 1811 1612 1876 Deum,
1652 1812 1794 1859 cuius

112 1892 473 1951 sacramentum
497 1891 692 1951 gerunt,
730 1900 1041 1934 murmurare
1082 1901 1179 1934 non
1219 1885 1459 1950 dubitant,
1498 1884 1642 1933 modo
1683 1899 1796 1932 cum

113 1958 207 2008 illis
245 1959 451 2023 theatra,
490 1958 636 2007 modo
677 1958 909 2008 ecclesias
941 1959 1200 2008 nobiscum
1240 1959 1501 2024 replentes,
1578 1957 1648 2006 De
1688 1972 1794 2006 cor-

114 2035 333 2082 rectione
374 2039 538 2081 autem
578 2032 888 2096 quorundam
928 2034 1075 2082 etiam
1114 2033 1282 2081 talium
1323 2032 1477 2081 multo
1517 2033 1681 2080 minus
1722 2038 1797 2079 est

51 2114 58 2120 ’
113 2106 493 2172 desperandum,
543 2107 583 2154 si
630 2106 758 2170 apud
805 2108 1143 2171 apertissimos
1183 2107 1487 2155 adversarios
1526 2104 1793 2170 praedesti-

113 2182 212 2229 nati
267 2181 410 2229 amici
452 2179 676 2245 latitant,
732 2179 890 2229 adhuc
936 2182 1091 2243 ignoti
1140 2182 1286 2229 etiam
1335 2179 1442 2228 sibi.
1525 2178 1792 2243 Perplexae

115 2255 293 2318 quippe
327 2259 444 2302 sunt
473 2255 596 2302 istae
623 2253 747 2302 duae
780 2255 1003 2303 civitates
1033 2256 1084 2303 in
1124 2254 1218 2302 hoc
1258 2253 1453 2303 saeculo
1486 2254 1792 2315 invicemque

113 2329 405 2394 permixtae,
455 2326 611 2376 donec
663 2327 835 2376 ultimo
883 2327 1064 2377 iudicio
1114 2328 1436 2392 dirimantur3
1484 2325 1543 2374 de
1585 2340 1794 2389 quarum

117 2407 290 2450 exortu
315 2407 364 2449 et
386 2416 633 2465 procursu
673 2407 722 2449 et
761 2400 939 2450 debitis
977 2401 1158 2451 finibus
1198 2401 1328 2465 quod
1368 2399 1631 2449 dicendum
1668 2397 1794 2447 arbi·

114 2480 242 2541 tror‚
282 2481 520 2538 quantum
559 2474 794 2523 divinitus
833 2474 1120 2541 adiuvabor‚
1160 2474 1412 2539 expediam
1452 2480 1655 2537 propter
1694 2471 1792 2535 glo-

115 2547 236 2595 riam
292 2549 502 2596 civitatis
556 2547 665 2613 Dei,
720 2563 844 2612 quae
900 2548 1071 2597 alienis
1127 2564 1153 2597 a
1200 2549 1448 2597 contrario
1500 2545 1790 2609 comparatis

116 2618 292 2669 clarius
332 2620 580 2670 eminebit.

232 2796 258 2835 3
288 2791 514 2848 processit
545 2791 730 2837 GAKF
758 2793 904 2854 (1322
930 2807 964 2838 c.
990 2796 1062 2849 9),·
1093 2791 1343 2849 praecessit
1372 2805 1398 2834 v

1372 2951 1433 2994 4*

1831 1058 1887 1097 10

1830 1454 1884 1493 15

1828 1822 1886 1861 20

1826 2189 1884 2228 :25

1824 2555 1880 2592 30
