2020 3122
221 142 293 195 90
884 154 922 188 S.
953 153 1232 188 Aoous'rm

221 283 272 316 se
319 281 564 331 pugnasse
611 267 887 333 finxerunt,
942 267 1059 330 quid
1107 267 1238 316 aliud
1285 273 1515 332 egerunt,
1562 269 1659 316 nisi
1704 274 1761 317 ut
1808 268 1902 318 sibi

219 341 427 389 Romani
470 339 694 389 bellando
737 340 945 390 civiliter
992 347 1240 405 tamquam
1285 340 1492 389 deorum
1531 341 1754 406 exemplo
1793 342 1900 391 nul-

219 414 322 463 lum
377 415 514 463 nefas
569 413 829 463 admittere
885 411 1211 463 viderentur?
1287 414 1388 462 Iam
1443 416 1574 463 enim
1636 421 1902 479 coeperant

219 487 346 548 bella
400 488 580 555 civilia,
636 494 686 537 et
739 488 925 553 aliquot
977 488 1303 537 nefandorum
1355 487 1658 552 proeliorum
1712 495 1901 553 strages

159 569 185 610 5
218 562 491 610 execranda
522 568 873 626 praecesserat.
950 562 1051 610 Iam
1091 561 1271 610 multos
1310 568 1550 627 moverat,
1590 562 1721 626 quod
1759 562 1901 612 miles

218 636 430 702 quidam,
470 635 586 684 dum
627 638 789 685 occiso
831 636 984 700 spolia
1022 635 1318 701 detraheret,
1357 635 1562 684 fratrem
1600 635 1783 685 nudato
1824 651 1900 685 ca-

217 709 394 758 davere
449 711 644 774 agnovit
698 725 753 758 ac
808 710 1080 759 detestatus
1135 708 1262 758 bella
1309 709 1467 758 civilia
1522 725 1574 758 se
1622 711 1786 774 ipsum
1832 709 1901 758 ibi

215 785 466 848 perimens
514 783 731 833 fraterno
782 785 980 848 corpori
1020 783 1253 832 adiunxit.
1329 781 1394 832 Ut
1432 798 1550 848 ergo
1589 783 1738 833 huius
1777 785 1902 833 tanti

215 856 329 906 mali
384 859 582 906 minime
638 857 879 923 taederet,
935 857 1021 906 sed
1075 871 1326 905 armorum
1373 857 1695 906 scelestorum
1746 859 1901 922 magis

129 939 185 979 10
215 932 469 995 magisque
496 932 642 980 ardor
666 933 985 996 incresceret,
1025 932 1158 979 noxii
1189 930 1468 997 daemoneS,
1508 945 1632 994 quos
1670 930 1742 979 illi
1780 931 1900 980 deos

215 1011 446 1068 putantes
494 1004 726 1054 colendos
782 1011 831 1053 et
876 1004 1182 1053 venerandos
1229 1002 1616 1065 arbitrabantur,
1669 1006 1800 1053 inter
1846 1020 1899 1054 se

214 1076 491 1142 pugnantes
530 1077 814 1127 hominibus
854 1093 1091 1142 apparere
1131 1077 1416 1144 voluerunt,
1456 1093 1517 1126 ne
1557 1079 1740 1127 imitari
1779 1078 1899 1127 tales

213 1167 403 1216 pugnas
459 1154 611 1200 civica
665 1152 936 1217 trepidaret
989 1152 1209 1218 affecti0,
1275 1151 1360 1200 sed
1410 1153 1576 1216 potius
1629 1151 1899 1202 humanum

215 1225 377 1274 scelus
424 1225 587 1274 divino
635 1232 958 1275 excusaretur
1006 1225 1243 1290 exempla
1328 1225 1429 1274 Hac
1477 1227 1656 1274 astutia
1701 1226 1900 1290 maligni

127 1307 182 1347 15
216 1300 420 1363 spiritus
461 1301 610 1348 etiam
649 1299 816 1365 ludos,
853 1299 984 1348 unde
1026 1299 1178 1348 multa
1211 1301 1312 1351 iam
1351 1299 1472 1366 dixi,
1513 1301 1764 1351 scaenicos
1805 1299 1900 1348 sibi

214 1372 368 1421 dicari
393 1375 674 1436 sacrarique
699 1375 969 1437 iusserunt,
1010 1372 1093 1421 ubi
1126 1379 1260 1422 tanta
1299 1373 1506 1422 deorum
1545 1373 1724 1437 flagitia
1763 1373 1898 1422 thea-

213 1447 352 1495 tricis
407 1448 611 1495 canticis
675 1453 820 1510 atque
881 1446 1156 1495 fabularum
1214 1446 1490 1496 actionibus
1553 1446 1799 1496 celebrata
1849 1454 1898 1496 et

213 1521 437 1583 quisquis
494 1535 578 1568 eos
634 1521 810 1568 fecisse
867 1519 1094 1569 crederet
1148 1527 1198 1568 et
1245 1522 1469 1584 quisquis
1516 1535 1616 1568 non
1657 1521 1898 1587 crederet,

213 1593 298 1641 sed
353 1600 517 1642 tamen
572 1593 666 1642 illis
718 1593 1056 1643 libentissimis
1110 1593 1179 1642 ibi
1226 1594 1338 1642 talia
1386 1592 1607 1643 exhiberi
1654 1601 1898 1660 cerneret,

123 1675 180 1715 20
213 1681 419 1715 securus
470 1669 764 1716 imitaretur.
841 1667 911 1716 Ne
964 1670 1074 1732 quis
1120 1669 1285 1731 itaque
1338 1670 1642 1717 existimaret
1687 1670 1738 1716 in
1778 1668 1905 1717 deos·

212 1742 430 1789 convicia
469 1743 634 1805 potius
667 1756 814 1805 quam
854 1743 924 1791 eis
965 1742 1169 1806 dignum
1207 1741 1391 1806 aliquid
1431 1743 1751 1808 scriptitasse,
1789 1741 1895 1791 ubi-

211 1829 438 1878 cumque·
469 1814 578 1863 illos
626 1817 757 1864 inter
804 1830 855 1864 se
906 1831 1151 1880 pugnasse
1206 1821 1379 1879 poetae
1432 1822 1896 1882 commemorarunt,

209 1889 304 1951 ipsi
336 1887 394 1935 ad
420 1887 736 1953 decipiendos
761 1889 985 1938 homines
1010 1895 1268 1954 poetarum
1308 1891 1524 1938 carmina
1561 1889 1895 1956 firmaverunt,

209 1975 399 2025 pugnas
438 1962 665 2011 videlicet
698 1978 811 2012 suas
836 1978 936 2012 non
977 1963 1135 2012 solum
1174 1978 1265 2027 per
1305 1964 1557 2012 scaenicos
1596 1964 1647 2010 in
1685 1961 1895 2030 theatro,

122 2043 179 2083 25
212 2049 383 2083 verum
431 2037 578 2083 etiam
623 2051 713 2100 per
762 2051 814 2085 se
861 2039 995 2101 ipsos
1042 2039 1092 2085 in
1141 2051 1312 2101 campo
1351 2036 1579 2086 humanis
1617 2035 1774 2085 oculis
1814 2052 1893 2085 ex-

208 2106 449 2157 hibentes,

356 2181 488 2230 Haec
521 2182 686 2230 dicere
721 2182 964 2248 compulsi
992 2198 1179 2244 sumUS,
1224 2185 1454 2247 quoniam
1485 2185 1714 2248 pessimis
1746 2185 1892 2233 mori-

207 2253 302 2304 bus
342 2257 523 2304 civium
562 2255 831 2305 Romanam
877 2271 984 2304 rem
1029 2256 1278 2320 publicam
1322 2259 1419 2305 iam
1459 2263 1600 2306 antea
1649 2257 1894 2321 perditam

208 2328 361 2378 fuisse
402 2328 682 2392 nullamque
725 2332 1019 2378 remansisse
1059 2336 1170 2378 ante
1210 2330 1473 2380 adventum
1512 2330 1697 2379 domini
1735 2333 1895 2380 nostri

119 2401 321 2451 301esu
377 2401 559 2451 Christi
613 2410 840 2452 auctores
895 2418 1069 2452 eorum
1114 2403 1279 2452 dicere
1328 2410 1377 2453 et
1423 2403 1641 2453 scribere
1688 2405 1895 2453 minime

208 2475 510 2524 dubitarunt.
587 2476 744 2534 Quam
797 2476 1127 2541 perditionem
1181 2477 1273 2525 diis
1328 2479 1430 2526 suis
1481 2493 1582 2526 non
1634 2479 1893 2544 imputant,

208 2550 293 2613 qui
331 2549 456 2597 mala
495 2552 792 2616 transitoria,
833 2550 1012 2615 quibus
1051 2549 1183 2616 boni,
1223 2565 1311 2599 seu
1349 2552 1512 2599 vivant
1551 2566 1640 2600 seu
1678 2552 1890 2600 morian—

329 2711 380 2750 17
422 2706 655 2750 celebrata,
695 2708 742 2750 et
782 2706 961 2759 C¹A¹v‚·
1004 2706 1241 2751 celebrata
1279 2707 1350 2750 est
1387 2707 1440 2749 ut,
1470 2705 1594 2749 K1F
1599 2722 1616 2759 ;
1657 2707 1891 2751 celebrata

206 2766 260 2808 ut
278 2764 475 2808 0²A2K2
497 2766 512 2821 ΙΙ
539 2770 591 2810 18
618 2779 696 2809 eos
712 2764 876 2809 fecisse
903 2765 1056 2818 CAR·
1089 2779 1166 2809 eos
1182 2765 1299 2809 talia
1312 2765 1475 2809 fecisse
1499 2765 1575 2808 Kv
1599 2766 1616 2822 ΙΙ
1640 2770 1694 2809 19
1718 2765 1813 2809 illis
1836 2765 1891 2808 li-

206 2823 492 2868 bentissimis
517 2827 612 2878 (65,
630 2829 719 2880 22)
741 2824 810 2868 ibi
833 2824 950 2868 talia
981 2823 1188 2868 exhiberi
1209 2825 1375 2880 scripsi
1383 2840 1400 2878 ;
1438 2823 1546 2867 illos
1584 2823 1890 2868 libentissime

207 2881 297 2924 sibi
325 2884 358 2926 t.
394 2897 431 2926 e.
467 2882 672 2936 GAKF,·
702 2882 812 2927 illos
844 2883 1153 2927 libentissime
1187 2882 1275 2927 sibi
1306 2885 1339 2927 t.
1372 2882 1493 2926 velle
1526 2896 1566 2926 e.
1598 2896 1623 2926 v
