2038 3152
207 166 239 218 6
869 176 904 209 s
929 175 1203 210 Accus'rnu

206 292 290 354 qui
329 291 379 338 in
417 289 499 339 illo
547 289 622 338 vel
666 288 749 338 illo
798 288 980 353 templo
1020 289 1195 338 fuisset
1233 290 1476 338 inventus
1553 288 1726 338 Nonne
1766 291 1886 341 vidit

205 365 393 412 Aeneas
431 363 681 412 Priamum
718 377 808 427 per
847 377 955 411 aras

352 467 602 530 Sanguine
632 467 915 515 foedantem
952 482 1074 527 quos
1113 466 1219 527 ipse
1251 470 1534 515 sacraverat
1571 466 1748 528 ignes?

206 570 377 619 Nonne
418 569 677 618 Diomedes
716 576 766 618 et
803 567 970 617 Ulixes

147 682 173 720 5
558 673 713 722 caesis
753 688 974 721 summae
1013 673 1302 721 custodibus
1342 673 1469 721 arcis

354 748 647 811 Corripuere
687 762 877 795 sacram
909 746 1127 808 effigiem
1163 746 1491 808 manibusque
1531 748 1747 796 cruentis

351 821 615 883 Virginea-s
655 822 764 869 ausi
803 821 946 869 divae
985 820 1274 882 contingere
1312 819 1499 868 vittas?

123 966 126 971 ,
204 925 304 974 Nec
346 931 507 974 tamen
549 924 678 988 quod
719 924 945 986 sequitur
983 936 1154 971 verum
1196 929 1292 970 est:

350 1030 424 1076 Ex
462 1029 548 1077 illo
586 1029 739 1075 fluere
779 1042 836 1075 ac
873 1028 1006 1074 retro
1048 1025 1283 1087 sublapsa
1314 1026 1490 1074 referri

115 1108 170 1148 10
349 1102 471 1164 Spes
509 1102 752 1150 Danaum.

200 1206 377 1255 Postea
425 1207 604 1270 quippe
652 1205 901 1269 vicerunt,
947 1210 1117 1267 postea
1168 1202 1365 1251 Troiam
1413 1204 1546 1252 ferro
1585 1204 1881 1271 ignibusque

201 1279 450 1344 delerunt,
489 1284 658 1342 postea
701 1277 1067 1341 confugientem
1099 1275 1158 1325 ad
1191 1291 1299 1325 aras
1330 1276 1581 1327 Priamum
1620 1278 1881 1330 obtrunca-

200 1359 393 1402 verunt.
468 1351 571 1400 Nec
618 1351 728 1399 ideo
775 1349 922 1398 Troia
966 1350 1137 1416 periit,
1185 1351 1296 1413 quia
1336 1349 1605 1400 Minervam
1649 1353 1879 1418 perdidit.

203 1426 331 1484 Quid
371 1426 503 1474 enim
540 1425 680 1489 prius
718 1425 823 1488 ipsa
860 1423 1078 1472 Minerva
1114 1422 1418 1490 perdiderat,
1464 1431 1520 1474 ut
1557 1424 1781 1490 periret?
1820 1443 1881 1478 an

115 1509 169 1548 15
202 1501 329 1549 forte
378 1497 608 1548 custodes
658 1493 818 1546 suos?
892 1495 996 1546 Hoc
1044 1511 1159 1545 sane
1207 1512 1378 1546 verum
1419 1504 1514 1564 est3
1562 1499 1657 1549 illis
1698 1503 1885 1566 quippe

200 1573 512 1637 interemptis
550 1572 711 1636 potnit
750 1570 948 1619 auferri.
1024 1569 1195 1634 Neque
1240 1572 1369 1619 enim
1409 1570 1633 1622 homines
1672 1589 1697 1623 a
1730 1575 1879 1625 simu-

198 1647 346 1713 lacr0,
378 1644 461 1695 sed
497 1643 811 1694 simulacrum
843 1642 902 1691 ab
933 1642 1214 1692 hominibus
1246 1644 1546 1695 servabatur.
1595 1646 1702 1705 Quo
1735 1648 1879 1698 modo

200 1735 317 1784 ergo
357 1719 622 1784 colebatur,
661 1723 716 1766 ut
753 1718 960 1782 patriam
1000 1716 1271 1767 custodiret
1311 1725 1360 1767 et
1400 1720 1530 1768 cives
1542 1759 1556 1786 ,
1597 1735 1721 1785 quae
1761 1737 1879 1771 suos

199 1808 297 1842 non
336 1792 485 1844 valuit
525 1790 773 1841 custodire
815 1787 1081 1839 custodes?

112 1977 168 2017 20
875 1963 1069 2017 CAPUT
1102 1964 1198 2017 ΙΙΙ.

252 2074 410 2130 Quam
449 2074 780 2133 inprudenter
820 2072 1039 2120 Romani
1076 2073 1193 2120 deos
1226 2078 1457 2135 penate-3,
1497 2076 1587 2135 qui
1628 2075 1829 2125 Troiam

274 2147 530 2195 custodire
560 2160 657 2194 non
683 2150 973 2207 potuerant,
1004 2145 1103 2192 sibi
1132 2147 1465 2194 crediderunt
1487 2146 1800 2208 profuturos

344 2247 473 2296 Ecce
506 2247 730 2311 qualibus
763 2248 856 2296 diis
881 2245 1062 2294 Urbem
1087 2245 1293 2295 Romani
1326 2248 1612 2296 servandam
1651 2265 1703 2298 se
1744 2266 1875 2300 com·

199 2322 390 2370 misisse
431 2319 725 2385 gaudebant!
803 2319 842 2368 Ο
890 2320 1096 2368 nimium
1134 2319 1462 2369 miserabilem
1501 2322 1744 2372 errorem!
1814 2323 1875 2374 Et

112 2403 166 2442 25
200 2394 341 2443 nobis
387 2402 699 2460 suscensent,
746 2409 859 2443 cum
905 2393 965 2441 de
1013 2392 1106 2441 diis
1146 2408 1318 2442 eorum
1358 2393 1471 2442 talia
1509 2394 1743 2462 dicimus;
1781 2412 1873 2446 nec

200 2474 492 2517 suscensent
529 2467 812 2517 auctoribus
853 2468 979 2531 suiS,
1019 2481 1142 2530 quos
1182 2473 1237 2515 ut
1276 2467 1554 2517 ediscerent
1593 2470 1873 2520 mercedem

199 2540 441 2590 dederunt
486 2540 810 2605 doctoresque
857 2541 991 2604 ipsos
1037 2541 1241 2604 insuper
1287 2547 1336 2589 et
1375 2540 1549 2589 salario
1588 2540 1785 2606 publico
1825 2552 1874 2593 et

317 2685 360 2738 3)
393 2683 530 2738 Verg.
563 2683 674 2726 Aen.
707 2688 748 2737 2,
782 2687 862 2727 501
899 2696 964 2737 sq.
1030 2684 1101 2736 10)
1134 2681 1247 2724 Aen.
1280 2686 1322 2737 2,
1358 2687 1439 2726 167
1472 2697 1569 2738 sqq.

319 2851 338 2887 1
375 2845 450 2888 uel
482 2822 529 2888 in
559 2845 642 2888 illo
676 2844 771 2888 AF
805 2846 820 2900 Η
859 2848 914 2886 22
947 2842 1098 2886 malim
1133 2841 1410 2886 crediderint
1448 2844 1464 2899 ΙΙ
1501 2848 1556 2888 23
1590 2844 1870 2890 commisisse

200 2901 304 2955 CA‚·
335 2904 679 2948 commendasse
712 2903 834 2947 KFc

2031 1518 2038 1546 ἐ

2030 1639 2038 1678 3
