2020 3122
267 122 377 175 480
933 133 969 166 s,
995 132 1270 167 Aneus'mm

268 254 530 297 cunctetur
569 262 661 295 nec
700 246 800 295 ullo
840 261 1010 296 errore
1059 244 1266 295 fallatur.
1344 245 1481 296 Hanc
1528 246 1710 297 habere
1751 246 1951 310 angelos

265 321 391 370 lucis
444 323 523 385 pia
577 320 671 369 fide
727 319 996 386 credimus3
1059 320 1184 370 hanc
1246 336 1338 370 nec
1395 327 1657 385 antequam
1715 320 1952 369 caderent

265 395 496 444 habuisse
543 393 742 459 angelos
788 402 1098 460 peccatoreS,
1151 397 1236 458 qui
1284 408 1371 443 sua
1425 397 1662 458 pravitate
1701 393 1782 444 illa
1835 393 1950 442 luce

261 470 439 533 privati
477 476 614 534 sunt,
662 471 986 532 consequenti
1026 470 1213 517 ratione
1255 467 1550 534 colligimus3
1597 467 1827 517 habuisse
1881 473 1951 515 ta·

205 552 230 590 5
263 557 377 591 men
417 542 647 606 aliquam,
689 543 781 591 etsi
821 557 919 591 non
959 543 1252 607 praesciam,
1299 540 1675 607 beatitudinem,
1717 544 1758 591 si
1795 543 1947 590 vitam

265 624 473 681 egerunt
519 622 629 665 ante
675 623 955 682 peccatum,
1002 616 1224 680 profecto
1273 615 1508 664 credendi
1554 623 1683 665 sunt.
1760 614 1857 663 Aut
1909 615 1950 662 si

263 690 445 739 durum
477 690 684 756 videtur,
724 689 918 753 quando
958 690 1073 738 sacti
1113 696 1229 737 sunt
1267 689 1441 755 angeli,
1482 689 1600 738 alios
1640 689 1846 738 credere
1881 689 1948 736 ita

264 764 419 812 factos
458 770 514 812 ut
553 779 652 812 non
691 765 974 828 acciperent
1021 764 1399 827 praescientiam
1436 763 1513 811 vel
1552 763 1947 827 perseverantiae

264 837 340 886 vel
373 852 515 886 casus
549 839 642 902 sui,
673 836 792 885 alios
824 843 988 885 autem
1020 839 1086 885 ita
1118 843 1174 885 ut
1198 839 1401 885 veritate
1436 838 1709 886 certissima
1734 836 1946 886 aeterni-

181 921 235 960 10
266 918 417 960 tatem
471 926 588 959 suae
641 910 960 960 beatitudinis
1007 917 1232 975 nossent,
1289 910 1374 959 sed
1429 910 1644 974 aequalis
1699 909 1947 959 felicitatis

266 1000 437 1033 omnes
469 984 528 1032 ab
559 985 700 1033 initio
733 986 887 1033 creati
919 991 1049 1050 sunt,
1090 991 1139 1033 et
1171 986 1237 1033 ita
1277 985 1494 1050 fuerunt,
1533 984 1690 1033 donec
1722 985 1819 1049 isti,
1859 983 1945 1045 qui

267 1058 559 1107 nunc‘mali
610 1064 746 1125 sunt,
801 1057 859 1106 ab
905 1057 987 1107 illo
1042 1057 1274 1107 bonitatis
1324 1058 1510 1107 lumine
1558 1073 1646 1107 sua
1695 1057 1943 1107 voluntate

268 1132 583 1181 cecidissent:
633 1131 808 1196 procul
854 1131 1002 1180 dubio
1051 1131 1204 1181 multo
1253 1139 1329 1181 est
1375 1131 1547 1181 durius
1594 1147 1726 1181 nunc
1772 1137 1948 1196 putare
2019 1149 2020 1152 ¹

268 1205 466 1270 angelos
499 1212 693 1255 sanctos
719 1212 947 1254 aeternae
973 1221 1090 1255 suae
1123 1205 1442 1255 beatitudinis
1473 1207 1706 1272 incertOS‚
1738 1211 1787 1255 et
1817 1205 1950 1268 ipsos
2019 1202 2020 1232 ³

182 1290 234 1327 15
268 1280 327 1328 de
369 1286 525 1328 semet
563 1281 683 1344 ipsis
721 1281 972 1346 ignorare,
1013 1279 1143 1343 quod
1184 1295 1274 1328 nos
1314 1279 1373 1328 de
1412 1279 1508 1328 illis
1547 1295 1638 1344 per
1677 1281 1949 1343 scripturas

269 1361 461 1402 sanctas
501 1368 646 1402 nosse
686 1354 951 1417 potuimus,
1015 1353 1136 1411 Quis
1170 1355 1301 1402 enim
1341 1353 1611 1402 catholicus
1644 1352 1952 1402 Christianus

268 1429 461 1492 ignorat
500 1426 689 1475 nullum
730 1442 908 1475 novum
949 1426 1197 1476 diabolum
1236 1442 1296 1476 ex
1338 1426 1481 1476 honis
1521 1426 1706 1491 angelis
1746 1425 1955 1476 ulterius

270 1501 507 1567 futurum,
540 1502 669 1549 sicut
699 1515 791 1549 nec
823 1502 972 1549 istum
1005 1502 1055 1549 in
1081 1502 1365 1550 societatem
1398 1500 1643 1549 bonorum
1668 1499 1954 1566 angelorum

268 1574 477 1623 ulterius
524 1571 837 1623 rediturum?
913 1573 1103 1623 Veritas
1143 1576 1324 1639 quippe
1372 1577 1422 1623 in
1473 1574 1721 1639 evangelio
1769 1572 1952 1623 sanctis

182 1657 236 1695 20
269 1647 592 1711 fidelibusque
638 1649 904 1712 promittit,
961 1648 1091 1712 quod
1139 1656 1287 1697 erunt
1334 1647 1561 1712 aequales
1610 1648 1795 1712 angelis
1841 1645 1951 1710 Dei3

269 1721 448 1786 quibus
489 1722 634 1770 etiam
681 1723 1009 1788 promittitur,
1058 1722 1189 1786 quod
1227 1721 1371 1771 ibunt
1409 1724 1459 1770 in
1497 1723 1644 1770 vitam
1685 1729 1949 1771 aeternam.

268 1795 423 1843 Porro
464 1801 627 1844 autem
667 1797 708 1843 si
747 1810 837 1843 nos
877 1797 1002 1844 certi
1041 1811 1213 1845 sumus
1246 1810 1514 1860 numquam
1546 1811 1636 1844 nos
1669 1811 1728 1844 ex
1767 1794 1846 1844 illa
1877 1795 1950 1842 in·

269 1868 462 1918 mortali
507 1868 738 1918 felicitate
787 1884 1010 1934 casuros,
1060 1869 1131 1918 illi
1177 1885 1293 1918 vero
1344 1871 1469 1918 certi
1515 1884 1615 1918 non
1663 1875 1800 1919 sunt:
1853 1870 1950 1916 iam

269 1944 509 2008 potioreS,
557 1957 655 1991 non
695 1943 922 2006 aequales
963 1945 1033 1992 eis
1073 1944 1274 1992 erimus
1354 1942 1450 1992 Sed
1490 1944 1604 2007 quia
1642 1955 1950 2007 nequaquam

182 2024 237 2062 25
271 2015 462 2064 Veritas
510 2016 630 2064 fallit
670 2023 718 2065 et
765 2016 992 2080 aequales
1033 2018 1103 2066 eis
1151 2019 1356 2083 erimuS,
1402 2017 1625 2081 profecto
1666 2018 1811 2065 etiam
1858 2015 1952 2079 ipsi

271 2091 394 2138 certi
427 2096 543 2138 sunt
575 2105 690 2138 suae
723 2089 970 2139 felicitatis
995 2098 1237 2140 aeternae.
1294 2089 1445 2139 Cuius
1476 2089 1546 2139 illi
1578 2089 1658 2138 alii
1691 2091 1804 2154 quia
1829 2089 1951 2138 certi

271 2178 369 2210 non
409 2163 612 2211 suerunt
652 2157 775 2229 (non
808 2166 940 2212 enim
971 2171 1077 2213 erat
1116 2179 1290 2213 eorum
1322 2170 1521 2212 aeterna
1561 2163 1768 2212 felicitas
1808 2164 1949 2212 cuius

271 2237 395 2284 certi
427 2243 618 2302 essent,
646 2252 769 2300 quae
802 2237 951 2286 finem
982 2238 1144 2287 fuerat
1174 2233 1439 2304 habitura),
1471 2243 1638 2302 restat,
1669 2243 1725 2286 ut
1755 2243 1839 2285 aut
1878 2237 1950 2284 in-

268 2324 413 2374 pares
453 2310 659 2375 suerint,
699 2317 802 2370 aut,
843 2313 885 2359 si
923 2327 1066 2375 pares
1107 2312 1332 2378 fuerunt,
1371 2319 1483 2375 post
1514 2313 1724 2360 istorum
1756 2312 1948 2359 ruinam
1987 2353 1989 2355 ,

181 2392 237 2431 30
269 2383 365 2432 illis
413 2389 547 2432 certa
587 2385 789 2432 scientia
837 2399 952 2433 suae
1001 2387 1328 2450 sempiternae
1369 2384 1616 2433 felicitatis
1671 2384 1948 2433 accesserit.

270 2455 376 2505 Nisi
416 2457 543 2506 forte
585 2458 695 2520 quis
735 2456 863 2506 dicat
897 2458 960 2523 id,
1001 2459 1131 2522 quod
1172 2458 1409 2507 Dominus
1449 2460 1515 2507 ait
1561 2457 1620 2506 de
1661 2456 1851 2506 diabolo
1898 2458 1949 2504 in

272 2530 542 2595 evangelio:
585 2531 676 2579 Ille
714 2533 967 2580 homicida
1008 2539 1121 2581 erat
1160 2534 1223 2582 ab
1264 2535 1405 2581 initio
1439 2538 1487 2581 et
1525 2535 1575 2580 2'72
1605 2535 1817 2580 veritate
1851 2543 1949 2579 nort

389 2659 464 2713 20>
495 2657 576 2700 Mt.
610 2662 680 2712 22,
713 2662 782 2702 30.
846 2660 919 2714 21)
951 2658 1016 2702 lb.
1051 2663 1120 2713 25,
1154 2664 1223 2703 46.

390 2810 444 2848 14
476 2804 715 2849 beatitatis
747 2819 772 2848 v
796 2806 888 2860 {122
922 2804 1062 2849 simus
1095 2805 1192 2848 AF
1211 2807 1226 2861 ΙΙ
1250 2809 1305 2849 23
1340 2805 1455 2849 certi
1497 2805 1559 2859 V‚·
1590 2805 1628 2848 si
1659 2804 1774 2848 certi
1804 2818 1830 2848 v
1853 2805 1868 2860 u
1893 2808 1948 2847 24

271 2863 337 2908 eis
370 2877 452 2908 om.
494 2863 570 2920 Vl}
594 2869 647 2908 31
680 2863 751 2922 id]
783 2863 859 2908 hic
891 2864 989 2907 AF
