2038 3152
157 607 182 643 5

129 1091 187 1132 10

135 1486 189 1525 15

135 1851 193 1892 20

140 2208 195 2249 25

138 2572 197 2612 30

209 160 281 213 40
886 173 919 206 s.
946 173 1223 207 AUGUSTINI

214 287 469 350 dispositio
501 285 576 334 vel
607 284 887 349 probandos
926 285 1002 334 vel
1042 284 1373 334 emendandos
1411 283 1471 331 ad
1510 289 1706 348 tempus
1743 283 1896 334 hosti-

212 360 306 409 bus
346 358 701 423 subiugaverit,
741 374 865 423 quos
903 361 954 407 in
994 358 1076 407 illa
1112 357 1386 407 humilitate
1426 371 1525 406 non
1566 357 1772 424 deserit,
1810 359 1896 422 qui

212 440 416 498 propter
441 448 526 481 eos
551 439 650 480 tam
673 432 924 482 humiliter
949 431 1213 481 altissimus
1252 432 1400 495 venit,
1439 432 1732 494 praesertim
1771 445 1897 495 quos

217 507 399 556 nullius
439 505 664 554 militaris
702 507 961 570 potestatis
1000 505 1075 553 vel
1115 504 1224 554 talis
1263 504 1465 553 militiae
1504 504 1614 552 iura
1652 506 1895 553 constrin—

217 578 556 645 gunt‘ipsum
605 578 799 628 hostem
856 580 1006 628 ferire
1059 584 1360 643 superatum.
1451 576 1571 634 Quis
1627 593 1744 642 ergo
1798 585 1897 627 tam

216 654 372 703 malus
397 668 539 701 error
563 651 772 718 obrepit,
811 659 868 702 ut
905 652 1051 701 homo
1092 667 1143 700 se
1183 652 1388 717 occidat,
1426 650 1502 699 vel
1542 652 1655 715 quia
1694 653 1746 700 in
1786 666 1899 700 eum

216 729 458 792 peccavit,
496 725 572 774 vel
612 741 673 775 ne
712 728 764 774 in
804 741 917 775 eum
956 732 1130 790 peccet
1167 727 1420 791 inimicUS,
1460 740 1574 773 cum
1613 725 1689 773 vel
1727 739 1898 790 pecca-

217 810 378 850 torem
402 799 477 848 1·οΙ
501 807 822 864 peccaturum
845 802 1009 863 ipsum
1034 798 1259 848 occidere
1285 814 1384 847 non
1410 798 1586 847 audeat
1609 795 1902 848 inimicum?

861 955 1058 1014 CAPUT
1091 957 1258 1010 XXV.

301 1067 458 1125 Quod‘
475 1071 742 1127 peccatum
781 1079 880 1114 non
911 1080 1011 1127 per
1042 1071 1312 1127 peccatum
1352 1066 1530 1114 debeat
1570 1066 1834 1113 declinari.

367 1168 428 1216 At
453 1169 584 1216 enim
608 1167 882 1216 timendum
908 1174 983 1216 est
1009 1174 1058 1216 et
1089 1167 1374 1232 cavendum,
1413 1183 1475 1215 ne
1507 1165 1699 1215 libidini
1736 1165 1903 1214 hostili

221 1241 474 1290 subditum
521 1256 702 1305 eorpus
757 1240 1205 1290 inlecebrosissima
1255 1241 1503 1305 voluptate
1555 1242 1772 1289 animum
1821 1238 1901 1287 ad-

219 1315 351 1364 licia‘t
383 1316 662 1363 consentire
687 1320 905 1378 peccato,
966 1313 1195 1381 Proinde,
1234 1315 1479 1380 inquiunt,
1519 1329 1617 1362 non
1655 1314 1752 1361 iam
1789 1327 1902 1378 pro-

222 1396 336 1452 pter
376 1387 604 1451 alienum,
644 1386 729 1435 sed
768 1394 973 1451 propter
1013 1403 1160 1436 suum
1197 1393 1469 1451 peecatum,
1509 1393 1772 1451 antequam
1810 1386 1904 1435 hoc

225 1463 434 1525 quisque
485 1462 778 1526 committat,
826 1475 878 1509 se
926 1460 1072 1509 debet
1112 1461 1351 1510 occidere.
1428 1460 1572 1509 Nullo
1611 1459 1758 1509 modo
1798 1461 1903 1525 qui-

225 1533 337 1584 dem
376 1534 470 1583 hoc
508 1534 655 1582 faciet
694 1535 907 1599 animuS,
947 1540 1002 1583 ut
1042 1536 1317 1583 consentiat
1354 1533 1546 1583 libidini
1585 1535 1748 1583 carnis
1787 1549 1904 1583 suae

225 1609 381 1659 aliena
419 1606 620 1655 libidine
662 1608 959 1673 concitatae,
999 1610 1084 1671 qui
1122 1607 1222 1656 Deo
1262 1610 1430 1672 potius
1469 1609 1674 1672 eiusque
1715 1609 1905 1672 sapien-

225 1685 320 1731 tiae
377 1696 523 1746 quam
578 1682 776 1745 corpori
842 1680 1178 1745 voluptatique
1240 1681 1494 1731 subiectus
1556 1687 1645 1730 est.
1721 1680 1906 1730 Verum

226 1764 391 1804 tamen
416 1756 458 1803 51
482 1753 769 1802 detestabile
810 1754 1000 1803 facinus
1041 1761 1090 1803 et
1128 1754 1401 1804 damnabile
1443 1754 1604 1804 scelus
1645 1761 1719 1803 est
1758 1756 1907 1803 etiam

228 1845 279 1878 se
319 1830 482 1893 ipsum
520 1827 771 1876 hominem
810 1828 1058 1893 occidere,
1109 1830 1237 1877 sicut
1274 1830 1454 1877 veritas
1493 1829 1752 1877 manifesta
1793 1843 1906 1893 pro-

228 1902 423 1966 clamat,
464 1902 574 1965 quis
613 1902 679 1950 ita
718 1901 947 1967 desipiat,
995 1908 1051 1951 ut
1090 1902 1239 1951 dicat:
1284 1901 1418 1968 „Iam
1455 1917 1588 1951 nunc
1627 1917 1907 1968 peccemuS,

229 1991 290 2024 ne
330 1980 502 2039 postea
548 1975 675 2023 sorte
722 1990 1007 2040 peccemus,
1054 1977 1150 2023 iam
1198 1991 1329 2024 nunc
1369 1983 1714 2041 perpetremus
1751 1975 1906 2024 homi-

230 2048 427 2113 cidium,
466 2062 527 2095 ne
560 2054 730 2111 postea
754 2048 881 2096 sorte
914 2048 1186 2097 incidamus
1225 2051 1277 2097 in
1317 2045 1680 2098 adulterium“‘?
1732 2048 1907 2098 Nonne

230 2123 485 2171 sitantum
512 2120 791 2169 dominatur
814 2123 1062 2188 iniquitas,
1101 2129 1156 2171 ut
1195 2137 1294 2170 non
1333 2124 1630 2188 innocentia,
1669 2122 1755 2171 sed
1793 2138 1908 2187 pec-

229 2201 336 2244 cata
373 2195 538 2258 potius
579 2193 835 2259 eligantur,
876 2197 1029 2243 satius
1068 2204 1143 2244 est
1180 2197 1427 2245 incertum
1466 2196 1526 2245 de
1566 2197 1734 2245 futuro
1774 2195 1907 2245 adul-

228 2269 410 2317 terium
465 2282 610 2330 quam
661 2273 853 2316 certum
907 2268 965 2316 de
1017 2271 1266 2332 praesenti
1315 2267 1670 2319 homicidium?
1734 2269 1909 2318 Nonne

230 2342 382 2390 satius
421 2346 496 2388 est
534 2340 772 2404 flagitium
811 2343 1141 2408 committere,
1188 2342 1316 2406 quod
1358 2343 1652 2407 paenitendo
1693 2350 1911 2410 sanetur,

230 2429 376 2479 quam
430 2413 523 2461 tale
575 2414 787 2480 facinuS,
838 2413 924 2463 ubi
984 2415 1122 2464 loeus
1162 2415 1372 2465 salubris
1426 2418 1752 2481 paenitentiae
1807 2431 1907 2465 non

229 2483 563 2551 relinquitur?
629 2486 760 2535 Haec
812 2487 910 2535 dixi
960 2495 1163 2553 propter
1210 2505 1294 2538 eos
1344 2489 1421 2538 vel
1472 2505 1552 2538 eas
1564 2529 1579 2556 ,
1633 2505 1758 2554 quae
1809 2505 1909 2538 non

230 2561 389 2626 alieni,
430 2560 515 2608 sed
547 2562 735 2624 proprii
766 2563 955 2624 peceati
987 2562 1232 2610 devitandi
1272 2578 1432 2629 causa,
1472 2578 1533 2611 ne
1573 2562 1666 2611 sub
1706 2562 1910 2611 alterius

228 2633 428 2682 libidine
477 2635 623 2682 etiam
670 2636 906 2683 excitatae
955 2650 1072 2683 suae
1121 2636 1247 2684 sorte
1289 2638 1621 2702 consentiant,
1666 2637 1763 2683 vim
1802 2635 1912 2702 sibi,

349 2780 402 2819 17
436 2774 696 2819 concitante
728 2775 932 2832 AK²F11
957 2781 1011 2820 18
1042 2776 1366 2832 uoluptatique
1399 2775 1458 2830 0,·
1489 2775 1911 2833 concupiscentiae-

225 2847 318 2936 {lue
355 2834 478 2887 KR·
526 2833 714 2890 eiusque
762 2833 1165 2891 concupiscentiae
1203 2836 1274 2889 A,
1328 2834 1532 2891 corporis
1584 2834 1910 2891 concupiscen—

247 2906 319 2938 lae
350 2905 376 2937 v
