2020 3122
619 137 685 168 DE
710 135 949 169 CIVITATE
973 137 1062 169 DEI
1086 138 1128 169 L.
1151 138 1201 170 11.
1227 138 1263 171 c.
1287 140 1320 171 9.
1737 129 1806 181 63

124 256 407 316 pateretur,
454 247 664 314 probare
711 263 799 297 sua
846 247 1053 297 theatris
1098 248 1277 314 flagitia
1337 247 1672 314 potuissent.“
1745 253 1807 302 Et

127 323 301 374 Graeci
348 322 547 387 quidem
594 323 899 386 antiquiores
947 323 1149 371 vitiosae
1198 338 1315 371 suae
1363 325 1607 388 opinionis
1656 340 1805 388 quan·

126 397 237 448 dam
276 397 667 445 convenientiam
714 401 998 461 servarunt,
1045 395 1170 460 apud
1220 411 1344 460 quos
1384 397 1476 446 fuit
1515 399 1662 446 etiam
1700 398 1806 463 lege

127 485 433 536 concessum,
472 476 528 519 ut
566 469 696 533 quod
729 468 875 518 vellet
913 469 1179 535 comoedia,
1218 470 1278 518 de
1319 485 1416 534 quo
1456 470 1613 536 vellet,
1653 474 1805 520 nomi-

126 545 278 592 natim
310 543 511 592 diceret.
581 542 765 607 Itaque,
798 543 927 591 sicut
958 544 1008 590 in
1041 542 1228 592 eisdem
1259 542 1399 592 libris
1431 543 1650 608 loquitur
1681 545 1804 594 Afri-

126 632 293 683 canuS,
330 630 511 683 „quem
548 616 628 664 illa
661 631 758 665 non
799 615 985 682 adtigit,
1023 615 1099 664 vel
1137 618 1303 682 potius
1343 632 1490 681 quem
1529 633 1627 666 non
1667 634 1805 668 vexa-

125 692 215 757 vit,
256 691 336 741 cui
373 686 634 756 pepercit?
710 689 852 755 Est0,
889 689 1154 754 populares
1194 689 1418 740 homines
1458 691 1715 755 inprobos,
1755 694 1806 741 in

125 779 179 813 re
218 763 414 829 publica
454 763 736 829 seditiosos,
777 761 1023 828 Cleonem,
1065 762 1433 830 Cleophontem,
1472 763 1806 828 Hyperbolum

125 837 279 887 laesit.
355 837 627 903 Patiamur,
673 838 856 903 inquit,
903 838 997 885 etsi
1045 838 1151 886 eius
1192 838 1323 886 modi
1363 839 1493 886 cives
1534 853 1560 885 a
1600 853 1805 887 censore

124 910 302 960 melius
340 918 416 960 est
455 926 602 975 quam
641 925 666 958 a
705 918 849 974 poeta
889 912 1061 959 notari.
1141 910 1237 959 Sed
1276 911 1516 976 Periclen,
1557 927 1671 961 cum
1710 913 1805 961 iam

127 1000 244 1034 suae
284 986 467 1034 civitati
514 985 721 1032 maxima
769 985 1058 1033 auctoritate
1105 983 1345 1048 plurimos
1385 1000 1539 1033 annos
1586 985 1718 1034 domi
1757 992 1806 1034 et

125 1057 241 1106 belli
263 1058 575 1124 praefuisset,
614 1057 785 1106 violari
808 1056 1034 1106 versibus
1073 1064 1123 1106 et
1162 1073 1247 1106 eos
1287 1059 1363 1122 agi
1402 1060 1453 1106 in
1494 1074 1669 1107 scaena
1708 1074 1806 1107 non

123 1131 235 1196 plus
275 1131 456 1197 decuit,
495 1146 640 1195 quam
680 1132 723 1179 si
760 1130 978 1196 PlautuS,
1017 1133 1201 1198 inquit,
1241 1139 1411 1180 noster
1449 1131 1685 1181 voluisset
1724 1140 1807 1181 aut

123 1204 335 1254 Naevius
388 1203 562 1253 Publio
618 1210 667 1252 et
730 1203 865 1252 Gneo
930 1203 1148 1269 Scipioni
1202 1213 1286 1254 aut
1340 1204 1580 1254 Caecilius
1641 1205 1804 1254 Marco

127 1275 298 1337 Catoni
336 1272 676 1327 maledicere.“
750 1276 935 1326 Deinde
974 1277 1119 1342 paulo
1159 1286 1293 1342 post:
1338 1278 1592 1344 „Nostrae,
1630 1280 1806 1344 inquit,

125 1358 295 1402 contra
329 1351 587 1401 duodecim
624 1350 815 1400 tabulae
857 1366 969 1400 cum
993 1367 1264 1416 perpaucas
1305 1367 1384 1400 res
1425 1354 1582 1416 capite
1624 1354 1805 1401 sanxis-

125 1432 249 1493 sent,
287 1427 338 1474 in
379 1424 455 1474 his
493 1424 618 1473 hanc
659 1440 855 1489 quoque
897 1424 1210 1474 sanciendam
1247 1432 1567 1490 putaverunt,
1617 1427 1657 1474 si
1698 1428 1807 1490 quis

125 1500 482 1548 occentavisset
528 1501 628 1547 sive
678 1514 876 1547 carmen
917 1498 1241 1565 condidisset,
1282 1499 1412 1563 quod
1452 1499 1701 1548 infamiam
1740 1500 1805 1547 fa-

126 1580 264 1622 ceret
308 1572 606 1637 flagitiumve
654 1571 808 1622 alteri.
885 1571 1156 1621 Praeclare.
1234 1572 1432 1623 Iudiciis
1480 1574 1610 1622 enim
1658 1575 1806 1637 magi—

125 1652 383 1713 stratuum,
422 1645 862 1712 disceptationibus
893 1645 1126 1711 legitimis
1165 1648 1470 1711 propositam
1508 1648 1669 1713 vitam,
1708 1662 1805 1695 non

123 1725 382 1784 poetarum
429 1721 640 1784 ingeniis
686 1718 868 1768 habere
917 1718 1176 1787 debemus,
1228 1735 1320 1769 nec
1358 1719 1598 1785 probrum
1638 1719 1807 1769 audire

123 1794 221 1843 nisi
270 1808 327 1842 ea
372 1792 502 1860 lege,
549 1800 605 1842 ut
651 1793 951 1859 respondere
998 1793 1142 1843 liceat
1189 1800 1239 1842 et
1275 1793 1457 1842 iudicio
1498 1788 1810 1842 defendere.“

123 1866 255 1916 Haec
295 1882 354 1916 ex
395 1866 646 1916 Ciceronis
687 1873 861 1932 quarto
909 1866 969 1915 de
1009 1882 1064 1916 re
1102 1865 1299 1932 publica
1337 1866 1463 1916 libro
1504 1867 1562 1916 ad
1603 1866 1807 1916 verbum

125 1941 431 2006 excerpenda
478 1940 745 1990 arbitratus
790 1955 928 2007 sum,
968 1940 1219 1990 nonnullis
1273 1947 1479 2005 propter
1533 1939 1803 1989 faciliorem

125 2013 430 2063 intellectum
492 2014 566 2063 vel
626 2015 990 2080 praetermissis
1045 2013 1120 2063 vel
1173 2013 1427 2079 paululum
1481 2015 1805 2063 commutatis.

124 2087 331 2137 Multum
377 2089 508 2136 enim
556 2087 614 2136 ad
664 2102 770 2136 rem
817 2089 1054 2154 pertinet,
1114 2103 1260 2152 quam
1318 2087 1493 2136 molior
1550 2087 1807 2152 explicare,

126 2163 168 2209 si
205 2167 395 2227 potem.
473 2161 600 2210 Dicit
632 2161 808 2210 deinde
841 2160 931 2210 alia
970 2167 1020 2210 et
1058 2163 1130 2212 sic
1171 2161 1419 2210 concludit
1457 2161 1589 2211 hunc
1628 2161 1806 2224 locum,

125 2242 180 2284 ut
234 2235 461 2284 ostendat
513 2233 765 2284 veteribus
826 2234 1135 2300 displicuisse
1191 2234 1423 2285 Romanis
1484 2234 1560 2284 vel
1620 2234 1807 2283 laudari

127 2323 422 2373 quemquam
461 2309 511 2357 in
552 2323 727 2357 scaena
751 2309 914 2358 vivum
952 2307 1202 2357 hominem
1240 2308 1318 2357 vel
1355 2309 1638 2374 vituperari.
1695 2307 1806 2367 Sed,

126 2387 182 2430 ut
218 2382 333 2449 dixi,
370 2382 464 2430 hoc
504 2381 678 2431 Graeci
717 2397 1014 2446 quamquam
1051 2382 1447 2447 inverecundiuS,
1486 2388 1650 2431 tamen
1690 2395 1803 2429 con-

127 2456 402 2505 venientius
424 2454 574 2504 licere
599 2454 876 2522 voluerunt,
915 2471 1028 2504 cum
1066 2455 1292 2505 viderent
1330 2455 1422 2504 diis
1463 2456 1565 2504 suis
1606 2459 1806 2518 accepta

244 2584 317 2638 23)
350 2582 396 2628 C.
431 2586 499 2629 ιο.

245 2749 272 2787 4
303 2758 425 2788 nom.
458 2743 514 2788 de
547 2757 638 2800 quo
661 2759 706 2788 ιι.
730 2743 832 2787 KF
851 2746 867 2800 ΙΙ
890 2749 916 2787 6
949 2757 1086 2800 quem
1110 2743 1222 2800 non]
1248 2758 1386 2799 quem
1418 2755 1501 2787 om.
1533 2740 1577 2783 A
1600 2742 1616 2795 ΙΙ
1641 2744 1695 2783 10
1728 2753 1806 2796 pe·

127 2799 271 2845 riclen
301 2803 421 2855 AK;
451 2802 677 2847 Periclem
709 2817 733 2846 v
768 2804 784 2858 ΙΙ
816 2807 871 2846 14
905 2802 1026 2847 Gneo
1058 2817 1083 2846 v
1108 2804 1123 2858 ΙΙ
1157 2807 1210 2846 15
1243 2802 1350 2847 dein
1380 2802 1425 2844 A
1448 2801 1464 2856 ΙΙ
1490 2803 1541 2843 18
1574 2797 1806 2842 cantauis-

130 2860 199 2904 set
227 2859 297 2903 K¹
328 2862 344 2917 u
375 2867 430 2906 26
460 2861 664 2918 pertinet
694 2861 879 2906 OAKF
904 2861 1129 2915 (Roensch
1154 2861 1266 2906 Ital.
1283 2875 1334 2917 p.
1359 2863 1493 2915 435);
1515 2856 1750 2914 pertinent
1780 2869 1806 2899 v

1840 921 1893 960 10

1840 1288 1893 1327 15

1840 1654 1895 1694 20

1839 2022 1893 2061 25

1837 2389 1892 2428 30
