2020 3122
508 175 575 207 DE
598 173 837 208 CIVITATE
860 175 951 207 Dm
973 175 1016 207 L.
1039 175 1116 208 111.
1141 175 1178 208 e.
1203 177 1234 209 τ.
1257 177 1289 209 8.
1314 178 1344 210 9.
1668 166 1772 218 105

89 289 148 338 ad
186 303 359 337 eorum
406 286 758 336 defensionem.
834 286 959 336 Illud
1011 289 1142 335 enim
1189 303 1334 352 posse
1374 290 1605 353 permissi
1643 296 1773 354 sunt,

88 377 187 412 non
226 361 358 411 unde
381 360 713 426 probarentur
750 367 995 426 potenteS,
1035 360 1122 409 sed
1160 362 1292 410 unde
1331 368 1618 426 praesentes
1659 377 1771 411 con-

88 438 418 485 vincerentur.

739 577 934 632 CAPUT
973 576 1124 630 VIII.

331 702 411 750 An
451 702 684 750 debuerit
721 702 819 749 diis
858 701 1035 749 Iliacis
1076 700 1238 749 Roma
1279 703 1529 749 committi.

235 818 338 867 Diis
391 819 559 882 itaque
613 817 772 867 Iliacis
826 825 938 883 post
985 817 1161 867 Troiae
1218 820 1375 883 ipsius
1423 818 1774 867 documentum

88 908 184 957 qua
229 892 428 941 tandem
472 891 736 956 prudentia
782 891 937 941 Roma
983 891 1304 941 custodienda
1351 894 1612 942 commissa
1666 889 1775 941 est?

87 965 276 1015 Dixerit
314 967 559 1030 quispiam
596 967 694 1014 iam
733 981 818 1014 eos
858 965 1041 1014 Romae
1082 965 1302 1015 habitare
1345 966 1538 1033 solitOS,
1579 965 1773 1030 quando

88 1046 397 1104 expugnante
422 1038 638 1088 Fimbria
662 1039 840 1088 cecidit
862 1039 1018 1088 Ilium.
1059 1039 1197 1088 Unde
1225 1055 1341 1104 ergo
1368 1042 1505 1089 stetit
1527 1039 1773 1088 Minervae

88 1109 441 1163 simulacrum?
478 1112 680 1179 Deinde,
721 1115 763 1162 si
802 1114 931 1178 apud
970 1113 1174 1162 Romam
1216 1120 1370 1180 erant,
1409 1113 1603 1178 quando
1643 1113 1774 1162 Fim-

86 1186 196 1236 bria
244 1186 422 1236 delevit
475 1185 645 1252 Ilium,
700 1188 909 1236 fortasse
951 1187 1079 1251 apud
1118 1187 1262 1236 llium
1302 1195 1463 1254 erant,
1515 1187 1708 1251 quando
1749 1203 1775 1235 a

89 1260 236 1310 Gallis
274 1262 381 1325 ipsa
404 1259 558 1308 Roma
584 1266 726 1324 capta
765 1267 815 1309 et
846 1262 1048 1309 incensa
1089 1267 1188 1326 est3
1229 1261 1315 1309 sed
1345 1267 1410 1310 'ut
1451 1268 1567 1310 sunt
1606 1260 1775 1309 auditu

89 1335 359 1384 acutissimi
382 1339 620 1398 motuque
654 1333 915 1399 celerrimi,
955 1334 1015 1382 ad
1041 1349 1211 1383 vocem
1251 1336 1439 1383 anseris
1481 1336 1577 1383 cito
1618 1334 1774 1383 redie-

87 1414 220 1474 runt,
252 1415 307 1457 ut
331 1407 504 1456 saltem
529 1406 859 1472 Capitolinum
893 1407 1083 1473 collem,
1124 1410 1209 1472 qui
1233 1414 1553 1474 remanserat,
1578 1415 1774 1457 tueren-

87 1489 192 1548 tur3
240 1487 463 1531 ceterum
502 1481 562 1529 ad
603 1480 694 1530 alia
734 1481 1044 1531 defendenda
1084 1483 1245 1531 serius
1286 1488 1402 1531 sunt
1439 1481 1603 1530 redire
1644 1496 1773 1530 com-

89 1557 278 1605 moniti.

773 1698 966 1753 CAPUT
1004 1699 1097 1753 IX.

61 1818 169 1870 Ἀη
208 1823 344 1870 illam
369 1835 564 1883 pacem,
604 1835 736 1882 quae
773 1823 866 1870 sub
890 1824 1085 1871 Numae
1123 1836 1281 1883 reqno
1317 1821 1432 1883 fuit,
1473 1823 1590 1870 deos
1623 1835 1775 1882 prae-

607 1897 791 1944 stitisse
830 1898 1142 1946 eredendum
1180 1899 1258 1944 sit.

237 2011 300 2060 Hi
355 2013 501 2061 etiam
560 2011 770 2061 Numam
823 2012 1121 2078 Pompilium
1186 2028 1528 2063 successorem
1582 2011 1777 2061 Romuli

87 2084 332 2135 'adiuvisse
358 2085 646 2152 creduntur,
685 2092 742 2134 ut
779 2092 883 2135 toto
924 2089 1066 2152 regni
1105 2089 1183 2136 sui
1223 2094 1445 2152 tempore
1483 2101 1656 2152 pacem
1695 2085 1776 2134 ha-

89 2157 231 2208 beret
255 2166 304 2208 et
327 2158 430 2208 Iani
453 2166 637 2225 portaS,
677 2175 801 2224 quae
841 2159 984 2210 hellis
1022 2167 1193 2226 patere
1236 2161 1472 2226 adsolent,
1513 2159 1778 2225 clauderet,

93 2247 150 2281 eo
196 2234 372 2282 merito
422 2232 632 2299 scilicet,
687 2235 801 2298 quia
847 2234 1080 2284 Romanis
1128 2235 1282 2284 multa
1330 2250 1469 2284 sacra
1508 2235 1777 2282 constituit.

91 2302 165 2354 Illi
201 2321 317 2355 vero
356 2306 544 2355 homini
581 2322 672 2371 pro
704 2313 840 2356 tanto
882 2309 981 2358 otio
1021 2309 1366 2373 gratulandum
1405 2309 1512 2374 fuit,
1552 2309 1594 2356 si
1632 2307 1775 2355 modo

89 2377 141 2427 id
187 2379 337 2430 rebus
377 2378 658 2429 salubribus
714 2383 889 2431 scisset
927 2383 1215 2447 impendere
1256 2391 1306 2431 et
1358 2382 1775 2447 perniciosissima

93 2454 375 2502 curiositate
414 2453 636 2517 neglecta
675 2453 832 2503 Deum
878 2471 1050 2505 verum
1098 2472 1213 2504 vera
1250 2458 1431 2521 pietate
1471 2455 1779 2519 perquirere.

93 2522 233 2575 Nunc
272 2533 437 2576 autem
475 2542 574 2575 non
613 2529 659 2576 ei
698 2527 765 2576 dii
805 2529 1123 2578 contulerunt
1160 2529 1279 2578 illud
1320 2530 1500 2592 otium,
1538 2527 1624 2575 sed
1663 2540 1776 2573 eum

58 2635 63 2640 .
93 2599 254 2648 minus
278 2600 486 2649 fortasse
512 2601 838 2667 decepissent,
878 2604 921 2652 si
946 2605 1161 2652 otiosum
1186 2604 1385 2651 minime
1425 2601 1775 2664 repperissent.

94 2669 285 2728 Quanto
342 2675 471 2722 enim
526 2676 690 2723 minus
746 2690 860 2724 eum
916 2683 1211 2740 occupatum
1265 2678 1585 2738 invenerunt,
1639 2677 1774 2719 tanto

1807 1124 1863 1164 10

1809 1491 1863 1531 15

1808 2023 1864 2062 20

1808 2387 1864 2426 25

94 2747 246 2809 magis
294 2747 390 2811 ipsi
442 2755 822 2812 occupaverunt.
900 2749 1023 2798 Nam
1075 2749 1192 2813 quid
1238 2748 1317 2797 ille
1364 2746 1562 2796 molitus
1609 2745 1672 2792 sit
1727 2750 1775 2792 et
1807 2754 1863 2794 30

95 2817 274 2880 quibus
321 2819 508 2870 artibus
556 2821 673 2870 deos
721 2821 843 2870 tales
893 2822 988 2871 sibi
1035 2822 1110 2870 vel
1159 2821 1229 2870 illi
1269 2821 1451 2869 civitati
1490 2818 1774 2866 consociare

94 2893 325 2958 potuerit,
362 2892 514 2942 Varro
539 2894 718 2960 prodit,
758 2895 905 2961 quod,
947 2897 987 2944 si
1013 2895 1221 2943 Domino
1248 2893 1502 2958 placuerit,
1542 2905 1630 2939 suo
1671 2889 1774 2938 dili-
