2038 3152
587 160 654 192 m:
679 159 915 193 CIVITATE
938 160 1027 192 DEI
1049 160 1091 194 L.
1116 159 1148 193 1.
1168 159 1204 192 e.
1230 162 1282 193 14.
1308 163 1360 194 15.
1737 150 1808 202 25

126 280 254 323 sunt.
307 272 412 322 Hoc
449 287 564 322 sanc
600 273 933 321 miserrimum
966 278 1056 338 est,
1097 273 1138 320 si
1170 271 1331 336 aliquo
1372 272 1486 321 duci
1523 279 1806 336 potuerunt,

124 346 211 397 ubi
234 346 391 396 Deum
422 361 567 395 suum
599 361 698 395 non
730 347 1040 394 invenerunt.
1094 344 1221 394 Sunt
1251 347 1302 393 in
1335 347 1595 410 scripturis
1627 349 1807 396 sanctis

123 421 270 470 huius
310 421 458 470 etiam
505 418 657 468 cladis
696 434 870 483 magna
909 418 1101 467 solacia.
1178 418 1401 467 Fuerunt
1439 421 1490 467 in
1530 421 1807 483 captivitate

124 501 226 544 tres
265 495 429 560 pueri,
476 494 571 542 suit
609 492 799 559 Daniel,
845 493 1050 542 fuerunt
1088 491 1167 541 alii
1205 492 1496 558 prophetae,
1545 508 1635 541 nec
1674 492 1806 542 Deus

124 568 281 618 defuit
312 566 603 617 consolator.
683 566 763 616 Sic
796 581 914 630 ergo
955 581 1052 614 non
1093 566 1312 615 descruit
1351 566 1519 614 fideles
1559 581 1674 614 suos
1716 566 1807 615 sub
1839 575 1867 615 5

124 641 454 690 dominatione
505 642 665 705 gentis
676 680 690 707 ,
736 640 853 689 licet
890 639 1152 705 barbarae,
1206 646 1369 688 tamen
1410 639 1674 705 humanae,
1725 642 1810 704 qui

123 715 414 780 prophetam
462 730 561 764 non
612 714 832 763 deseruit
882 729 974 763 nec
1013 715 1064 762 in
1103 713 1376 762 visceribus
1415 712 1601 762 beluae.
1678 713 1808 762 Haec

126 804 322 854 quoquc
371 788 464 854 illi,
511 803 625 837 cum
672 787 853 852 quibus
899 789 1111 854 agimus,
1159 787 1346 836 malunt
1384 787 1601 835 inridere
1663 803 1809 851 quam

126 863 354 929 credere,
401 863 486 927 qui
531 869 695 911 tamen
734 863 785 910 in
826 863 928 911 suis
974 861 1153 910 litteris
1192 861 1403 910 credunt
1442 860 1674 909 Arionem
1712 861 1808 909 Me-

125 936 456 1002 thymnaeum,
502 935 862 984 nobilissimum
903 935 1227 1001 citharistam,
1268 950 1381 984 cum
1420 941 1552 983 esset
1577 935 1811 983 deiectus
1844 944 1900 984 10

129 1026 155 1060 e
187 1012 311 1076 navi,
351 1015 611 1074 exceptum
657 1009 874 1074 delphini
917 1009 1064 1058 dorso
1104 1016 1154 1058 et
1193 1009 1251 1058 ad
1291 1016 1450 1057 terras
1491 1023 1599 1056 esse
1639 1023 1809 1072 perve-

128 1091 276 1133 ctum.
324 1082 505 1132 Verum
530 1083 649 1132 illud
675 1090 899 1132 nostrum
938 1083 999 1131 de
1038 1082 1154 1131 Iona
1193 1082 1433 1147 propheta
1471 1081 1810 1131 incredibilius

128 1164 217 1207 est.
294 1157 444 1206 Plane
476 1157 815 1206 incredibilius
849 1159 962 1221 quia
994 1156 1281 1223 mirabilius,
1321 1162 1371 1205 et
1401 1155 1673 1204 mirabilius
1691 1156 1811 1220 quia

126 1232 391 1296 potentius,

799 1374 993 1429 CAPUT
1026 1375 1143 1429 XV.
1846 1387 1900 1427 15

129 1483 206 1531 De
238 1483 448 1544 RequZO,
488 1485 538 1532 in
572 1497 669 1543 quo
702 1484 1010 1546 captivitatis
1042 1484 1102 1533 ob
1134 1485 1429 1544 reliyionem
1461 1484 1610 1531 etiam
1641 1487 1815 1545 sponte

324 1557 621 1606 tolerandae
659 1562 803 1606 extat
841 1560 1134 1620 exemplum,
1174 1558 1309 1618 quod
1346 1562 1511 1606 tamen
1551 1558 1626 1605 illi

485 1632 603 1681 deos
642 1632 828 1680 colenti
859 1633 1101 1693 prodesse
1139 1645 1238 1680 non
1272 1632 1450 1693 potuit.

281 1732 475 1783 Habent
505 1740 669 1783 tamen
701 1735 783 1784 isti
807 1734 867 1783 de
902 1736 1179 1799 captivitate
1213 1733 1465 1798 religionis
1498 1747 1643 1782 causa
1668 1734 1815 1782 etiam

132 1813 307 1873 sponte
355 1807 608 1857 toleranda
655 1814 706 1857 et
750 1809 803 1856 in
850 1809 952 1858 suis
991 1807 1256 1873 praeclaris
1296 1809 1414 1856 viris
1453 1806 1812 1855 nobilissimum
1847 1817 1902 1855 20

133 1880 426 1946 exemplum.
510 1880 704 1931 Marcus
759 1881 1002 1947 Regulus,
1054 1883 1322 1947 imperator
1372 1880 1540 1945 populi
1593 1879 1814 1946 Romani,

131 1956 352 2020 captivus
392 1955 520 2020 apud
546 1952 972 2020 Carthaginienses
1013 1956 1119 2005 fuit.
1197 1955 1292 2012 Qui
1331 1970 1444 2003 cum
1485 1953 1578 2002 sibi
1617 1953 1815 2003 mallent

132 2043 159 2077 a
204 2028 438 2078 Romanis
485 2044 602 2078 suos
647 2029 790 2078 reddi
837 2044 983 2093 quam
1033 2044 1205 2078 eorum
1250 2036 1422 2078 tenere
1463 2029 1702 2094 captivoS,
1755 2026 1814 2076 ad

131 2102 226 2151 hoc
276 2102 640 2167 impetrandum
696 2104 842 2152 etiam
895 2105 1047 2152 istum
1094 2105 1360 2168 praecipue
1412 2101 1655 2166 Regulum
1702 2116 1815 2150 cum

84 2211 92 2219 ,
135 2175 307 2240 legatis
347 2177 450 2224 suis
475 2175 680 2225 Romam
719 2179 977 2244 miserunt,
1015 2178 1154 2243 prius
1192 2178 1436 2226 iuratione
1477 2176 1814 2240 constrictum,
1846 2184 1902 2224 25

133 2250 174 2298 si
221 2249 351 2314 quod
390 2249 619 2299 volebant
657 2252 856 2300 minime
895 2252 1193 2316 peregisset,
1233 2250 1510 2299 rediturum
1550 2264 1658 2298 esse
1701 2247 1810 2298 Car-

131 2322 393 2388 thaginem.
455 2323 683 2373 Perrexit
705 2324 784 2374 ille
826 2331 972 2390 atque
996 2327 1047 2374 in
1071 2331 1246 2374 senatu
1271 2325 1516 2373 contraria
1554 2324 1814 2389 persuasit,

134 2398 363 2461 quoniam
402 2412 502 2446 non
527 2396 858 2448 arbitrabatur
898 2398 1017 2448 utile
1059 2413 1166 2447 esse
1191 2398 1437 2447 Romanae
1477 2397 1550 2445 rei
1588 2395 1812 2461 publicae

134 2475 324 2519 mutare
364 2472 594 2535 captivos,
670 2471 771 2521 Nec
820 2478 935 2538 post
971 2472 1097 2521 hanc
1135 2473 1508 2537 persuasionem
1547 2485 1573 2518 a
1614 2471 1715 2518 suis
1754 2468 1813 2517 ad

132 2542 301 2592 hostes
332 2543 495 2593 redire
522 2545 806 2609 compulsus
846 2552 936 2612 est,
976 2546 1062 2595 sed
1102 2547 1217 2610 quia
1253 2547 1514 2610 iuraverat,
1553 2543 1601 2592 id
1640 2548 1812 2607 sponte
1844 2552 1902 2591 30

135 2616 408 2682 complevit.
484 2618 547 2667 At
584 2618 654 2668 illi
678 2634 792 2668 eum
817 2621 1103 2684 excogitatis
1143 2626 1288 2684 atque
1327 2616 1588 2667 horrendis
1628 2617 1812 2664 crucia·

254 2759 300 2813 4)
332 2758 446 2806 Dan.
484 2765 521 2815 1,
556 2766 595 2805 6.
659 2761 703 2816 7)
734 2761 830 2806 Ion.
863 2766 904 2817 2,
939 2767 978 2807 1.

256 2894 282 2934 8
305 2891 568 2951 maluerunt
589 2894 634 2937 A
657 2896 674 2951 ss
698 2899 750 2938 21
778 2908 959 2938 marcus
983 2893 1168 2950 regulus
1195 2890 1399 2944 OAKF,·
1430 2890 1490 2933 M.
1516 2886 1686 2932 Atilius
1709 2887 1762 2931 R.
1786 2900 1814 2931 v
