2020 3122
552 135 620 166 DE
645 135 883 168 (ΠἮΤΑΤΕ
907 136 997 167 DEI
1021 137 1062 168 L.
1087 137 1132 169 x.
1158 136 1195 169 0.
1221 137 1273 170 29.
1298 138 1353 170 30.
1695 127 1803 180 451

127 245 384 312 evangelii,
439 247 519 294 eui
573 260 752 294 nomen
808 253 883 295 est
936 247 1207 298 secundum
1262 247 1551 315 Iohannem,
1607 250 1805 314 quidam

122 319 426 381 PlatonicuS,
483 320 612 368 sieut
658 333 683 366 a
731 325 900 367 saneto
948 335 1065 368 sene
1115 320 1450 385 Simpliciano,
1502 324 1587 386 qui
1631 331 1804 388 postea

123 392 475 442 Mediolanensi
495 391 729 441 ecclesiae
754 393 1003 456 praesedit
1020 395 1295 461 episcopm,
1320 395 1599 446 solebamus
1616 396 1802 463 audire,

122 468 286 515 aureis
331 465 511 516 litteris
550 465 960 515 conscribendum
1015 472 1064 515 et
1108 482 1199 531 per
1245 483 1416 517 omnes
1471 470 1703 519 eeclesias
1748 473 1802 519 in

120 538 241 588 locis
282 540 683 589 eminentissimis
722 539 1098 604 proponendum
1139 555 1248 589 esse
1290 540 1495 591 dicebat.
1561 543 1657 592 Sed
1689 543 1799 592 ideo
1833 553 1862 593 5

121 613 261 662 viluit
286 612 513 678 superbis
537 612 670 662 Deus
693 612 774 661 ille
799 615 1047 681 magister,
1072 615 1186 677 quia
1221 614 1436 664 Verbum
1459 630 1585 666 earo
1603 616 1802 678 factum

122 693 197 736 est
226 692 276 736 et
305 688 554 736 habitavit
584 690 635 736 in
667 688 836 745 nobis;
868 693 923 736 ut
953 701 1129 751 parum
1162 689 1226 736 sit
1248 689 1443 737 miseris
1476 689 1607 753 quod
1633 705 1800 755 aegro-

119 766 245 826 tant,
285 762 380 808 nisi
420 775 471 808 se
511 762 562 808 in
601 762 706 824 ipsa
738 762 885 809 etiam
916 760 1222 824 aegritudine
1256 761 1489 811 extollant
1521 769 1570 811 et
1609 762 1668 811 de
1701 779 1800 812 me-

118 833 302 894 dicina,
351 848 446 897 qua
486 836 647 883 sanari
697 840 947 898 poterant,
996 833 1304 884 erubescant.
1381 835 1491 884 Non
1531 838 1662 884 enim
1707 836 1801 885 hoc

117 906 304 956 faciunt
340 913 397 956 ut
435 908 709 972 erigantur,
758 907 844 956 sed
891 915 947 957 ut
994 907 1211 957 cadendo
1259 910 1454 973 gravius
1501 909 1796 974 affligantur.
1831 920 1887 960 10

757 1108 949 1162 CAPUT
989 1109 1156 1162 XXX.

173 1215 374 1272 Quanta
416 1217 670 1266 Platonici
707 1219 954 1278 doqmatis
995 1217 1316 1278 Porphyrius
1355 1215 1659 1277 refutaverit
1696 1225 1745 1268 et

607 1291 943 1339 dissentiendo
983 1292 1286 1339 correxerit.

260 1390 311 1439 Si
348 1398 463 1455 post
499 1391 755 1440 Platonem
794 1391 978 1456 aliquid
1018 1391 1280 1441 emendare
1321 1393 1629 1442 existimatur
1668 1393 1791 1442 indi-

109 1478 281 1529 gnum,
322 1479 412 1513 eur
450 1467 555 1529 ipse
594 1465 900 1530 Porphyrius
939 1465 1174 1514 nonnulla
1215 1471 1264 1513 et
1302 1480 1401 1514 non
1439 1481 1588 1530 parva
1628 1481 1791 1517 emen·
1826 1477 1881 1518 15

109 1534 276 1586 davit?
322 1537 445 1586 Nam
468 1538 724 1587 Platonem
749 1540 935 1587 animas
958 1538 1213 1588 hominum
1236 1545 1351 1603 post
1375 1546 1585 1588 mortem
1608 1541 1793 1590 revolvi

108 1621 266 1674 usque
314 1611 374 1660 ad
430 1627 638 1676 corpora
690 1611 961 1661 bestiarum
1010 1614 1268 1676 scripsisse
1322 1614 1655 1662 certissimum
1702 1621 1791 1663 est.

105 1682 242 1733 Hanc
276 1687 572 1734 sententiam
602 1685 864 1750 Porphyrii
902 1685 1076 1734 doctor
1115 1687 1276 1734 tenuit
1307 1692 1356 1734 et
1385 1685 1633 1751 Plotinus3
1671 1686 1789 1735 Por-

102 1756 278 1822 phyrio
318 1764 482 1807 tamen
521 1761 630 1808 iure
670 1758 936 1823 displicuit.
1011 1758 1067 1807 In
1111 1758 1367 1807 hominum
1406 1773 1523 1808 sane
1563 1774 1662 1808 non
1703 1775 1791 1809 sua

105 1845 229 1895 quae
279 1831 587 1898 dimiserant,
642 1832 728 1881 sed
776 1831 867 1880 alia
917 1847 1041 1880 nova
1088 1846 1296 1896 corpora
1340 1832 1505 1881 redire
1550 1832 1789 1882 humanas
1822 1843 1877 1882 20

104 1906 292 1954 animas
341 1903 607 1954 arbitratus
656 1912 743 1954 est.
819 1904 1004 1954 Puduit
1050 1904 1238 1953 seilicet
1282 1904 1403 1954 illud
1452 1905 1679 1972 credere,
1725 1922 1788 1956 ne

103 1975 262 2027 mater
300 1978 509 2027 fortasse
549 1977 704 2027 filium
742 1980 794 2026 in
833 1977 1015 2027 mulam
1053 1977 1274 2026 revoluta
1311 1985 1554 2044 vectaret3
1602 1986 1650 2028 et
1687 1995 1789 2028 non

102 2051 280 2114 puduit
326 2051 421 2100 hoe
467 2051 694 2117 eredere,
740 2049 826 2099 uhi
873 2051 1094 2100 revoluta
1131 2057 1291 2100 mater
1328 2053 1379 2100 in
1425 2052 1639 2117 puellam
1687 2053 1786 2101 filio

99 2123 308 2175 forsitan
347 2123 572 2174 nuberet.
645 2124 837 2182 Quanto
878 2124 1098 2173 creditur
1137 2124 1417 2191 honestiuS‚
1458 2125 1589 2189 quod
1630 2129 1786 2175 saneti

99 2204 149 2247 et
185 2213 386 2247 veraces
426 2198 585 2262 angeli
631 2198 929 2263 docuerunt,
979 2198 1111 2262 quod
1156 2198 1425 2262 prophetae
1465 2198 1555 2247 Dei
1604 2201 1782 2264 spiritu
1816 2208 1870 2248 25

99 2273 197 2320 acti
242 2271 395 2320 locuti
443 2278 581 2337 sunt,
637 2271 768 2335 quod
815 2273 921 2336 ipse
973 2286 1120 2335 quem
1167 2277 1433 2320 venturum
1481 2271 1782 2321 Salvatorem

98 2346 358 2408 praemissi
411 2346 573 2393 nuntii
625 2344 1000 2410 praedixerunt,
1055 2345 1187 2408 quod
1241 2346 1380 2393 missi
1433 2345 1642 2410 apostoli
1697 2347 1782 2409 qui

97 2416 268 2466 orbem
299 2424 546 2466 terrarum
578 2417 827 2482 evangelio
859 2418 1190 2482 repleverunt,
1221 2445 1294 2452 -—
1327 2425 1526 2485 quanto,
1564 2420 1779 2482 inquam,

95 2489 352 2540 honestius
400 2491 620 2540 ereditur
665 2493 849 2540 reverti
895 2491 1046 2540 semel
1085 2493 1270 2539 animas
1311 2491 1370 2539 ad
1411 2505 1618 2555 corpora
1664 2505 1776 2554 pro·

93 2565 199 2628 pria
240 2579 387 2629 quam
425 2566 609 2613 reverti
654 2566 835 2613 totiens
875 2564 934 2612 ad
974 2563 1188 2613 diversa!
1266 2563 1448 2613 Verum
1488 2571 1674 2628 tamen,
1721 2570 1777 2612 ut
1807 2572 1865 2612 30

95 2635 216 2703 dixi,
265 2653 325 2686 ex
364 2652 538 2701 magna
574 2643 714 2702 parte
755 2643 1011 2686 correctus
1052 2644 1126 2686 est
1164 2640 1215 2686 in
1254 2637 1345 2686 hac
1386 2638 1615 2701 opinione
1654 2635 1772 2683 Por-

92 2709 312 2777 phyrius‚
349 2718 407 2760 ut
437 2710 607 2759 saltem
637 2710 852 2770 in-solos
883 2710 1108 2760 homines
1139 2710 1377 2760 humanas
1410 2711 1594 2758 animas
1632 2723 1772 2774 prae-

212 2853 255 2907 7)
286 2851 350 2897 Io.
387 2857 425 2907 1,
459 2856 527 2895 14.
592 2853 663 2907 18)
696 2852 811 2899 Enn.
844 2857 886 2908 3,
918 2857 960 2909 4,
995 2857 1033 2895 2.

1326 2924 1418 2967 29*
