2020 3122
580 146 646 178 DE
671 143 909 178 CIVITATE
933 143 1022 176 nm
1047 143 1087 176 12.
1103 131 1177 177 frv.
1202 144 1238 178 c.
1265 146 1316 179 25.
1687 120 1805 186 177'

754 324 951 380 CAPUT
983 323 1153 379 XXV.

104 450 184 498 Be
220 462 321 497 uno
362 453 555 497 tantum
594 439 802 497 colendo
835 447 957 512 Dea,
996 449 1086 508 que·
1121 449 1239 497 licet
1275 451 1472 499 nomine
1511 451 1789 511 iquoretm,

417 527 583 571 tamen
616 519 882 582 felicitatis
921 523 1073 584 dator
1111 536 1219 571 esse
1256 524 1486 571 sentitur.

252 638 352 689 Ista
387 638 531 689 nobis
570 638 762 689 reddita
800 640 990 688 ratione
1030 637 1183 688 multo
1224 637 1414 688 facilius
1455 641 1540 705 eiS,
1579 656 1791 705 quorum

103 728 193 763 cor
231 728 332 763 non
370 715 516 763 nimis
557 712 805 778 obduruit,
842 711 1252 777 persuadebimus
1292 713 1499 762 fortasse
1540 715 1671 777 quod
1711 730 1790 763 vo·
1824 725 1848 763 5

106 786 283 853 lunius
361 786 416 837 Si
462 788 592 836 enim
639 789 738 835 iam
782 786 995 849 humana
1044 786 1303 836 infirmitas
1350 789 1506 836 sensit
1551 802 1651 836 non
1698 790 1794 838 nisi

106 859 167 910 ab
215 860 377 925 aliquo
432 860 524 910 deo
581 861 686 910 dari
734 875 881 925 posse
933 860 1243 923 felicitatem,
1292 867 1342 910 et
1385 860 1480 910 hoc
1528 870 1795 911 senserunt

106 933 355 1001 homines,
394 936 480 999 qui
519 941 617 984 tam
657 934 839 984 multos
879 933 1106 984 colebant
1143 934 1284 1000 deOS,
1322 936 1375 984 in
1413 934 1595 999 quibus
1635 943 1684 985 et
1722 937 1792 1000 ip-

109 1023 220 1057 sum
260 1023 435 1058 eorum
472 1023 642 1073 regem
680 1008 865 1058 Iovem:
906 1010 1021 1073 quia
1061 1023 1242 1057 nomen
1282 1009 1411 1074 eiuS,
1450 1024 1476 1056 a
1517 1024 1613 1074 quo
1654 1009 1791 1059 dare-

108 1087 190 1131 tur
238 1081 468 1148 felicitaS,
518 1081 834 1148 ignorabant,
885 1081 996 1131 ideo
1043 1083 1200 1147 ipsius
1252 1083 1326 1131 rei
1366 1084 1590 1149 nomine,
1646 1094 1881 1148 quamdo

104 1153 375 1204 credebant
406 1154 571 1204 abillo
605 1155 726 1222 dari,
764 1171 878 1204 eum
918 1155 1162 1220 appellare
1201 1155 1480 1222 voluerunt,
1518 1158 1636 1205 satis
1676 1172 1792 1222 ergo

107 1228 389 1291 indicarunt
427 1244 520 1278 nec
567 1228 626 1277 ab
674 1231 781 1294 ipso
820 1229 932 1278 Iove
973 1228 1079 1279 dari
1117 1244 1262 1292 posse
1296 1229 1600 1296 felicitatem,
1646 1246 1795 1295 quem

106 1303 205 1351 iam
258 1301 505 1368 colebant,
560 1303 647 1352 sed
701 1305 874 1367 utique
924 1302 984 1351 ab
1030 1302 1144 1367 illo,
1200 1317 1347 1366 quem
1393 1305 1591 1352 nomine
1638 1306 1794 1368 ipsius

107 1375 354 1425 felicitatis
402 1376 665 1426 colendum
711 1392 820 1426 esse
873 1375 1155 1426 censebant.
1234 1375 1481 1425 Confirmo
1520 1393 1728 1442 prorsus
1768 1393 1794 1426 a

104 1449 319 1514 quodam
358 1449 474 1516 dee,
525 1466 672 1515 quem
711 1449 1024 1516 nesciebant,
1063 1465 1149 1500 eos
1189 1449 1458 1500 credidisse
1499 1451 1605 1500 dari
1643 1450 1794 1501 felici·
1829 1462 1882 1503 15

109 1529 283 1574 tatem:
321 1525 428 1589 ipse
469 1540 586 1589 ergo
627 1531 910 1591 quaeratur,
948 1526 1054 1589 ipse
1095 1523 1301 1590 colatur,
1341 1531 1391 1574 et
1429 1525 1624 1575 sufficit.
1701 1525 1793 1574 Re-

36 1639 38 1642 ,
107 1596 342 1662 pudietur
381 1601 620 1664 strepitus
660 1598 1096 1664 innumerabilium
1136 1598 1532 1666 daemoniorum3
1579 1598 1650 1648 illi
1694 1614 1796 1648 non

106 1670 322 1721 sufficiat
357 1671 439 1721 hic
491 1672 637 1740 deuS,
676 1675 756 1723 cui
794 1688 895 1722 non
934 1672 1118 1722 sufficit
1156 1687 1338 1721 munus
1385 1674 1506 1722 eius.
1582 1672 1682 1739 Illi,
1722 1675 1793 1722 in·

109 1756 281 1811 quam,
331 1761 431 1794 non
487 1747 700 1796 sufficiat
745 1747 806 1797 ad
853 1745 1114 1797 colendum
1164 1744 1296 1795 Deus
1344 1745 1483 1795 dator
1531 1746 1796 1811 felicitatiS,

107 1819 191 1868 cui
228 1834 328 1868 non
359 1820 544 1870 sufficit
575 1820 634 1870 ad
675 1820 1018 1886 accipiendum
1055 1821 1162 1884 ipsa
1200 1819 1422 1870 felicitas
1500 1819 1591 1870 Cui
1630 1827 1795 1870 autem
1827 1831 1882 1870 20

111 1892 295 1944 sufficit
327 1887 453 1960 (non
477 1896 610 1944 enim
633 1894 781 1944 habet
811 1894 957 1943 homo
991 1893 1109 1957 quid
1141 1893 1350 1958 amplius
1382 1901 1552 1959 optare
1578 1888 1794 1960 debeat),

107 1967 290 2015 serviat
341 1969 431 2016 uni
474 1966 576 2017 Deo
623 1968 784 2018 datori
836 1968 1097 2017 felicitatis
1186 1966 1295 2017 Non
1342 1975 1418 2017 est
1460 1969 1592 2034 ipse,
1647 1983 1795 2032 quem

109 2041 364 2089 nominant
408 2039 585 2091 Iovem.
662 2041 785 2091 Nam
832 2042 874 2090 si
922 2057 1037 2091 eum
1087 2040 1310 2091 datorem
1363 2041 1610 2091 felicitatis
1648 2057 1793 2106 agno-

110 2120 323 2181 scerent,
353 2129 453 2164 non
484 2117 656 2180 utique
681 2116 831 2165 alium
862 2110 1128 2179 vel'aliam,
1161 2130 1189 2164 a
1213 2130 1308 2180 qua
1339 2114 1541 2165 daretur
1571 2115 1794 2181 felicitaS,

110 2189 307 2237 nomine
352 2189 508 2254 ipsius
560 2189 808 2240 felicitatis
846 2190 1180 2255 inquirerent,
1227 2204 1388 2254 neque
1428 2191 1593 2255 ipsum
1630 2189 1794 2238 Iovem
1828 2200 1883 2238 25

113 2275 226 2310 cum
272 2264 422 2312 tantis
469 2264 666 2313 iniuriis
720 2262 981 2313 colendum
1034 2269 1285 2328 putarent.
1371 2263 1470 2313 Iste
1525 2263 1793 2314 alienarum

112 2331 292 2385 dicitur
324 2335 515 2386 adulter
553 2352 779 2405 uxorum,
817 2339 912 2388 iste
949 2339 1095 2403 pueri
1132 2336 1327 2402 pulchri
1364 2337 1628 2404 inpudicus
1668 2352 1793 2386 ama-

113 2412 191 2457 tor
222 2415 270 2459 et
309 2416 492 2475 raptor.

233 2585 286 2625 10
317 2580 422 2626 ideo
457 2582 595 2627 Parr.
630 2582 801 2627 AKFv
829 2583 882 2636 (l.
914 2586 973 2628 19
1005 2596 1040 2629 c.
1075 2586 1159 2638 25)
1169 2599 1186 2636 ,·
1233 2584 1281 2628 et
1308 2582 1413 2627 ideo
1445 2583 1542 2627 edd.
1572 2584 1673 2626 vett.
1698 2582 1713 2635 ΙΙ
1741 2585 1792 2623 12

114 2636 379 2684 indicarunt
408 2642 574 2698 scripsi
619 2645 758 2696 (185,
790 2645 850 2686 30
882 2641 994 2687 satis
1041 2641 1237 2697 indicam
1280 2642 1338 2696 cf.
1372 2643 1400 2686 l.
1432 2645 1491 2686 10
1523 2655 1560 2686 c.
1590 2643 1644 2693 4‚·
1674 2640 1703 2684 l.
1735 2642 1794 2682 15

114 2708 151 2742 c.
182 2701 246 2743 23
277 2699 408 2756 med.)
416 2716 433 2753 ‚·
463 2699 673 2745 indicant,
706 2700 802 2746 edd.
835 2705 962 2754 vett.;
994 2700 1258 2745 iudicarunt
1289 2713 1377 2744 mss
1407 2714 1433 2744 υ
1773 2707 1781 2718 ·

204 2961 299 2990 Atre.
326 2964 377 2988 nx
403 2965 481 2992 ew.
504 2966 574 2990 »ιι
598 2959 628 2991 Ι.
1389 2953 1441 2992 12
