2020 3122
559 139 625 172 DE
650 138 888 172 cm‘mtm
910 138 1067 172 nnn.
1086 140 1158 174 Π.
1181 139 1220 175 c.
1243 141 1298 175 34.
1658 130 1762 183 189

80 253 332 318 falsorum,
371 266 496 316 quos
536 250 767 300 colendos
806 250 1014 299 Romani
1053 259 1195 300 antea
1235 253 1569 316 crediderunt,
1608 269 1762 319 popu-

79 326 183 376 lum
214 341 360 375 suum
398 327 450 374 in
483 324 701 389 Aegypto
734 322 793 373 de
834 325 1145 389 paucissimis
1184 326 1525 392 multiplicavit
1563 333 1612 376 et
1650 327 1763 376 inde

85 401 238 465 signis
284 397 593 448 mirabilibus
640 397 878 448 liberavit.
954 397 1056 446 Nec
1096 397 1332 448 Lucinam
1381 400 1615 450 mulieres
1654 400 1763 450 illae

81 474 457 538 invocaverunt,
498 472 692 536 quando
734 486 904 521 earum
942 477 1130 538 partim,
1167 478 1224 521 ut
1262 475 1402 522 miris
1442 474 1600 523 modis
1641 474 1762 524 mul-

83 546 427 611 tiplicarentur
452 553 502 595 et
524 561 646 610 gens
677 545 758 594 illa
795 544 1153 595 incredibiliter
1193 554 1455 612 cresceret,
1495 547 1553 596 ab
1578 548 1764 613 Aegyp·
1798 556 1825 597 5

82 622 266 670 tiorum
289 621 698 686 persequentium
727 626 775 668 et
813 620 1027 669 infantes
1066 634 1237 668 omnes
1276 635 1454 669 necare
1496 621 1767 670 volentium

82 692 309 743 manibus
354 695 460 759 ipse
507 691 754 760 liberavit,
798 695 904 759 ipse
962 695 1186 743 servavit.
1266 692 1382 742 Sine
1430 693 1519 743 dea
1557 693 1768 744 Rumina

83 774 348 834 suxerunt,
412 769 518 817 sine
566 765 756 817 Cunina
802 769 854 817 in
901 769 1043 817 cunis
1090 767 1315 833 fuerunt,
1365 768 1470 816 sine
1510 766 1680 817 Educa
1719 776 1768 818 et

80 839 255 890 Potina
287 857 451 891 escam
481 848 752 907 potumque
792 847 1129 907 sumpserunt,
1166 842 1271 890 sine
1311 847 1385 891 tot
1423 840 1516 890 diis
1567 841 1767 907 puerili-

86 913 181 964 bus
226 914 422 965 educati
475 922 620 981 sunt,
673 916 780 964 sine
827 915 920 965 diis
967 914 1307 980 coniugalibus
1346 917 1618 980 coniugati,
1660 918 1765 965 sine

86 988 223 1038 cultu
269 989 434 1054 Priapi
485 988 778 1055 coniugibus
826 991 987 1056 mixti3
1049 991 1155 1038 sine
1202 990 1511 1038 invocatione
1550 988 1770 1054 Neptuni

86 1077 221 1111 mare
275 1062 650 1112 transeuntibus
703 1062 915 1112 divisum
967 1063 1127 1128 patuit
1172 1069 1222 1113 et
1272 1069 1540 1128 sequentes
1594 1078 1768 1112 eorum

85 1137 312 1186 inimicos
366 1136 601 1186 fluctibus
655 1136 706 1185 in
762 1152 814 1186 se
869 1135 1195 1186 redeuntibus
1242 1135 1423 1186 obruit.
1499 1134 1601 1186 Nec
1653 1151 1767 1186 con-

84 1217 407 1259 secraverunt
431 1210 643 1274 aliquam
667 1210 809 1259 deam
832 1210 1092 1277 Manniam,
1118 1210 1312 1275 quando
1338 1210 1398 1259 de
1432 1209 1566 1259 caelo
1592 1226 1769 1260 manna

86 1290 427 1350 sumpserunt3
467 1299 558 1333 nec
585 1284 780 1348 quando
814 1283 1096 1334 sitientibus
1136 1299 1314 1348 aquam
1350 1299 1588 1348 percussa
1626 1291 1769 1349 petra

79 1357 323 1423 profudit,
368 1357 616 1423 Nymphas
662 1357 1005 1423 Lymphasque
1053 1357 1331 1407 coluerunt.
1418 1357 1534 1406 Sine
1580 1359 1767 1407 insanis

84 1432 238 1480 sacris
276 1431 446 1481 Martis
487 1438 536 1481 et
574 1430 802 1481 Bellonae
843 1431 970 1481 bella
1009 1438 1287 1497 gesserunt,
1329 1437 1379 1479 et
1418 1432 1523 1480 sine
1564 1432 1768 1481 victoria

82 1503 283 1568 quidem
322 1520 422 1554 non
459 1507 711 1572 vicerunt,
750 1521 851 1554 non
891 1521 998 1554 eam
1037 1512 1201 1555 tamen
1241 1505 1398 1570 deam,
1437 1505 1524 1553 sed
1564 1504 1652 1554 Dei
1692 1508 1770 1554 sui

82 1592 264 1627 munus
300 1578 597 1629 habuerunt.
675 1579 791 1628 Sine
826 1578 1020 1645 Segetia
1060 1585 1253 1644 segetes
1294 1580 1399 1628 sine
1438 1577 1644 1627 Bubona
1682 1578 1765 1627 bo-

85 1666 196 1718 veS,
246 1651 391 1701 mella
437 1655 542 1703 sine
589 1652 799 1702 Mellona
844 1668 990 1718 poma
1037 1655 1143 1702 sine
1183 1652 1423 1718 Pomona,
1474 1658 1525 1701 et
1561 1667 1768 1716 prorsus

87 1727 265 1791 omnia,
303 1741 394 1791 pro
428 1726 608 1792 quibus
640 1733 802 1777 tantae
842 1727 1079 1777 falsorum
1118 1727 1325 1776 deorum
1363 1724 1538 1775 turbae
1562 1725 1770 1775 Romani

88 1797 463 1863 supplicandum
506 1807 766 1867 putarunt,
813 1800 873 1850 ab
921 1816 1019 1850 uno
1067 1816 1183 1850 vero
1224 1800 1325 1849 Deo
1380 1799 1534 1848 multo
1575 1799 1769 1849 felicius

78 1880 396 1938 acceperunt.
471 1873 534 1924 Et
573 1877 616 1924 si
653 1890 753 1924 non
791 1876 842 1923 in
882 1890 997 1923 eum
1034 1880 1338 1940 peccassent,
1376 1874 1525 1938 impia
1564 1875 1768 1923 curiosi-

87 1945 186 1994 tate
224 1953 475 2012 tamquam
524 1949 727 2012 magicis
775 1947 963 1997 artibus
1004 1947 1197 1998 seducti
1235 1947 1295 1996 ad
1334 1946 1520 1996 alienos
1560 1946 1678 1996 deos
1719 1954 1769 1996 et

39 2035 43 2039 ’
84 2019 147 2068 ad
193 2019 321 2069 idola
368 2020 652 2087 defluendO,
697 2028 747 2071 et
790 2028 1044 2086 postremo
1086 2021 1336 2071 Christum
1386 2020 1678 2070 occidendo:
1717 2022 1768 2070 in

82 2093 260 2142 eodem
307 2110 460 2159 regno
512 2097 606 2144 etsi
652 2110 751 2144 non
799 2096 1117 2163 spatiosiore,
1164 2102 1329 2145 tamen
1375 2093 1594 2143 feliciore
1635 2109 1768 2143 man-

88 2168 285 2217 sissent.
362 2167 425 2217 Et
463 2184 596 2218 nunc
637 2169 768 2234 quod
814 2184 904 2235 per
943 2185 1115 2219 omnes
1155 2170 1258 2218 sere
1298 2175 1457 2218 terras
1495 2174 1768 2233 gentesque

83 2238 298 2305 dispersi
352 2249 490 2309 sunt,
544 2242 675 2293 illius
724 2245 872 2292 unius
919 2245 1024 2292 veri
1062 2243 1151 2292 Dei
1197 2241 1508 2308 providentia
1546 2248 1645 2308 est,
1699 2249 1770 2307 ut,

84 2313 217 2378 quod
257 2315 464 2366 deorum
513 2315 748 2366 falsorum
794 2331 1151 2382 usquequaque
1191 2316 1453 2367 simulacra
1491 2330 1626 2380 arae,
1671 2315 1770 2365 luci

87 2387 265 2453 templa
315 2396 607 2440 evertuntur
653 2397 703 2440 et
742 2391 980 2440 sacrificia
1018 2390 1368 2456 prohibentur,
1415 2389 1475 2438 de
1516 2388 1769 2438 codicibus

90 2473 262 2511 eorum
309 2462 572 2530 probetur,
620 2479 768 2530 quem
815 2465 875 2515 ad
914 2464 1115 2514 modum
1153 2464 1246 2514 hoc
1286 2465 1438 2514 fuerit
1475 2469 1612 2512 tanto
1654 2468 1765 2511 ante

90 2533 457 2603 prophetatum;
497 2553 558 2588 ne
599 2538 750 2604 forte,
790 2553 904 2588 cum
942 2538 1192 2603 legeretur
1230 2540 1281 2587 in
1320 2539 1519 2602 nostriS,
1558 2550 1585 2583 a
1624 2534 1767 2583 nobis

91 2614 349 2672 putaretur
380 2626 488 2660 esse
515 2612 793 2662 confictum.
870 2611 971 2662 Iam
1003 2611 1134 2677 quod
1167 2613 1392 2677 sequitur
1431 2611 1481 2658 in
1520 2608 1765 2657 volumine

89 2685 316 2804 seq‘penti
368 2684 635 2736 videndum
687 2692 786 2753 est,
840 2692 890 2736 et
938 2685 1018 2736 hic
1059 2685 1248 2736 dandus
1287 2685 1434 2735 huius
1471 2681 1765 2748 prolixitatis

84 2764 166 2802 mo
201 2770 274 2805 us

1803 926 1857 966 10

1802 1293 1856 1334 15

1802 1663 1858 1704 20

1802 2030 1856 2071 25

1801 2400 1857 2439 30
