2020 3122
164 1049 218 1089 10

164 1415 217 1456 15

163 1785 217 1824 20

164 2150 217 2191 25

163 2521 219 2560 30

250 136 357 188 398
934 147 968 181 s.
994 147 1268 182 Ausus'rm

871 312 1069 368 CAPUT
1102 315 1302 368 XXIII.

252 424 442 472 Nomen
489 424 697 472 deorum
738 421 872 484 falso
919 423 1115 472 ascribi
1158 424 1255 472 diis
1297 425 1544 483 gentium,
1592 425 1728 483 quod
1764 430 1929 474 tamen

325 502 373 545 et
411 499 607 558 angelis
643 498 835 546 sanctis
874 502 924 545 et
959 497 1240 545 hominibus
1279 498 1421 544 iustis
1460 511 1525 545 ex
1563 498 1850 546 divinarum

515 572 892 632 scripturarum
931 572 1237 619 auctoritate
1276 583 1534 619 commune
1573 576 1657 618 est.

397 672 498 722 Hos
538 675 580 722 si
610 672 849 722 Platonici
889 672 1077 721 malunt
1116 671 1234 720 deos
1274 687 1420 736 quam
1460 671 1726 722 daemones
1765 672 1930 723 dicere

250 749 420 811 eisque
475 747 821 812 adnumerare,
877 761 1000 810 quos
1051 761 1077 794 a
1131 760 1323 794 summo
1378 745 1479 794 Deo
1534 746 1757 795 conditos
1812 747 1931 796 deos

250 820 423 869 scribit
475 835 649 869 eorum
702 826 874 869 auctor
941 826 991 868 et
1044 821 1278 883 magister
1343 819 1500 868 Plato:
1570 819 1734 869 dicant
1799 819 1930 884 quod

249 894 439 959 volunt3
479 909 577 943 non
611 896 741 943 enim
774 908 886 942 cum
919 894 990 941 eis
1023 892 1083 941 de
1121 892 1388 943 verborum
1427 895 1762 942 controversia
1800 893 1930 942 labo-

250 968 458 1016 randum
497 973 586 1016 est.
665 967 716 1015 Si
757 968 886 1016 enim
927 968 998 1015 sic
1036 966 1337 1033 inmortales,
1375 974 1432 1016 ut
1469 973 1634 1016 tamen
1674 983 1700 1016 a
1739 982 1930 1016 summo

249 1041 349 1090 Deo
397 1042 575 1106 iacto&
623 1047 672 1089 et
712 1043 753 1089 si
800 1056 899 1089 non
938 1055 1028 1105 per
1068 1055 1119 1089 se
1159 1042 1316 1107 ipSOS,
1364 1041 1450 1089 sed
1491 1042 1562 1107 ei,
1610 1057 1636 1089 a
1676 1056 1773 1105 quo
1815 1041 1931 1090 facti

250 1123 380 1180 sunt,
419 1115 728 1164 adhaerendo
760 1113 930 1163 beatos
963 1129 1072 1163 esse
1113 1114 1304 1164 dicunt:
1344 1114 1437 1163 hoc
1478 1114 1649 1164 dicunt
1689 1114 1819 1178 quod
1859 1114 1930 1164 di-

251 1191 430 1254 cimUS,
479 1188 698 1252 quolibet
745 1203 830 1237 eos
870 1190 1068 1236 nomine
1108 1187 1369 1252 appellent.
1445 1187 1582 1237 Hanc
1623 1194 1786 1237 autem
1826 1188 1931 1236 Pla-

250 1264 530 1312 tonicorum
577 1277 686 1310 esse
735 1263 1050 1328 sententiam,
1097 1263 1197 1310 sive
1246 1264 1466 1310 omnium
1515 1263 1617 1310 sive
1655 1261 1932 1327 meliorum,

250 1338 300 1385 in
332 1350 506 1384 eorum
535 1335 714 1384 litteris
745 1337 956 1384 inveniri
986 1341 1164 1399 potest.
1241 1335 1363 1383 Nam
1397 1342 1446 1384 et
1477 1335 1536 1384 de
1569 1337 1676 1400 ipso
1717 1337 1932 1402 nomine,

252 1425 348 1474 quo
402 1409 550 1458 huius
603 1409 736 1457 modi
789 1408 1099 1459 inmortalem
1144 1408 1434 1472 beatamque
1481 1415 1758 1458 creaturam
1813 1408 1932 1458 deos

251 1482 524 1549 appellant,
574 1483 684 1531 ideo
739 1484 870 1532 inter
917 1497 1006 1530 nos
1055 1489 1105 1531 et
1149 1484 1283 1547 ipsos
1321 1497 1476 1547 paene
1517 1482 1650 1531 nulla
1689 1482 1931 1531 dissensio

251 1564 340 1622 est,
381 1558 494 1621 quia
528 1562 577 1605 et
606 1557 658 1605 in
688 1558 879 1608 nostris,
905 1557 1058 1605 sacris
1090 1555 1268 1605 litteris
1306 1555 1509 1620 legitur:
1548 1557 1684 1606 Deus
1725 1558 1933 1606 deorum

252 1633 478 1680 dominus
525 1633 721 1680 locutus
767 1636 842 1679 est
851 1670 865 1696 ,
925 1636 973 1679 et
1020 1628 1156 1679 alibi:
1209 1631 1524 1690 Confitemini
1568 1631 1660 1679 deo
1709 1631 1932 1691 deorum,

251 1712 300 1753 et
347 1703 484 1753 alibi:
538 1704 654 1753 Rex
707 1718 920 1766 magnus
973 1719 1127 1766 super
1172 1718 1339 1753 omncs
1386 1706 1517 1753 deos,
1593 1703 1717 1752 Illud
1769 1709 1933 1752 autem

250 1778 337 1827 ubi
384 1779 623 1842 scriptum
672 1784 769 1827 est:
830 1778 1091 1828 Terribilis
1141 1783 1216 1827 est
1250 1793 1404 1840 super
1443 1792 1610 1827 omnes
1649 1780 1791 1838 deOS,
1843 1791 1934 1826 cur

250 1852 436 1901 dictum
469 1852 546 1916 sit,
578 1851 811 1916 deinceps
843 1850 1135 1900 ostenditur.
1215 1850 1450 1915 Sequitur
1484 1852 1637 1900 enim:
1685 1852 1932 1911 Quoniam

249 1941 417 1975 omnes
457 1927 533 1974 dii
565 1928 792 1986 qentium
832 1927 1120 1986 daemonia,
1162 1926 1404 1974 Dominus
1445 1931 1611 1974 autem
1650 1928 1817 1974 caelos
1852 1923 1930 1986 fe-

251 2002 333 2049 cit.
411 1999 577 2061 Super
623 2013 789 2048 omnes
836 2014 952 2063 ergo
1001 2001 1118 2048 deos
1165 1998 1308 2065 dixit,
1357 1998 1443 2047 sed
1479 2001 1727 2060 yentium,
1767 1998 1816 2047 id
1856 2004 1933 2047 est

251 2088 375 2136 quos
415 2078 586 2136 gentes
634 2088 722 2137 pro
771 2072 863 2122 diis
915 2071 1117 2138 habent,
1167 2087 1289 2136 quae
1331 2078 1448 2121 sunt
1487 2074 1783 2130 daemonia;
1821 2071 1931 2120 ideo

251 2147 507 2206 terribili8‚
547 2145 638 2195 sub
679 2161 776 2210 quo
815 2153 1008 2196 terrore
1047 2145 1255 2194 Domino
1295 2145 1543 2195 dicebant:
1595 2146 1783 2194 Venisti
1813 2160 1932 2208 per-

251 2222 373 2269 dere
427 2215 555 2268 iios?
608 2219 731 2268 Illud
786 2235 923 2285 vero,
977 2218 1063 2268 ubi
1116 2220 1318 2269 dicitur:
1373 2221 1509 2268 Deus
1556 2221 1784 2279 deorum,
1831 2233 1931 2266 non

250 2299 415 2358 potest
452 2292 670 2356 intellegi
709 2293 830 2342 deus
871 2293 1265 2359 daemoniorium
1305 2301 1355 2342 et
1394 2308 1491 2342 rex
1529 2307 1741 2354 maanus
1778 2307 1932 2354 super

251 2381 417 2416 omnes
472 2368 589 2415 deos
642 2365 769 2414 absit
822 2374 877 2415 ut
926 2367 1117 2416 dicatur
1170 2382 1258 2416 rex
1311 2382 1518 2431 magnus
1568 2381 1717 2430 super
1768 2366 1931 2415 omnia

252 2440 520 2489 daemonia.
599 2438 694 2488 Sed
750 2439 972 2488 homines
1029 2455 1226 2505 quoque
1280 2441 1331 2488 in
1383 2439 1565 2504 populo
1619 2439 1708 2488 Dei
1762 2439 1931 2487 eadem

253 2516 495 2578 scriptura
551 2512 669 2562 deos
724 2513 945 2578 appellat.
1022 2515 1152 2575 qu,
1206 2515 1388 2578 inquit,
1430 2516 1561 2578 dixi,
1616 2515 1692 2562 dii
1728 2515 1845 2562 estis
1883 2517 1933 2561 et

371 2657 413 2711 7)
456 2654 572 2699 Tim.
612 2670 656 2711 p.
698 2658 769 2697 40.
833 2656 906 2711 18)
945 2655 1017 2698 Ps.
1058 2660 1134 2709 49,
1180 2661 1216 2698 1.
1282 2658 1354 2710 18)
1387 2655 1459 2699 Ps.
1496 2658 1603 2710 135,
1644 2658 1684 2696 2.
1750 2654 1821 2707 19)
1854 2652 1930 2698 Ps.
1965 2698 1981 2703 ,

251 2719 321 2769 94,
355 2719 395 2758 3.
459 2716 534 2770 23)
567 2714 639 2758 Ps.
673 2718 742 2768 95,
775 2718 803 2756 4
834 2729 899 2769 sq.
965 2716 1036 2770 26)
1068 2714 1152 2758 ΜΓ.
1189 2720 1227 2769 1,
1261 2719 1329 2757 24.

372 2883 424 2920 10
459 2879 506 2919 et
538 2876 576 2919 si
606 2875 793 2931 scripsi;
825 2875 914 2918 etsi
944 2889 969 2919 v
994 2876 1009 2931 ΙΙ
1035 2880 1087 2918 12
1121 2875 1361 2931 appellant
1391 2875 1458 2918 Al
