2020 3122
597 168 663 199 DE
688 166 927 200 CIVITATE
950 167 1039 198 :om
1062 168 1104 199 L.
1128 167 1179 199 11.
1205 168 1241 200 c.
1268 171 1300 202 1.
1716 156 1788 207 53

753 480 1036 533 LIBER
1071 480 1139 534 ΙΙ.

812 700 1008 755 CAPUT
1049 701 1091 755 I.

144 826 220 875 De
258 825 424 884 moda,
464 825 554 884 qui
589 826 881 873 necessitati
918 825 1272 886 disputationis
1312 824 1629 872 adhibendus
1668 830 1751 873 est.
1822 828 1848 868 5

257 941 310 990 Si
341 943 522 990 rationi
553 942 844 1006 perspicuae
877 943 1096 990 veritatis
1135 941 1360 989 infirmus
1400 940 1640 989 humanae
1682 956 1795 989 eon—

107 1015 383 1065 suetudinis
438 1030 614 1064 sensus
670 1030 769 1063 non
826 1015 1031 1063 auderet
1084 1014 1348 1080 obsistere,
1405 1015 1490 1063 sed
1546 1014 1796 1063 doetrinae

109 1088 297 1138 salubri
328 1088 615 1152 languorem
648 1103 793 1137 suum
826 1095 1073 1152 tamquam
1112 1089 1382 1137 medicinae
1425 1087 1674 1154 subderet,
1713 1088 1796 1136 do-

106 1177 198 1211 nec
231 1161 394 1211 divino
429 1162 670 1210 adiutorio
696 1162 790 1210 fide
830 1164 1028 1226 pietatis
1067 1163 1344 1226 inpetrante
1386 1169 1657 1227 sanaretur,
1696 1177 1795 1210 non

106 1235 260 1285 multo
317 1250 544 1283 sermone
600 1250 724 1299 opus
780 1242 911 1284 esset
965 1235 1024 1283 ad
1081 1235 1471 1284 convincendum
1526 1235 1795 1299 quemlibet
1830 1242 1884 1281 10

107 1324 255 1358 vanae
290 1310 585 1374 opinationis
617 1323 841 1357 errorem
871 1308 963 1374 his,
1003 1311 1089 1373 qui
1127 1315 1262 1358 recte
1303 1311 1524 1357 sentiunt
1562 1315 1612 1357 et
1651 1323 1794 1357 sensa

107 1382 270 1432 verbis
322 1381 682 1431 sufficientibus
731 1382 990 1447 explicant.
1079 1381 1222 1431 Nune
1269 1397 1385 1430 vero
1434 1383 1664 1446 quoniam
1711 1382 1791 1430 ille

108 1463 183 1506 est
222 1458 378 1504 maior
417 1462 467 1504 et
505 1457 711 1504 taetrior
742 1457 1083 1520 insipientium
1122 1455 1326 1505 morbus
1367 1458 1656 1522 animorum,
1696 1471 1792 1520 quo

106 1528 474 1579 inrationabiles
507 1535 670 1578 motus
710 1545 842 1596 silOS,
883 1531 1030 1578 etiam
1067 1536 1181 1594 post
1220 1531 1463 1578 rationem
1500 1529 1643 1594 plene
1684 1530 1792 1578 red-

108 1603 272 1670 ditam,
313 1610 493 1667 quanta
531 1603 719 1652 homini
758 1603 817 1652 ab
856 1603 1054 1652 homine
1095 1603 1318 1668 debetur,
1358 1605 1458 1652 sive
1499 1605 1648 1651 nimia
1688 1619 1791 1652 cae·
1828 1607 1882 1647 15

108 1679 268 1743 citate,
309 1692 405 1740 qua
443 1692 534 1726 nec
575 1683 744 1741 aperta
784 1683 1081 1745 cernuntur,
1122 1679 1222 1726 sive
1264 1676 1646 1726 obstinatissima
1684 1692 1794 1742 per-

107 1752 303 1817 vicacia,
345 1765 440 1814 qua
465 1757 514 1800 et
547 1766 603 1799 ea
643 1765 766 1815 quae
808 1757 1082 1800 cernuntur
1122 1766 1221 1799 non
1260 1751 1506 1814 feruntur,
1547 1757 1795 1814 tamquam

106 1825 264 1888 ipsam
302 1825 545 1873 rationem
583 1826 939 1889 veritatemque
980 1824 1274 1890 defendunt,
1313 1825 1367 1872 fit
1405 1825 1675 1873 necessitas
1715 1839 1794 1872 oo-

109 1899 298 1962 piosius
352 1897 549 1946 dicendi
587 1897 881 1963 plerumque
920 1913 1002 1946 res
1043 1898 1214 1964 olaraS,
1253 1897 1387 1947 velut
1427 1913 1507 1946 eas
1547 1913 1646 1946 non
1687 1913 1794 1962 spe-

110 1970 359 2020 ctantibus
398 1971 676 2038 intuendaS,
716 1972 803 2021 sed
843 1971 1056 2036 quodam
1079 1971 1224 2020 modo
1251 1971 1518 2035 tangendas
1557 1971 1793 2036 palpanti·
1828 1976 1884 2015 20

109 2043 203 2093 bus
237 2051 285 2093 et
310 2045 651 2094 coniventibus
677 2046 956 2094 offeramus.
1032 2045 1096 2094 Et
1134 2052 1299 2094 tamen
1339 2047 1449 2109 quis
1491 2045 1796 2110 disceptandi

109 2118 221 2166 finis
247 2119 340 2167 erit
366 2125 415 2166 et
439 2118 674 2182 loquendi
697 2119 888 2184 modUS,
928 2121 970 2167 si
1001 2118 1403 2183 respondendum
1443 2134 1551 2167 esse
1592 2134 1793 2183 respon-

111 2190 340 2240 dentibus
381 2207 577 2256 semper
618 2190 996 2243 existimemus‘?
1046 2192 1170 2241 Nam
1210 2194 1296 2256 qui
1333 2192 1411 2241 vel
1448 2208 1548 2241 non
1587 2198 1795 2257 possunt

107 2264 392 2329 intellegere
445 2266 576 2329 quod
625 2266 827 2332 dicitur,
879 2266 954 2315 vel
1010 2273 1109 2315 tam
1168 2266 1280 2315 duri
1331 2273 1446 2315 sunt
1501 2266 1792 2315 adversitate

110 2340 303 2404 mentiS,
334 2344 404 2404 ut,
438 2341 630 2388 etiamsi
653 2339 1003 2407 intellexerint,
1034 2356 1134 2388 non
1160 2339 1437 2406 oboediant,
1476 2339 1792 2404 respondent,
1825 2341 1880 2380 25

109 2416 165 2460 ut
203 2413 443 2477 scriptum
484 2420 582 2479 est,
634 2420 683 2462 et
721 2413 996 2478 loquuntur
1034 2415 1346 2478 iniquitatem
1385 2419 1530 2477 atque
1570 2413 1790 2476 infatiga-

113 2482 275 2533 biliter
305 2488 417 2534 vani
450 2495 579 2535 sunt.
659 2486 880 2545 Quorum
920 2487 1049 2536 dieta
1090 2489 1337 2536 contraria
1376 2489 1417 2535 si
1456 2489 1638 2536 totiens
1677 2484 1790 2533 veli-

226 2642 298 2697 26)
329 2641 399 2684 Ps.
434 2646 505 2698 93,
537 2648 579 2688 4.

107 2884 157 2928 ni
211 2834 298 2932 ἃ
323 2830 604 2887 opinationis
644 2833 766 2876 AKv
799 2834 845 2889 (z.
879 2838 907 2877 4.
939 2847 973 2879 c.
1007 2837 1095 2887 21,·
1134 2835 1161 2877 z.
1195 2837 1255 2879 21
1291 2846 1323 2878 c.
1358 2836 1418 2876 18
1447 2831 1573 2886 fin.),·
1613 2830 1789 2887 opinio-

159 2900 180 2930 s
291 2900 296 2906 .
