2020 3122
603 152 670 184 m:
693 150 933 186 cm'rA'rE
956 153 1046 185 Dm
1069 153 1110 185 L.
1135 154 1180 186 v.
1205 152 1241 186 c.
1267 155 1320 186 19.
1677 140 1783 193 229

102 260 324 316 nititur.“
416 264 651 328 Quisquis
714 270 878 313 autem
940 265 1045 312 sine
1108 264 1374 329 cupiditate
1429 265 1634 331 gloriae,
1690 281 1785 330 qua

100 347 301 390 veretur
331 337 478 387 homo
510 336 636 387 bene
669 336 1001 387 iudicantibus
1041 337 1318 405 displicere,
1358 338 1598 388 dominari
1638 347 1784 404 atque

101 415 345 478 imperare
386 411 655 477 desiderat,
701 413 850 460 etiam
887 426 978 476 per
1018 412 1326 475 apertissima
1367 412 1552 462 scelera
1592 415 1785 478 quaerit

101 486 394 552 plerumque
450 485 674 534 obtinere
736 484 868 549 quod
927 483 1097 548 diligit.
1174 484 1386 534 Proinde
1442 489 1527 551 qui
1582 487 1786 550 gloriam

99 561 425 626 concupiscit,
464 566 548 608 aut
578 573 693 607 vera
724 560 801 607 via
839 560 1014 607 nititur
1054 564 1137 606 aut
1178 566 1313 607 certe
1352 558 1475 609 dolis
1516 566 1660 624 atque
1702 560 1784 609 fal-

101 634 237 683 laciis
285 631 559 698 contendit,
605 631 774 681 volens
813 631 973 681 bonus
1012 631 1168 680 videri
1207 646 1340 697 esse,
1386 634 1518 697 quod
1558 649 1656 682 non
1697 641 1785 683 est.

100 707 164 757 Et
217 707 326 757 ideo
380 708 589 756 virtutes
642 705 842 755 habenti
894 720 1066 770 magna
1119 706 1276 754 virtus
1339 712 1414 755 est
1468 714 1785 756 contemnere

101 781 320 848 gloriam,
361 782 475 846 quia
514 786 827 844 contemptus
868 781 974 828 eius
1014 781 1065 828 in
1105 786 1375 844 conspectu
1407 780 1496 829 Dei
1534 787 1624 846 est,
1662 781 1785 829 iudi·

104 858 181 905 cio
222 862 387 905 autem
433 869 534 904 non
580 855 800 919 aperitur
845 852 1074 902 humano
1153 852 1403 917 Quidquid
1442 855 1574 903 enim
1614 855 1786 903 fecerit

100 929 162 978 ad
201 929 370 979 oculos
408 928 686 993 hominum,
727 943 825 992 quo
865 926 1048 992 gloriae
1089 933 1400 992 contemptor
1440 935 1686 993 appareat,
1726 927 1785 976 ad

101 1004 338 1052 maiorem
375 1002 592 1068 laudem,
637 1001 731 1049 hoc
779 1007 855 1050 est
894 1000 953 1050 ad
992 1002 1226 1050 maiorem
1267 1001 1493 1068 gloriam,
1541 1002 1702 1051 facere
1743 1003 1786 1050 si

100 1077 355 1142 credatur,
408 1091 507 1124 non
563 1082 639 1124 est
693 1074 823 1124 unde
872 1090 924 1124 se
973 1075 1330 1139 suspicantium
1377 1074 1605 1125 sensibus
1645 1075 1786 1124 aliter

99 1165 226 1216 esse,
266 1165 412 1214 quam
451 1150 784 1215 suspicantur,
822 1148 1062 1197 ostendat.
1141 1147 1238 1197 Sed
1278 1150 1363 1213 qui
1403 1151 1672 1199 contemnit
1710 1151 1784 1198 iu·

99 1224 229 1273 dicia
273 1223 603 1289 laudantium,
659 1223 931 1271 contemnit
982 1223 1130 1271 etiam
1180 1224 1537 1287 suspicantium
1588 1224 1784 1272 temeri·

98 1304 273 1364 tatem,
320 1311 533 1362 quorum
571 1302 757 1360 tamen,
804 1297 846 1344 si
885 1310 999 1344 vere
1039 1294 1200 1344 bonus
1240 1303 1337 1363 est,
1376 1312 1475 1346 non
1516 1297 1787 1346 contemnit

99 1371 332 1438 salutem,
365 1365 612 1435 'quoniam
650 1376 820 1438 ¹tantae
868 1370 1083 1418 iustitiae
1133 1376 1208 1418 est
1255 1372 1342 1434 qui
1380 1370 1439 1419 de
1480 1372 1659 1435 spiritu
1699 1369 1788 1418 Dei

101 1447 309 1495 virtutes
339 1444 503 1510 habet,
542 1451 598 1493 ut
637 1444 785 1492 etiam
822 1444 957 1508 ipsos
997 1442 1166 1507 diligat
1203 1445 1445 1510 inimicos,
1484 1450 1535 1493 et
1573 1446 1641 1493 ita
1681 1443 1786 1492 dili-

100 1526 196 1584 gat,
235 1526 289 1568 ut
328 1533 445 1568 suos
484 1532 655 1566 osores
695 1515 771 1566 vel
811 1517 1117 1566 detractores
1157 1516 1273 1566 velit
1312 1525 1564 1568 correctos
1603 1517 1786 1567 habere

99 1599 358 1642 consortes
404 1606 503 1640 non
549 1593 601 1640 in
648 1599 848 1640 terrena
892 1592 1071 1657 patria,
1119 1591 1206 1640 sed
1245 1607 1484 1658 superna3
1531 1593 1583 1640 in
1623 1592 1784 1641 lauda-

101 1666 293 1716 toribus
319 1672 483 1716 autem
508 1667 627 1732 suiS,
666 1666 888 1729 quamvis
911 1665 1232 1730 parvipendat
1264 1665 1392 1730 quod
1428 1681 1543 1715 eum
1574 1665 1787 1731 laudant,

102 1755 200 1789 non
250 1748 415 1790 tamen
464 1737 795 1804 parvipendit,
846 1737 978 1802 quod
1025 1754 1139 1787 eum
1186 1745 1375 1805 amant,
1428 1754 1520 1788 nec
1560 1754 1644 1788 eos
1683 1740 1787 1788 vult

102 1813 269 1863 fallere
320 1813 598 1879 laudantes,
652 1827 714 1862 ne
770 1812 982 1876 decipiat
1035 1811 1317 1879 diligentes3
1372 1812 1582 1877 ideoque
1637 1815 1786 1862 instat

101 1887 347 1953 ardenter,
385 1893 442 1936 ut
471 1889 638 1952 potius
669 1886 749 1935 ille
789 1885 1033 1951 laudetur,
1072 1901 1099 1934 a
1138 1901 1235 1950 quo
1274 1885 1422 1935 habet
1460 1886 1606 1935 homo
1648 1887 1785 1951 quid-

101 1959 220 2025 quid
259 1963 311 2010 in
352 1975 410 2009 eo
450 1962 558 2009 iure
596 1959 837 2009 laudatur.
916 1959 1011 2017 Qui
1051 1967 1216 2010 autem
1253 1959 1435 2025 gloriae
1476 1967 1788 2025 contemptor

101 2034 447 2084 dominationis
495 2041 571 2082 est
618 2033 809 2099 aviduS,
858 2033 1041 2082 bestias
1091 2040 1291 2099 superat
1340 2035 1440 2083 sive
1481 2033 1787 2084 crudelitatis
1854 2044 1869 2053 ”

102 2110 232 2158 vitiis
272 2110 373 2157 sive
412 2107 651 2157 luxuriae.
728 2106 870 2156 Tales
911 2106 1108 2171 quidam
1147 2107 1356 2157 Romani
1393 2107 1610 2158 fuerunt.
1678 2107 1787 2156 Non

102 2183 234 2231 enim
288 2196 406 2231 cura
461 2182 837 2230 existimationis
893 2182 1070 2230 amissa
1127 2181 1473 2231 dominationis
1520 2181 1787 2247 cupiditate

105 2262 386 2305 caruerunt.
462 2254 642 2304 Multos
681 2253 804 2304 tales
843 2254 995 2304 fuisse
1034 2255 1200 2320 prodit
1238 2255 1465 2321 historia3
1513 2255 1599 2304 sed
1639 2255 1786 2305 huius

104 2330 209 2378 vitii
257 2330 588 2378 summitatem
637 2335 685 2378 et
731 2330 871 2393 quasi
917 2343 1082 2378 arcem
1137 2330 1380 2394 quandam
1426 2329 1557 2378 Nero
1610 2328 1787 2378 Caesar

103 2403 291 2466 primus
331 2401 566 2467 obtinuit,
607 2403 748 2452 cuius
788 2403 881 2451 fuit
918 2408 1054 2452 tanta
1092 2403 1336 2469 luxurieS,
1376 2410 1431 2452 ut
1469 2402 1591 2452 nihil
1629 2402 1687 2451 ab
1729 2417 1785 2450 eo

106 2481 363 2540 putaretur
417 2475 555 2525 virile
611 2476 953 2541 metuendum;
1016 2482 1150 2527 tanta
1206 2476 1470 2526 crudelitas
1483 2516 1496 2542 ,
1550 2483 1605 2525 ut
1667 2474 1788 2523 nihil

109 2548 253 2598 molle
307 2548 488 2598 habere
545 2550 855 2616 crederetur,
917 2552 959 2599 si
1012 2552 1304 2600 nesciretur.
1396 2549 1556 2598 Etiam
1608 2547 1786 2597 talibus

105 2627 268 2671 tamen
309 2622 590 2672 dominandi
622 2629 840 2688 potestas
880 2639 979 2672 non
1019 2623 1163 2673 datur
1203 2626 1299 2672 nisi
1339 2624 1517 2671 summi
1549 2621 1635 2670 Dei
1674 2635 1784 2684 pro-

108 2695 345 2762 videntia,
407 2696 602 2760 quando
667 2712 748 2745 res
809 2696 1047 2746 humanas
1102 2697 1285 2746 iudicat
1339 2695 1520 2744 talibus
1575 2695 1785 2742 dominis

227 2885 280 2925 16
310 2882 444 2925 tanta
475 2881 571 2925 eius
602 2881 783 2926 iustitia.
814 2883 859 2926 A
882 2885 897 2939 ΙΙ
921 2888 979 2927 24
1009 2882 1224 2926 laudetur
1253 2881 1320 2924 A1

1822 939 1874 977 10

1822 1308 1874 1347 15

1819 2411 1873 2449 30
