2020 3122
479 171 545 202 DE
570 170 808 202 cwrrA'rE
832 172 920 203 DEI
943 173 986 204 L.
1012 173 1097 204 ΧΠ.
1130 173 1166 204 c.
1191 175 1244 207 12.
1272 175 1325 206 13.
1629 163 1735 215 529

58 281 262 346 mundo;
302 279 390 329 sed
429 282 558 329 sicut
593 275 758 345 'ipsum
800 282 1036 331 mundum
1077 299 1135 332 ex
1175 286 1377 334 materia
1416 300 1505 335 sua
1543 288 1737 335 renasci

59 356 360 420 existimant,
406 355 473 403 ita
521 355 570 403 in
609 354 691 402 illo
732 369 791 402 ex
833 355 1086 405 elementis
1127 359 1233 406 eius
1272 373 1427 422 genus
1467 359 1735 408 humanum

59 443 114 477 ac
167 427 343 476 deinde
394 442 420 476 a
473 426 762 492 parentibus
809 431 1095 492 progeniem
1144 430 1385 494 pullulare
1440 432 1732 498 mortalium,

58 503 186 551 sicut
225 501 432 550 aliorum
470 500 764 550 animalium.

707 657 904 713 CAPUT
944 658 1093 712 XIII.
1179 677 1185 682 ·
1767 678 1791 717 5

122 768 258 826 Quid
292 760 696 830 respondendum
733 768 800 815 sit
836 768 927 827 his,
967 769 1056 827 qui
1087 770 1304 829 primam
1344 770 1676 818 conditionem

424 843 638 890 hominis
677 842 880 888 tardam
918 855 1025 890 esse
1065 847 1359 890 causantur.

205 942 346 1001 Quod
402 949 566 992 autem
620 942 989 1009 respondimus,
1043 958 1154 992 cum
1210 943 1268 992 de
1324 944 1495 993 mundi
1548 946 1735 1009 origine

57 1018 278 1082 quaestio
310 1022 605 1083 verteretur,
645 1018 730 1082 eiS,
770 1018 855 1080 qui
895 1016 1068 1066 nolunt
1093 1017 1295 1065 credere
1320 1032 1419 1066 non
1460 1033 1571 1066 eum
1612 1034 1735 1067 sem-

55 1105 146 1155 per
178 1092 345 1154 fuisse,
385 1090 470 1139 sed
504 1106 612 1139 esse
646 1092 883 1156 coepisse,
923 1092 1051 1139 sicut
1082 1093 1227 1139 etiam
1253 1090 1389 1140 Plato
1430 1093 1734 1156 apertissime
1772 1105 1824 1143 10

56 1164 336 1230 confitetur,
376 1166 597 1228 quamvis
629 1179 655 1212 a
686 1164 935 1213 nonnullis
975 1171 1146 1213 contra
1186 1179 1331 1228 quam
1370 1164 1588 1228 loquitur
1628 1181 1735 1214 sen-

57 1239 180 1286 sisse
233 1237 485 1287 credatur:
539 1237 632 1286 hoc
688 1239 835 1286 etiam
882 1237 941 1286 de
988 1239 1146 1302 prima
1193 1238 1405 1286 hominis
1457 1239 1735 1287 conditione

56 1311 427 1378 responderim,
481 1318 685 1376 propter
732 1326 842 1377 eos,
901 1313 985 1376 qui
1033 1311 1257 1360 similiter
1306 1319 1592 1378 moventur,
1647 1328 1737 1361 cur

55 1384 201 1433 homo
233 1401 323 1449 per
354 1384 730 1434 innumerabilia
762 1391 908 1449 atque
940 1385 1130 1434 infinita
1169 1391 1303 1434 retro
1343 1392 1565 1450 tempora
1603 1401 1736 1434 crea·

55 1464 136 1507 tus
175 1473 275 1507 non
316 1460 379 1508 sit
417 1466 616 1523 tamque
657 1474 768 1507 sero
809 1461 873 1508 sit
912 1465 1129 1524 creatUS,
1169 1465 1225 1507 ut
1263 1460 1426 1508 minus
1467 1474 1612 1522 quam
1652 1474 1737 1507 sex
1772 1471 1823 1510 15

55 1531 186 1580 milia
219 1534 317 1581 sint
349 1547 606 1599 annorum,
646 1548 705 1581 ex
735 1547 832 1596 quo
866 1547 974 1581 esse
1015 1534 1236 1596 coepisse
1277 1535 1327 1580 in
1369 1534 1521 1581 sacris
1559 1532 1736 1582 litteris

31 1607 318 1655 invenitur.
396 1606 447 1655 Si
496 1600 625 1655 enim
672 1605 887 1655 brevitas
936 1622 1020 1655 eos
1059 1605 1262 1655 offendit
1300 1607 1558 1671 temporiS,
1606 1606 1735 1670 quod

55 1685 156 1728 tam
201 1681 345 1744 pauci
393 1682 463 1728 eis
509 1680 739 1729 videntur
786 1682 922 1746 anni,
969 1695 1029 1729 ex
1069 1695 1166 1743 quo
1204 1682 1461 1728 institutus
1500 1679 1644 1727 homo
1684 1681 1734 1727 in

57 1755 238 1802 nostris
286 1753 662 1803 auctoritatibus
708 1753 911 1818 legitur:
958 1753 1272 1802 considerent
1322 1752 1441 1801 nihil
1481 1768 1588 1802 esse
1630 1752 1733 1801 diu-

56 1833 284 1891 turnum,
323 1829 512 1891 inquo
553 1835 628 1876 est
667 1827 850 1891 aliquid
891 1833 1187 1892 extremum,
1227 1833 1276 1875 et
1316 1828 1475 1875 omnia
1517 1826 1731 1874 saeculo·
1767 1836 1821 1875 20

0 1962 1 1965 Ἴ
55 1915 166 1950 rum
206 1902 358 1965 spatia
393 1900 607 1966 definita,
647 1902 689 1949 si
728 1902 1005 1950 aeternitati
1044 1901 1334 1949 interminae
1376 1906 1735 1965 comparentur,

58 1988 156 2022 non
209 1975 383 2038 exigua
432 1974 754 2023 existimanda
802 1990 933 2041 esse,
981 1974 1068 2023 sed
1107 1973 1252 2022 nulla,
1329 1973 1396 2022 Ac
1434 1988 1524 2038 per
1563 1973 1654 2021 hoc
1695 1975 1737 2021 si

57 2061 156 2095 non
203 2049 422 2111 quinque
473 2048 548 2096 vel
596 2063 706 2114 sex,
757 2063 928 2097 verum
977 2049 1121 2096 etiam
1171 2049 1419 2111 sexaginta
1469 2045 1598 2094 milia
1634 2048 1732 2095 sive

57 2127 301 2181 sescenta,
350 2127 434 2170 aut
481 2123 735 2186 sexagiens
783 2124 883 2170 sive
935 2123 1261 2186 sescentienS,
1309 2126 1392 2168 aut
1432 2121 1733 2168 sescentiens

57 2192 252 2242 miliens
284 2194 568 2244 dicerentur
600 2210 857 2262 annorum,
897 2202 980 2244 aut
1003 2195 1172 2243 itidem
1197 2209 1286 2258 per
1317 2192 1520 2242 totidem
1552 2195 1732 2242 totiens
1765 2202 1819 2241 25

57 2267 468 2331 multiplicaretur
490 2269 611 2318 haec
637 2284 840 2334 summa,
879 2268 966 2317 ubi
989 2270 1083 2317 iam
1108 2267 1296 2317 nullum
1329 2269 1523 2315 numeri
1555 2281 1733 2314 nomen

55 2339 371 2407 haberemus,
418 2357 476 2390 ex
519 2357 615 2406 quo
656 2341 788 2391 Deus
826 2343 1077 2390 hominem
1116 2342 1254 2390 fecit:
1301 2340 1523 2389 similiter
1564 2340 1732 2402 quaeri

55 2421 251 2478 posset,
307 2430 396 2463 cur
445 2422 556 2464 ante
608 2431 706 2464 non
760 2416 949 2464 fecerit.
1032 2414 1120 2463 Dei
1175 2416 1354 2478 quippe
1410 2413 1467 2460 ab
1522 2412 1731 2459 hominis

57 2489 306 2536 creatione
347 2491 555 2538 cessatio
604 2495 855 2538 retrorsus
904 2495 1101 2537 aeterna
1148 2489 1253 2536 sine
1292 2487 1431 2534 initio
1471 2491 1601 2533 tanta
1642 2489 1730 2549 cst,

56 2566 126 2627 ut,
166 2563 208 2609 si
240 2563 284 2609 ei
317 2563 600 2611 conseratur
625 2562 891 2626 quamlibet
923 2577 1095 2626 magna
1129 2567 1177 2609 et
1207 2558 1464 2608 ineffabilis
1503 2571 1728 2605 numero·
1761 2565 1817 2604 30

58 2635 175 2682 sitas
230 2641 534 2699 temporum,
595 2650 718 2700 quae
763 2642 926 2684 tamen
977 2636 1071 2683 fine
1128 2632 1357 2682 conclusa
1412 2632 1533 2679 certi
1588 2629 1730 2693 spatii

174 2781 200 2820 3
234 2791 262 2820 a
292 2790 374 2821 om.
409 2776 486 2834 Vl}
511 2781 565 2821 15
598 2777 658 2820 sit
689 2778 870 2820 creatus
903 2775 1061 2828 VAR-
1093 2774 1152 2817 sit
1183 2771 1393 2817 conditus
1416 2785 1442 2814 v
1466 2772 1557 2826 1121
1590 2769 1729 2812 inter-

57 2833 210 2878 minae
258 2835 415 2888 VAR·
453 2835 779 2879 interminatae
810 2849 836 2878 v
882 2837 897 2891 ΙΙ
935 2839 992 2878 24
1031 2833 1129 2877 siue
1170 2830 1452 2876 sexcentiens
1483 2830 1528 2871 A
1558 2831 1730 2885 (proyr.

50 2905 100 2948 12.
135 2897 205 2948 6)‚·
238 2895 319 2937 aut
351 2894 629 2938 sescentiens
670 2894 757 2948 Ve,·
788 2907 869 2938 om.
903 2893 954 2935 F

146 2982 241 3010 Auo.
263 2983 316 3008 n}
341 2982 417 3011 cxv.
442 2984 523 3011 nn.
546 2976 578 3009 1.
1323 2966 1380 3006 34
