2020 3122
154 964 207 1003 10

155 1448 207 1487 15

152 1846 207 1886 20

152 2212 207 2252 25

154 2582 210 2622 30

223 164 231 169 ”
245 164 347 218 108
931 176 968 209 s.
993 176 1270 211 AUGUS'rmI

239 305 412 355 pacem
451 288 642 354 habuit,
689 289 921 354 quamdiu
962 289 1029 338 dii
1068 305 1263 355 eorum,
1303 289 1389 338 sed
1429 289 1662 354 quamdiu
1701 289 1927 340 homines

241 364 435 412 finitimi
476 364 860 427 circumquaque
886 363 1163 430 voluerunt,
1202 365 1287 427 qui
1326 378 1433 412 eam
1473 363 1606 412 nullo
1646 362 1774 412 hello
1813 379 1925 429 pro·

240 443 561 503 vocaverunt3
607 438 704 486 nisi
751 437 878 486 sorte
929 437 996 486 dii
1043 437 1165 486 tales
1213 439 1361 486 etiam
1399 436 1448 485 id
1487 437 1675 486 homini
1713 437 1926 487 vendere

242 511 519 577 audebunt,
573 510 706 575 quod
760 510 883 560 alius
932 510 1077 559 homo
1124 510 1278 560 voluit
1325 513 1426 559 sive
1467 510 1637 560 noluit.
1714 510 1930 560 Interest

241 584 454 651 quidem,
493 586 589 633 iam
613 586 730 633 vitio
755 586 957 649 proprio
997 584 1147 633 malas
1187 591 1377 634 mentes
1418 590 1662 649 quatenus
1703 586 1929 634 sinantur

240 660 323 707 isti
363 658 627 707 daemones
666 657 743 706 vel
766 664 957 706 terrere
997 658 1073 707 vel
1113 659 1350 724 excitare,
1390 658 1476 707 sed
1517 660 1557 709 si
1599 673 1796 723 semper
1833 658 1928 707 hoc

239 739 443 797 possent
482 747 573 781 nec
614 731 741 780 aliud
779 733 1048 780 secretiore
1089 746 1144 780 ac
1185 734 1441 796 superiore
1472 737 1717 798 potestate
1758 739 1932 781 contra

242 821 415 855 eorum
455 812 686 854 conatum
727 820 870 870 saepe
896 805 1036 854 aliter
1076 812 1321 873 ageretur,
1361 821 1557 870 semper
1595 808 1646 855 in
1685 811 1928 871 potestate

240 879 480 929 haberent
504 894 651 943 paces
675 878 975 942 bellicasque
1008 880 1254 944 victorias,
1295 895 1418 943 quae
1460 894 1656 944 semper
1696 879 1799 928 fere
1840 894 1931 944 per

240 953 568 1002 humanorum
593 954 870 1001 animorum
895 959 1057 1001 motus
1083 952 1333 1018 accidunt3
1374 968 1495 1017 quas
1519 959 1684 1002 tamen
1715 953 1930 1018 plerum-

241 1043 336 1091 que
394 1033 565 1081 co⁴ntra
621 1041 795 1074 eorum
850 1026 958 1074 fieri
1012 1025 1314 1075 voluntatem
1369 1042 1468 1075 non
1524 1026 1683 1076 solum
1738 1026 1929 1076 fabulae

241 1100 393 1149 multa
417 1101 714 1148 mentientes
741 1106 790 1148 et
814 1101 893 1148 vix
917 1101 1021 1148 veri
1046 1099 1228 1164 aliquid
1262 1100 1337 1149 vel
1367 1099 1642 1149 indicantes
1675 1100 1750 1150 vel
1783 1102 1929 1165 signi·

241 1175 458 1240 ficanteS,
499 1173 585 1222 sed
627 1174 773 1222 etiam
813 1175 918 1238 ipsa
958 1173 1176 1222 Romana
1217 1174 1480 1223 confitetur
1519 1174 1738 1224 historia.

926 1330 1124 1384 CAPUT
1156 1332 1250 1385 XI.

243 1441 319 1489 De
357 1442 632 1489 simulacro
679 1439 893 1487 Cumani
922 1439 1180 1501 Apollines,
1221 1443 1368 1489 cuius
1402 1443 1553 1501 fletus
1593 1441 1820 1489 creditus
1861 1445 1934 1489 est

356 1515 550 1562 cladem
597 1514 927 1573 Graecorum,
968 1515 1149 1574 quibus
1188 1516 1434 1576 opitulari
1469 1528 1569 1564 non
1602 1518 1821 1576 poterat,

963 1589 1211 1637 indicare.

391 1689 562 1754 Neque
597 1691 728 1738 enim
761 1689 955 1738 aliunde
981 1689 1151 1755 Apollo
1191 1690 1271 1739 ille
1306 1690 1569 1757 CumanuS,
1609 1705 1723 1740 cum
1762 1690 1930 1740 adver-

242 1779 327 1813 sus
367 1763 586 1812 Achaeos
633 1779 899 1828 regemque
940 1764 1275 1813 Aristonicum
1314 1764 1604 1832 bellaretur,
1656 1764 1930 1828 quadriduo

238 1837 431 1886 flevisse
464 1839 719 1886 nuntiatus
746 1844 843 1903 est3
884 1853 981 1902 quo
1021 1837 1246 1903 prodigio
1285 1838 1574 1904 haruspices
1614 1839 1779 1887 territi
1818 1853 1932 1887 cum

239 1911 289 1960 id
330 1910 647 1960 simulacrum
686 1913 737 1960 in
777 1926 911 1960 mare
943 1913 1250 1976 putavissent
1290 1927 1398 1961 esse
1437 1911 1795 1978 proiciendum,
1835 1910 1930 1960 Cu-

240 1986 371 2033 mani
404 1999 548 2033 senes
579 1986 972 2034 intercesserunt
1011 1992 1157 2050 atque
1190 1986 1493 2035 rettulerunt
1523 1985 1618 2035 tale
1650 1984 1931 2051 prodigium

241 2065 290 2107 et
330 2058 558 2106 Antiochi
598 2064 647 2106 et
678 2058 845 2108 Persis
885 2058 1011 2108 bello
1052 2061 1103 2107 in
1143 2059 1317 2109 eodem
1356 2061 1642 2125 apparuisse
1682 2059 1931 2126 figment0,

241 2138 290 2180 et
330 2133 443 2195 quia
482 2131 713 2181 Romanis
754 2132 963 2182 feliciter
1000 2135 1325 2199 provenisset,
1365 2149 1424 2182 ex
1465 2139 1664 2182 senatus
1704 2132 1929 2182 consulto

241 2205 401 2254 eidem
451 2204 662 2269 Apollini
717 2221 807 2255 suo
858 2206 985 2254 dona
1033 2221 1140 2255 esse
1190 2208 1338 2256 missa
1377 2208 1543 2256 testati
1583 2213 1711 2255 sunt.
1789 2206 1930 2255 Tunc

239 2278 374 2327 velut
422 2280 684 2343 peritiores
724 2281 867 2328 acciti
921 2279 1209 2344 haruspices
1260 2281 1626 2344 responderunt
1680 2279 1931 2329 simulacri

241 2351 478 2416 Apollinis
517 2351 690 2400 ssetum
737 2353 847 2401 ideo
894 2368 1191 2417 prosperum
1243 2369 1351 2402 esse
1391 2353 1645 2418 RomaniS,
1698 2355 1930 2417 quoniam

243 2424 459 2474 Cumana
492 2425 683 2474 colonia
715 2425 899 2474 Graeca
939 2433 1085 2492 esset,
1125 2428 1327 2490 suisque
1367 2429 1530 2493 terriS,
1571 2426 1701 2475 unde
1742 2428 1928 2475 accitus

244 2505 398 2564 esset,
443 2498 492 2547 id
540 2506 615 2548 est
660 2500 755 2563 ipsi
795 2498 1052 2565 Graeciae,
1099 2499 1288 2549 luctum
1339 2506 1388 2549 et
1428 2500 1615 2549 cladem
1655 2499 1929 2564 Apollinem

244 2573 544 2637 significasse
590 2572 879 2636 plorantem.
964 2572 1150 2622 Deinde
1206 2589 1319 2622 mox
1373 2589 1542 2638 regem
1596 2573 1930 2622 Aristonicum

241 2648 427 2696 victum
467 2653 516 2695 et
555 2652 753 2711 captum
792 2661 900 2695 esse
941 2649 1221 2696 nuntiatum
1261 2653 1357 2713 est,
1398 2662 1546 2711 quem
1584 2648 1714 2696 vinci
1755 2648 1924 2711 utique

363 2792 389 2831 5
422 2789 654 2844 vulyarem
698 2788 934 2832 verborum
977 2788 1334 2832 distinctionem.-
1381 2789 1580 2833 Interest
1617 2787 1805 2844 quidem
1834 2787 1930 2831 iam

243 2846 361 2891 vitio
394 2846 596 2903 proprio,
629 2847 776 2890 malas
808 2848 986 2891 mentes
1019 2851 1095 2891 etc.
1128 2848 1403 2905 mutavimus
1433 2849 1509 2902 (cf.
1537 2849 1565 2892 Z.
1591 2851 1652 2891 18
1677 2860 1711 2891 c.
1740 2851 1801 2891 18
1824 2859 1930 2902 pro-

244 2905 345 2961 prio
377 2905 491 2950 vitio
513 2905 791 2963 ..maligna)
815 2907 830 2961 ΙΙ
859 2911 911 2950 19
945 2906 1251 2950 stratonicum
1286 2906 1443 2961 CAR·
1472 2905 1785 2950 istratinicum
1815 2904 1867 2948 F
