2038 3152
153 949 208 989 10

152 1317 206 1356 15

147 1757 206 1797 20

147 2154 205 2194 25

145 2521 204 2561 30

240 153 313 205 42
917 165 951 199 S.
977 165 1252 201 Anousnm

240 279 404 343 guinis
427 277 695 327 incidisset.
746 278 916 342 Itaque
940 279 1070 328 unde
1095 281 1302 344 punitur
1326 280 1368 328 si
1393 279 1508 328 fecit
1537 280 1773 343 iniussus,
1811 280 1925 330 inde

239 353 477 416 punietur
515 353 610 400 nisi
649 352 823 401 fecerit
861 354 1039 402 iussus.
1118 352 1259 411 Quod
1299 354 1342 402 si
1379 354 1447 402 ita
1486 359 1564 402 est
1593 352 1795 403 iubente
1834 354 1923 406 im-

238 431 484 490 peratore,
523 431 705 489 quanto
745 427 898 490 magis
937 425 1137 476 iubente
1178 424 1424 476 creatore!
1481 426 1577 484 Qui
1622 441 1740 491 ergo
1790 427 1926 476 audit

241 513 342 546 non
387 498 536 547 licere
586 514 637 548 se
686 499 934 566 occidere,
985 500 1143 567 faciat,
1193 502 1235 549 si
1273 501 1417 549 iussit
1469 501 1612 549 cuius
1658 515 1759 549 non
1811 499 1927 549 licet

241 573 375 620 iussa
408 578 746 638 contemnere3
785 574 1123 622 tantummodo
1166 573 1326 623 videat
1364 579 1534 622 utrum
1573 573 1735 626 divina
1771 575 1925 623 iussio

240 644 374 694 nullo
400 652 541 695 nutet
576 647 780 695 incerto,
857 646 957 696 Nos
981 662 1070 712 per
1110 662 1279 697 aurem
1313 649 1666 696 conscientiam
1699 649 1925 696 conveni·

239 733 372 784 mUS,
420 719 727 769 occultorum
773 720 916 770 nobis
955 721 1191 770 iudicium
1246 737 1345 770 non
1384 737 1697 786 usurpamus,
1773 722 1927 770 Nemo

238 795 335 842 scit
374 795 499 854 quid
535 800 724 855 affatur
764 798 815 844 in
853 795 1051 844 homine
1089 797 1190 844 nisi
1225 797 1434 857 spiritus
1472 797 1708 858 hominiS,
1747 797 1837 856 qui
1874 797 1926 844 in

241 868 346 928 ipso
387 872 471 916 est.
526 866 630 916 Hoc
656 867 881 933 dicimUS,
919 867 1012 918 hoc
1045 870 1326 934 asserimus,
1364 868 1458 916 hoc
1498 869 1656 917 modis
1697 867 1926 917 omnibus

241 939 583 1006 adprobamUS,
600 943 847 990 neminem
866 948 1182 1005 spontaneam
1199 948 1410 990 mortem
1432 941 1527 990 sibi
1542 943 1726 990 inferre
1744 941 1924 991 debere

240 1013 373 1062 velut
415 1014 647 1078 fugiendo
687 1015 935 1064 molestias
981 1014 1302 1080 temporaleS,
1357 1030 1419 1064 ne
1474 1015 1657 1064 incidat
1710 1017 1762 1064 in
1815 1029 1925 1080 per·

237 1089 724 1152 petuas;·neminem
762 1095 967 1153 propter
1005 1088 1163 1137 aliena
1200 1095 1426 1155 peccata,
1475 1104 1537 1138 ne
1575 1088 1669 1138 hoc
1708 1091 1814 1154 ipse
1853 1090 1926 1137 in·

240 1162 388 1224 cipiat
426 1160 608 1210 hahere
647 1164 991 1226 gravissimum
1030 1164 1310 1228 proprium,
1358 1178 1506 1227 quem
1546 1178 1644 1212 non
1675 1161 1926 1228 polluebat

239 1233 474 1299 alienum3
514 1236 762 1284 neminem
793 1242 997 1300 propter
1036 1251 1124 1284 sua
1162 1243 1364 1300 peccata
1402 1238 1683 1302 praeterita,
1721 1243 1926 1301 propter

240 1322 363 1371 quae
389 1309 543 1372 magis
567 1307 657 1357 hac
682 1311 780 1358 vita
818 1324 943 1374 opus
975 1315 1066 1376 est,
1105 1315 1161 1358 ut
1189 1311 1381 1374 possint
1412 1310 1707 1374 paenitendo
1740 1311 1925 1376 sanari;

237 1382 486 1429 neminem
517 1381 650 1431 velut
689 1381 934 1431 desiderio
973 1384 1098 1431 vitae
1140 1382 1372 1449 melioriS,
1413 1398 1536 1447 quae
1569 1390 1682 1449 post
1714 1390 1926 1432 mortem

238 1461 487 1521 speratur,
536 1456 649 1518 quia
687 1471 801 1509 reos
843 1471 958 1505 suae
1000 1457 1174 1506 mortis
1213 1456 1387 1505 melior
1425 1463 1538 1521 post
1577 1463 1788 1507 mortem
1827 1459 1925 1506 vita

237 1542 337 1576 non
377 1530 597 1593 suscipit.

845 1642 1042 1697 CAPUT
1091 1644 1313 1698 XXVII.

341 1749 419 1798 An
454 1755 667 1812 propter
706 1752 1091 1800 declinationem
1124 1755 1331 1813 peccati
1367 1766 1501 1801 mors
1539 1757 1820 1814 spontanea

880 1826 1166 1886 adpetenda
1204 1828 1281 1874 sit.

385 1925 556 1975 Restat
586 1941 684 1975 una
717 1941 876 1992 causa,
915 1926 974 1975 de
1016 1943 1110 1991 qua
1149 1927 1314 1977 dicere
1355 1943 1629 1994 coeperam,
1669 1943 1764 2004 qua
1802 1928 1922 1978 utile

236 2004 453 2065 putatur,
492 2006 547 2048 ut
586 2014 638 2048 se
679 2001 888 2064 quisque
929 2002 1204 2067 interficiat,
1245 2002 1433 2052 scilicet
1473 2017 1532 2050 ne
1572 2003 1624 2050 in
1662 2008 1922 2066 peccatum

236 2074 402 2122 inruat
424 2073 501 2121 vel
525 2072 803 2122 blandiente
829 2073 1074 2137 voluptate
1115 2075 1191 2123 vel
1229 2075 1397 2124 dolore
1431 2077 1693 2124 saeviente.
1764 2075 1922 2133 Quam

239 2140 457 2195 causam*
477 2147 518 2194 si
557 2145 857 2196 voluerimus
897 2147 1170 2214 admittere,
1210 2163 1269 2196 eo
1309 2164 1467 2213 usque
1507 2163 1771 2214 progressa
1809 2163 1919 2213 per-

235 2221 413 2285 veniet,
452 2226 507 2268 ut
537 2219 766 2268 hortandi
789 2221 888 2269 sint
911 2220 1135 2269 homines
1167 2228 1284 2270 tunc
1323 2238 1376 2278 se
1417 2224 1581 2286 potius
1620 2223 1922 2288 interimere,

237 2308 351 2342 cum
382 2292 574 2342 lavacro
607 2299 803 2342 sanctae
837 2296 1225 2358 regenerationis
1265 2295 1419 2344 abluti
1458 2296 1805 2344 universorum
1843 2309 1919 2343 re-

237 2368 519 2415 missionem
545 2368 827 2431 acceperint
865 2374 1195 2431 peccatorum.
1258 2368 1398 2417 Tunc
1439 2370 1570 2417 enim
1607 2375 1805 2432 tempus
1845 2375 1920 2417 est

236 2440 439 2488 cavendi
463 2441 625 2488 omnia
650 2441 816 2490 sutura
840 2447 1055 2507 peccata,
1095 2456 1208 2490 cum
1233 2448 1349 2491 sunt
1380 2443 1543 2490 omnia
1581 2441 1740 2490 deleta
1780 2457 1918 2506 prae-

235 2515 394 2562 terita.
473 2513 613 2571 Quod
654 2515 695 2562 si
734 2520 891 2562 morte
932 2521 1199 2579 spontanea
1237 2521 1372 2564 recte
1412 2516 1493 2578 fit,
1533 2530 1622 2564 cur
1663 2530 1761 2563 non
1800 2522 1919 2564 tunc

233 2589 547 2651 potissimum
586 2584 675 2636 fit?
738 2586 837 2636 Cur
874 2586 1147 2652 baptizatus
1187 2587 1281 2637 sibi
1321 2590 1529 2652 quisque
1569 2585 1763 2652 parcit?
1819 2587 1919 2638 Cur

354 2702 398 2754 9)
432 2705 471 2743 1.
506 2698 605 2743 Cor.
640 2705 679 2754 2,
715 2704 781 2744 11.

357 2837 378 2874 1
396 2831 524 2933 {ecit
553 2831 722 2884 AKF,·
760 2831 925 2876 fecerit
954 2845 980 2875 v
1004 2834 1019 2887 11
1049 2837 1098 2876 12
1130 2831 1231 2888 ipso
1262 2832 1380 2876 AK2
1403 2834 1419 2889 ss
1445 2836 1497 2876 15
1530 2833 1647 2877 haec
1679 2833 1797 2876 ΑΚι
1820 2835 1835 2890 u
1861 2838 1914 2878 17

235 2903 365 2932 reum
