2020 3122
180 945 232 983 10

179 1311 232 1350 15

177 1680 232 1720 20

176 2048 231 2087 25

176 2551 231 2591 30

267 147 374 199 478
946 156 983 189 s.
1009 155 1286 190 AUGUSTINI

272 285 516 336 quaquam
567 270 626 318 de
677 283 792 318 suae
841 267 1160 318 beatitudinis
1208 271 1498 319 aeternitate
1546 269 1803 335 falluntur,
1851 285 1948 334 quo

268 345 411 394 modo
458 344 638 392 dicturi
690 340 899 392 sumus?
962 343 1156 407 quando
1204 343 1403 407 quidem
1450 345 1492 392 si
1537 343 1764 407 aequales
1802 345 1853 392 in
1893 359 1950 393 ea

267 420 498 483 fuissent,
549 418 695 466 etiam
741 418 825 465 isti
863 419 914 465 in
955 418 1061 466 eius
1101 419 1389 466 aeternitate
1430 418 1726 466 mansissent
1762 419 1949 482 pariter

268 492 420 558 beati,
467 492 581 555 quia
629 493 815 555 pariter
855 492 993 540 certi.
1070 490 1240 554 Neque
1283 492 1414 538 enim
1455 492 1584 539 sicut
1622 491 1742 554 vita,
1781 506 1947 555 quam-

270 566 568 629 diucumque
616 565 788 629 fuerit,
833 566 901 613 ita
947 571 1146 613 aeterna
1191 566 1290 612 vita
1335 565 1576 613 veraciter
1616 563 1713 612 dici
1752 567 1948 631 poterit,

268 642 309 689 si
357 640 505 688 finem
559 637 787 687 habitura
841 640 925 704 sit3
980 640 1022 687 si
1082 637 1280 701 quidem
1342 639 1439 686 vita
1489 639 1827 687 tantummodo
1881 641 1948 688 vi-

267 714 447 779 vend0,
501 719 702 761 aeterna
755 727 871 760 vero
926 712 1074 760 tinem
1128 727 1226 759 non
1279 710 1505 760 habendo
1560 714 1810 761 nominata
1859 720 1950 762 est.

269 787 582 852 Quapropter
636 788 856 850 quamvis
911 801 1032 851 non,
1087 784 1324 849 quidquid
1377 791 1658 846 aeternum,
1714 787 1948 836 continuo

267 860 464 910 beatum
512 862 575 908 sit
623 855 830 926 (dicitur
877 861 1009 907 enim
1056 861 1203 907 etiam
1241 858 1462 924 poenalis
1501 861 1628 923 ignis
1669 854 1948 927 aeternus):

266 941 427 983 tamen
478 936 520 982 si
569 949 683 982 vere
736 934 1053 997 perfecteque
1110 932 1249 981 beata
1303 935 1399 981 vita
1453 948 1551 982 non
1602 935 1698 982 nisi
1748 940 1946 983 aeterna

266 1015 361 1073 est,
407 1022 504 1056 non
551 1014 657 1056 erat
702 1007 811 1056 talis
858 1009 1087 1072 istorum,
1136 1006 1430 1071 quandoque
1477 1007 1695 1056 desitura
1745 1014 1795 1056 et
1834 1023 1945 1072 pro-

264 1086 432 1147 pterea
473 1096 572 1129 non
612 1087 832 1146 aeterna,
880 1082 980 1129 sive
1020 1081 1071 1129 id
1111 1082 1316 1141 scirent,
1358 1082 1458 1130 sive
1499 1083 1778 1130 nescientes
1816 1081 1948 1131 aliud

269 1161 522 1220 putarent3
578 1157 691 1220 quia
746 1156 959 1203 scientes
1013 1156 1190 1220 timor,
1245 1156 1526 1203 nescientes
1583 1170 1724 1203 error
1777 1154 1946 1204 beatos

265 1245 373 1278 esse
420 1230 592 1292 utique
640 1243 739 1277 non
790 1227 995 1277 sinebat.
1074 1227 1126 1276 Si
1173 1235 1337 1277 autem
1390 1228 1484 1277 hoc
1531 1230 1599 1278 ita
1648 1228 1948 1294 nesciebant,

266 1310 320 1352 ut
359 1302 493 1351 falsis
532 1304 796 1351 incertisve
837 1317 936 1351 non
976 1301 1207 1367 fiderent,
1255 1302 1342 1351 sed
1382 1310 1551 1351 utrum
1591 1304 1948 1367 sempiternum

264 1392 324 1426 an
376 1375 670 1440 quandoque
725 1376 873 1424 finem
927 1375 1211 1424 habiturum
1267 1383 1398 1424 esset
1443 1375 1629 1425 honum
1676 1391 1843 1442 suum,
1895 1378 1946 1425 in

265 1457 490 1499 neutram
523 1456 713 1514 partem
745 1450 885 1498 firma
924 1449 1215 1498 adsensione
1255 1449 1529 1499 ferrentur:
1567 1452 1671 1514 ipsa
1711 1449 1771 1498 de
1811 1456 1947 1499 tanta

263 1523 494 1573 felicitate
542 1525 789 1572 cunctatio
839 1538 943 1571 eam
990 1522 1160 1572 beatae
1210 1525 1335 1572 vitae
1374 1523 1753 1590 plenitudinem,
1801 1538 1948 1588 quam

263 1600 315 1646 in
366 1598 548 1646 sanctis
603 1597 788 1661 angelis
840 1611 948 1645 esse
1004 1596 1275 1662 creditum,
1329 1612 1428 1645 non
1475 1596 1699 1646 hahebat.
1775 1596 1946 1662 Neque

265 1672 396 1720 enim
433 1670 602 1719 beatae
642 1673 768 1719 vitae
801 1670 1094 1719 vocabulum
1133 1673 1199 1719 ita
1239 1670 1574 1719 contrahimus
1614 1671 1672 1719 ad
1713 1671 1946 1735 quasdam

265 1745 635 1809 significationis
675 1746 939 1809 angustias,
978 1751 1034 1793 ut
1073 1744 1231 1794 solum
1271 1744 1428 1793 Deum
1467 1744 1687 1793 dicamus
1726 1744 1945 1811 beatum3

265 1820 350 1882 qui
395 1825 559 1867 tamen
612 1833 726 1866 vere
774 1819 841 1866 ita
887 1817 1061 1867 beatus
1110 1825 1207 1884 est,
1257 1826 1313 1867 ut
1351 1820 1506 1867 maior
1545 1817 1796 1867 beatitudo
1837 1834 1945 1867 esse

263 1907 362 1940 non
400 1893 571 1958 possit,
611 1893 661 1940 in
694 1893 835 1941 cuius
875 1894 1255 1957 comparatione,
1297 1892 1426 1956 quod
1467 1891 1625 1956 angeli
1663 1891 1793 1941 beati
1832 1899 1947 1941 sunt

265 1980 352 2014 sua
403 1980 592 2014 summa
644 1965 852 2029 quadam
898 1965 1200 2015 beatitudine
1277 1973 1456 2029 quanta
1503 1981 1611 2014 esse
1659 1967 1709 2014 in
1761 1965 1944 2031 angelis

262 2046 450 2104 potest,
487 2038 604 2103 quid
645 2045 728 2088 aut
767 2045 1006 2103 quantum
1046 2040 1155 2089 est‘?

1210 2007 1223 2032 7

930 2197 1125 2251 CAPUT
1165 2198 1288 2252 XII.

263 2305 340 2353 Be
363 2307 741 2366 comparatione
766 2305 1091 2354 beatitudinis
1115 2308 1360 2354 iustorum
1380 2307 1594 2354 necdum
1618 2306 1945 2354 obtinentium

306 2380 652 2440 promissionis
693 2379 895 2426 divinae
927 2382 1213 2439 praemium
1253 2385 1303 2428 et
1333 2382 1616 2441 primorum
1656 2381 1707 2427 in
1740 2392 1898 2440 para-

670 2453 777 2499 diso
817 2453 1070 2500 hominum
1110 2459 1227 2502 ante
1259 2458 1542 2515 peccatum.

410 2553 511 2602 Nec
550 2555 684 2618 ipsos
723 2559 928 2620 tanturn,
968 2555 1099 2618 quod
1132 2556 1317 2604 adtinet
1349 2555 1408 2604 ad
1448 2554 1735 2603 rationalem
1765 2553 1842 2602 vel
1872 2556 1942 2602 in·

264 2627 591 2676 tellectualem
617 2634 908 2693 creaturam,
940 2626 1110 2677 beatos
1143 2629 1499 2694 nuncupandos
1530 2634 1774 2693 putamus
1822 2627 1943 2685 Quis

264 2703 394 2749 enim
456 2702 642 2765 primos
696 2700 805 2749 illos
870 2701 1093 2750 homines
1148 2704 1199 2750 in
1253 2702 1477 2767 paradiso
1534 2716 1712 2766 negare
1768 2700 1967 2750 audeat*

380 2891 434 2930 27
469 2886 781 2931 obtinentium
822 2887 932 2941 VA‚·
962 2887 1221 2932 tenentium
1252 2901 1277 2931 v
