2020 3122
534 153 601 184 DE
626 151 863 186 CIVITATE
886 153 975 186 DEI
998 154 1039 186 L.
1064 154 1152 187 ΧΠ.
1177 154 1215 187 c.
1242 155 1295 188 22.
1321 156 1374 187 23.
1694 145 1800 196 549

123 279 462 328 quaecumque
517 265 583 312 ita
639 271 780 330 sunt,
835 265 952 314 alias
1007 281 1276 330 congreges
1332 268 1623 332 instituerit,
1677 282 1801 330 quae

123 345 444 401 congregatae
486 345 631 401 atque
672 339 722 386 in
761 338 994 402 gregibus
1033 340 1202 388 malint
1244 342 1425 406 vivere,
1473 346 1528 389 ut
1567 347 1682 389 sunt
1722 356 1801 389 co-

111 411 275 460 ⁴lumbi
307 413 482 478 sturni,
522 413 656 459 cervi
687 411 908 460 damulae
942 419 991 461 et
1030 420 1193 462 cetera
1232 413 1379 462 huius
1420 414 1572 462 modi:
1612 422 1800 462 utrum-

121 501 217 549 que
264 491 428 534 tamen
482 500 638 549 genus
685 500 783 533 non
832 500 891 534 ex
940 486 1145 550 singulis
1184 489 1489 553 propagavit,
1538 487 1623 536 sod
1661 487 1803 552 plura

122 559 267 607 simul
298 560 443 607 iussit
475 561 703 607 existere.
779 558 1041 608 Hominem
1073 575 1204 625 νει-ο,
1244 562 1385 609 cuius
1418 567 1642 610 naturam
1682 576 1799 625 quo-

121 632 231 681 dam
270 633 415 681 modo
455 633 664 681 mediam
703 635 835 681 inter
874 633 1072 697 angelos
1115 633 1396 697 bestiasque
1437 634 1692 700 condebat,
1731 642 1802 700 ut,

121 708 162 754 si
189 705 410 755 Creatori
443 722 532 755 suo
565 714 813 770 tamquam
845 722 960 755 vero
995 707 1191 755 domino
1225 706 1452 756 subditus
1483 715 1802 772 praeceptum

121 782 228 828 eius
274 782 353 844 pia
401 780 710 828 oboedientia
758 781 1057 847 custodiret,
1106 783 1158 829 in
1218 783 1520 830 consortium
1568 783 1803 830 transiret

120 853 418 919 angelicum,
465 856 570 902 sine
618 862 776 903 morte
818 855 976 903 media
1015 855 1208 903 beatam
1247 854 1647 903 inmortalitatem
1696 854 1801 902 abs-

119 942 214 991 que
254 927 353 976 ullo
402 930 614 976 termino
664 935 983 994 consecutus3
1031 931 1074 977 si
1129 935 1296 977 autem
1336 928 1597 977 Dominum
1647 927 1802 976 Deum

122 1016 266 1050 suum
312 1001 466 1050 libera
514 1001 762 1051 voluntate
811 1002 1023 1067 superbe
1071 1009 1215 1066 atque
1267 1001 1641 1051 inoboedienter
1680 1017 1801 1050 usus

119 1074 406 1140 offenderet,
445 1077 592 1124 morti
632 1075 854 1125 addictus
894 1076 1167 1125 bestialiter
1206 1078 1405 1142 viveret,
1443 1075 1659 1124 libidinis
1699 1091 1800 1124 ser-

119 1163 208 1196 vus
259 1155 559 1212 aeternoque
605 1156 718 1213 post
766 1157 978 1199 mortem
1024 1150 1263 1214 supplicio
1304 1149 1598 1214 destinatus,
1646 1164 1801 1198 unum

119 1237 174 1270 ac
215 1222 462 1286 singulum
509 1225 714 1289 creavit,
761 1238 860 1271 non
908 1225 1079 1287 utique
1130 1223 1289 1272 solum
1329 1226 1434 1271 sine
1473 1223 1684 1272 humana
1725 1238 1798 1271 so-

119 1298 294 1344 cietate
328 1295 671 1362 dese1endum,
711 1282 797 1345 sed
830 1304 886 1346 ut
925 1312 982 1346 eo
1023 1297 1168 1345 modo
1209 1297 1547 1346 vehementius
1587 1298 1633 1344 ei
1673 1311 1801 1344 com-

118 1369 437 1418 mendaretur
483 1372 638 1434 ipsius
691 1373 938 1420 societatis
990 1373 1153 1420 unitas
1199 1371 1547 1434 vinculumque
1597 1385 1800 1418 concor-

119 1443 248 1509 diae,
289 1445 331 1492 si
369 1458 468 1491 non
511 1451 701 1493 tantum
739 1446 869 1493 inter
910 1460 961 1492 se
1002 1451 1206 1493 naturae
1248 1444 1590 1510 similitudine,
1630 1459 1802 1492 verum

120 1518 266 1565 etiam
305 1519 609 1581 cognationis
642 1519 821 1567 affectu
859 1518 1084 1566 homines
1124 1524 1466 1584 necterentur3
1507 1517 1699 1582 quando
1739 1533 1801 1565 ne

117 1592 272 1654 ipsam
306 1590 504 1654 quidem
537 1592 766 1640 seminam
793 1591 1115 1657 copulandam
1140 1594 1243 1640 viro
1278 1594 1406 1640 sicut
1437 1594 1599 1656 ipsum
1631 1606 1800 1640 creare

117 1663 187 1712 illi
224 1663 433 1728 placuit,
486 1665 571 1713 sed
611 1680 670 1713 ex
716 1668 851 1732 ipso,
901 1673 957 1714 ut
996 1668 1195 1714 omnino
1236 1681 1294 1713 ex
1333 1665 1530 1714 homine
1571 1681 1669 1714 uno
1710 1665 1798 1713 dif-

118 1737 411 1787 funderetur
450 1754 606 1802 genus
644 1739 928 1788 humanum.

740 1896 939 1949 CAPUT
973 1896 1172 1949 XXIII.

126 1990 273 2047 Quod
302 1991 612 2051 praescierit
650 1990 786 2038 Deus
823 1991 1083 2050 hominem,
1124 2004 1267 2050 quem
1302 1991 1522 2051 primum
1562 1990 1802 2054 condidit,

210 2069 547 2124 peccaturum
586 2066 831 2124 simulque
861 2066 1195 2125 praeviderit,
1236 2069 1478 2123 quantum
1511 2064 1714 2124 piorum

240 2140 479 2199 populum
512 2152 578 2185 ex
610 2140 717 2185 eius
745 2152 935 2198 qenere
968 2140 1019 2185 in
1053 2139 1338 2197 cmyele'cum
1378 2138 1684 2184 consortium

524 2225 619 2259 succ
659 2216 788 2259 esset
820 2214 998 2271 qratia
1039 2213 1399 2259 translaturus,

264 2312 366 2361 Nec
413 2312 669 2377 ignorabat
715 2312 847 2362 Deus
893 2313 1141 2361 hominem
1188 2319 1510 2377 peccaturum
1558 2318 1617 2360 ets
1655 2313 1802 2359 morti

116 2387 214 2434 iam
271 2386 539 2435 obnoxium
598 2388 868 2435 morituros
920 2394 1307 2451 propagaturum
1362 2401 1519 2450 eoque
1573 2399 1799 2449 progres-

119 2474 262 2507 suros
301 2460 538 2524 peccandi
576 2462 860 2509 inmanitate
902 2460 1148 2527 mortaleS,
1187 2467 1242 2508 ut
1280 2462 1436 2508 tutius
1476 2466 1620 2521 atque
1661 2472 1799 2521 paca-

121 2534 218 2581 tius
273 2535 404 2582 inter
459 2549 510 2583 se
567 2533 817 2582 rationalis
879 2534 1144 2582 voluntatis
1200 2540 1429 2597 expertes
1483 2532 1667 2579 bestiae
1724 2531 1801 2578 sui

117 2608 312 2670 generis
352 2609 597 2674 viverent,
638 2622 844 2671 quarum
887 2623 946 2656 ex
986 2609 1126 2671 aquis
1166 2614 1216 2655 et
1254 2608 1401 2655 terris
1439 2605 1656 2669 plurium
1693 2603 1799 2667 pul-

235 2768 262 2805 4
292 2764 450 2806 tamen
482 2776 564 2807 om.
597 2763 642 2806 A
666 2765 680 2820 ΙΙ
706 2768 761 2806 10
802 2765 1131 2807 consecuturus
1163 2763 1207 2806 A
1232 2765 1247 2819 ΙΙ
1274 2766 1326 2805 18
1358 2775 1442 2804 nec
1474 2760 1624 2817 ipsam
1654 2774 1680 2803 v
1704 2761 1720 2815 fl
1743 2763 1799 2802 20

118 2821 305 2864 omnino
354 2820 514 2875 VAF;
554 2836 687 2866 omne
722 2837 748 2866 v
772 2825 787 2879 ΙΙ
809 2837 901 2866 uno
942 2835 1023 2866 om
1061 2823 1106 2865 A
1130 2824 1145 2878 ss
1169 2827 1222 2864 31
1256 2820 1460 2877 plurium
1509 2819 1573 2862 Vv
1616 2819 1694 2875 (cf.
1727 2822 1799 2872 4),-

115 2879 367 2935 plurimum
398 2856 634 2925 AF'Parr.

1836 939 1890 979 10

1838 1306 1891 1346 15

1832 1675 1888 1714 20

1835 2145 1890 2184 25

1832 2540 1887 2580 30
