2020 3122
170 911 221 950 10

165 1275 216 1314 15

160 1644 214 1682 20

153 2379 207 2416 30

261 117 371 168 430
932 122 965 156 s.
989 121 1263 156 AUGUSTINI

262 246 515 305 ceperant,
554 240 604 286 in
644 235 824 301 templo
858 250 964 284 eam
1005 234 1084 283 dei
1123 235 1222 299 sui,
1263 249 1410 297 quem
1448 249 1565 298 prae
1599 237 1779 284 ceteris
1811 237 1938 286 cole-

259 313 392 377 bant,
431 311 699 360 honorilice
739 308 1060 358 conlocarunt
1092 307 1428 371 abeuntesque
1461 306 1759 375 clauserunt,
1799 326 1938 374 aper-

260 394 407 450 toque
454 383 690 450 postridie
731 381 1068 447 simulacrum,
1116 382 1195 430 cui
1235 379 1596 446 supplicabant,
1641 383 1940 434 invenerunt

260 459 544 523 conlapsum
584 457 968 520 deformiterque
1010 455 1328 503 confractum.
1405 452 1591 502 Deinde
1630 456 1725 519 ipsi
1773 457 1937 521 prodi-

258 535 349 598 giis
390 533 485 581 acti
525 531 890 593 deformiusque
938 529 1098 593 puniti
1137 541 1298 575 arcam
1339 526 1490 574 divini
1540 530 1805 578 testimonii
1851 546 1936 595 po-

254 606 393 671 pule,
448 605 578 654 unde
627 609 881 669 ceperant,
936 601 1271 650 reddiderunt.
1356 599 1466 664 Ipsa
1513 607 1676 650 autem
1724 603 1934 653 redditio

257 679 412 744 qualis
453 677 565 728 fuit!
642 677 975 741 Inposuerunt
1016 690 1119 723 eam
1160 673 1382 737 plaustro
1424 676 1567 738 eique
1607 676 1861 743 iuvencaS,
1909 693 1936 726 a

256 753 435 818 quibus
467 751 644 801 vitulos
685 757 917 814 sugentes
958 747 1318 812 abstraxerant,
1358 746 1722 798 subiunxerunt
1762 757 1811 799 et
1851 766 1933 801 eas

256 843 352 892 quo
386 826 564 875 vellent
602 827 673 872 i1e
715 826 956 886 siverunt,
997 822 1141 869 ctiam
1181 820 1260 869 hic
1292 822 1389 869 vim
1429 821 1641 871 divinam
1674 823 1932 894 explorare

255 902 522 964 cupientes
599 898 660 946 At
706 897 812 945 illae
862 897 966 943 sine
1017 894 1141 942 duce
1189 893 1385 943 homine
1434 901 1578 959 atque
1627 903 1821 947 rectore
1874 898 1934 947 ad

252 973 502 1022 Hebraeos
544 973 666 1019 viam
713 970 1031 1034 peitinacitei
1079 966 1358 1032 gladientes
1399 983 1489 1017 nec
1529 977 1783 1020 revocatae
1824 987 1929 1021 mu-

252 1046 432 1111 gitibus
480 1045 803 1094 esurientium
858 1042 1070 1090 filiorum
1124 1056 1356 1106 magnum
1411 1050 1773 1093 sacramentum
1828 1046 1932 1095 suis

252 1120 410 1169 cult01
414 1118 523 1167 ibus
556 1122 886 1182 reportarunt.
949 1114 1080 1164 Haec
1113 1121 1259 1179 atque
1299 1115 1446 1165 huius
1479 1116 1612 1165 modi
1644 1116 1743 1166 Deo
1782 1134 1932 1184 parva

251 1200 386 1259 sunt,
433 1192 518 1241 sed
559 1206 731 1255 magna
779 1188 1026 1239 terrendis
1066 1186 1330 1238 salubriter
1370 1189 1752 1256 erudiendisque
1802 1207 1930 1241 mor-

250 1266 440 1316 talibus
505 1265 557 1314 Si
589 1267 720 1314 enim
759 1262 1037 1329 philosophi
1075 1264 1439 1328 praecipueque
1471 1262 1711 1314 Platonici
1743 1268 1930 1315 rectius

250 1342 428 1389 ceteris
461 1341 681 1404 sapuisse
721 1337 998 1403 laudantur,
1038 1338 1167 1385 sicut
1205 1337 1351 1401 paulo
1393 1344 1504 1387 ante
1538 1341 1931 1407 commemoravi,

250 1414 378 1478 quod
420 1414 628 1462 divinam
667 1411 1023 1476 providentiam
1064 1410 1184 1460 haec
1225 1426 1421 1476 quoque
1455 1427 1624 1460 rerum
1663 1413 1827 1462 infima
1859 1419 1928 1463 at-

249 1503 343 1552 que
397 1493 594 1537 terrena
642 1485 982 1534 administrare
1035 1464 1313 1534 docuerunt
1358 1500 1736 1535 numerosarum
1791 1488 1927 1536 testi

249 1563 409 1610 monio
450 1559 888 1626 pulchritudinum,
929 1573 1052 1623 quae
1085 1573 1184 1607 non
1217 1558 1377 1608 solum
1415 1560 1465 1607 in
1504 1559 1795 1624 corporibus
1827 1562 1927 1610 ani-

248 1635 459 1700 malium,
491 1649 661 1683 verum
694 1635 744 1682 in
776 1631 944 1681 herbis
970 1633 1116 1680 etiam
1147 1633 1388 1696 faenoque
1419 1634 1710 1698 gignuntur:
1744 1642 1927 1698 quanto

246 1709 519 1758 evidentius
551 1708 670 1756 haec
702 1707 1008 1756 adtestantur
1041 1705 1296 1772 divinitati,
1336 1721 1460 1770 quae
1493 1706 1552 1754 ad
1584 1706 1756 1756 horam
1785 1723 1927 1772 prae-

246 1782 502 1831 dicationis
550 1783 655 1830 eius
702 1781 848 1846 fiunt,
895 1779 981 1828 ubi
1029 1795 1083 1828 ea
1129 1779 1302 1844 religio
1351 1779 1745 1847 commendatur,
1802 1797 1925 1846 quae

246 1855 473 1905 omnibus
506 1854 814 1921 caelestibus,
856 1852 1192 1920 terrestribuS,
1230 1854 1439 1902 infernis
1479 1855 1744 1904 sacrificari
1783 1861 1928 1923 vetat,

247 1932 331 1978 uni
364 1929 464 1978 Deo
506 1935 695 1978 tantum
734 1927 927 1993 iubenS,
968 1929 1051 1991 qui
1085 1927 1218 1976 solus
1250 1927 1458 1992 diligens
1491 1934 1540 1977 et
1571 1927 1781 1978 dilectus
1812 1928 1923 1978 bea-

190 2010 205 2020 *
244 2010 320 2051 tos
367 2004 482 2051 facit
521 2017 791 2065 eorumque
833 2002 1187 2050 sacrificiorum
1231 2008 1454 2066 tempora
1500 2003 1737 2066 imperata
1783 2017 1923 2067 prae-

244 2076 417 2124 finiens
457 2091 610 2139 eaque
649 2090 738 2139 per
771 2075 1023 2124 meliorem
1056 2075 1362 2137 sacerdotem
1401 2077 1452 2123 in
1485 2075 1660 2124 melius
1691 2075 1925 2126 mutanda

242 2148 532 2213 praedicens
564 2164 663 2196 non
700 2151 794 2197 ista
827 2164 878 2196 se
915 2155 1162 2215 appetere,
1202 2149 1288 2198 sed
1327 2164 1417 2214 per
1456 2149 1577 2198 haec
1610 2148 1700 2198 alia
1731 2151 1923 2215 potiora

242 2222 516 2286 significare
548 2228 780 2288 testatur,
821 2237 918 2270 non
951 2229 1006 2271 ut
1044 2224 1148 2286 ipse
1189 2222 1267 2272 his
1306 2222 1578 2272 honoribus
1611 2222 1921 2290 sublimetur,

242 2295 328 2344 sed
369 2302 424 2344 ut
476 2310 566 2343 nos
622 2295 679 2343 ad
735 2310 849 2343 eum
888 2295 1149 2344 colendum
1189 2298 1333 2360 eique
1390 2295 1754 2346 cohaerendum
1807 2298 1959 2362 igne>

241 2371 420 2417 amoris
452 2370 558 2417 eius
591 2370 806 2434 accensi,
846 2368 977 2431 quod
1010 2368 1174 2434 nobiS,
1215 2385 1313 2419 non
1352 2369 1445 2438 illi,
1483 2370 1670 2419 bonum
1701 2379 1798 2437 est,
1839 2385 1918 2419 ex—

241 2444 464 2491 citemur.

359 2571 431 2625 13)
465 2574 502 2613 1.
539 2568 659 2613 Sam.
694 2573 722 2611 4
755 2583 853 2623 sqq.

357 2721 381 2759 9
412 2716 490 2760 hic
519 2730 631 2770 mss;
661 2715 769 2760 hinc
800 2729 824 2759 v
849 2717 942 2772 1122
976 2715 1074 2759 eius
1106 2729 1187 2759 om.
1221 2718 1265 2759 A
