2020 3122
575 133 641 165 DE
665 132 904 166 01v1⁷rArE
928 134 1015 165 Dm
1039 135 1081 167 L.
1106 135 1170 167 v1.
1196 135 1232 169 c.
1257 138 1292 170 s.
1672 125 1778 176 261

97 262 213 296 vero
267 260 357 294 nos
410 246 462 293 in
511 244 602 293 hac
651 244 980 308 disputatione
1023 245 1359 312 physiologian
1400 263 1692 312 quaeramus
1733 256 1782 297 et

98 335 197 369 non
245 318 554 383 theologian,
608 318 658 366 id
707 324 782 366 est
827 320 1069 366 rationem
1116 335 1214 368 non
1262 327 1488 387 naturae,
1543 322 1629 371 sed
1678 321 1780 371 Dei.

98 393 332 451 Quamvis
372 393 503 440 enim
544 393 629 455 qui
667 406 814 440 verus
854 390 985 440 Deus
1026 398 1102 440 est
1140 408 1239 441 non
1279 396 1531 461 opinione,
1571 395 1657 444 sed
1699 411 1779 444 na-

97 474 209 517 tura
241 465 372 514 Deus
411 467 495 514 sit:
535 479 635 513 non
674 471 838 513 tamen
879 467 1038 513 omnis
1077 472 1252 514 natura
1291 467 1413 516 deus
1452 476 1541 534 est,
1581 470 1693 533 quia
1732 476 1782 517 et

97 540 309 589 hominis
341 545 391 588 et
421 539 631 603 pecoriS,
671 545 721 587 et
752 537 942 587 arboris
975 545 1025 588 et
1062 538 1236 603 lapidis
1275 542 1446 604 utique
1485 549 1660 591 natura
1692 549 1781 608 est,
1814 551 1839 590 5

97 628 311 678 quorum
350 611 472 660 nihil
521 618 597 661 est
636 611 772 660 deuS.
852 611 904 660 Si
956 619 1121 661 autem
1159 614 1580 678 interpretationis
1618 615 1781 676 buum,

97 686 292 752 quando
326 687 488 750 agitur
514 685 574 734 de
599 687 752 734 sacris
777 684 946 734 Matris
979 685 1142 752 deum,
1182 693 1330 751 caput
1361 694 1437 736 est
1476 694 1609 736 certe
1652 689 1781 752 quod

95 760 252 810 Mater
293 759 441 808 deum
478 766 613 809 terra
652 765 748 808 est:
789 759 905 823 quid
948 759 1075 809 ultra
1114 761 1419 825 quaerimus,
1461 761 1578 824 quid
1618 768 1783 809 cetera

94 829 503 900 perscrutamur?
543 832 672 891 Quid
712 833 988 883 evidentius
1027 835 1323 898 suffragatur
1363 835 1449 899 eiS,
1489 836 1574 899 qui
1613 834 1783 883 dicunt

96 922 268 957 omnes
313 909 435 956 istos
483 906 602 955 deos
648 906 872 956 homines
924 904 1112 956 fuisse?
1191 907 1271 956 Sic
1313 909 1443 957 enim
1483 914 1598 956 sunt
1637 909 1780 956 terri·
1816 918 1869 957 10

95 996 271 1047 genae,
320 983 391 1030 sic
441 982 512 1029 eis
551 987 710 1029 mater
749 988 825 1030 est
863 988 1010 1030 terra.
1088 980 1142 1029 In
1182 996 1296 1029 vera
1337 988 1498 1031 autem
1539 981 1783 1046 theologia

97 1070 221 1120 opus
273 1053 362 1103 Dei
408 1061 484 1103 est
530 1061 685 1119 terra,
740 1069 840 1102 non
887 1061 1057 1103 mater.
1135 1054 1316 1103 Verum
1366 1061 1531 1104 tamen
1583 1070 1781 1119 quoquo

96 1128 240 1178 modo
281 1143 419 1178 sacra
464 1129 572 1177 eius
611 1130 1004 1193 interpretentur
1044 1134 1093 1177 et
1131 1128 1351 1177 referant
1390 1128 1448 1177 ad
1487 1144 1658 1178 rerum
1697 1144 1780 1177 na-

94 1209 279 1252 turam:
323 1203 456 1250 viros
503 1201 762 1251 muliebria
807 1203 908 1266 pati
954 1217 1055 1250 non
1103 1209 1178 1251 est
1225 1202 1499 1251 secundum
1538 1208 1780 1268 naturam,

93 1275 183 1325 sed
215 1283 387 1325 contra
418 1282 657 1325 naturam.
733 1274 825 1324 Hic
865 1275 1084 1341 morbuS,
1122 1275 1216 1324 hoc
1256 1277 1460 1342 crimen,
1498 1275 1592 1325 hoc
1633 1275 1778 1324 dede·
1815 1284 1867 1324 15

96 1365 185 1399 cus
224 1349 371 1398 habet
417 1351 549 1398 inter
595 1349 676 1398 illa
724 1364 862 1398 sacra
900 1349 1286 1415 professionem,
1333 1349 1466 1414 quod
1504 1351 1555 1398 in
1594 1350 1782 1398 vitiosis

95 1423 351 1473 hominum
389 1422 610 1472 moribus
649 1424 727 1472 vix
765 1421 914 1472 habet
951 1425 1083 1472 inter
1121 1429 1366 1472 tormenta
1406 1423 1781 1472 confessionem.

97 1497 282 1547 Deinde
331 1499 373 1546 si
417 1498 510 1546 ista
561 1511 721 1563 sacra,
768 1512 893 1561 quae
941 1498 1180 1546 scaenicis
1228 1495 1618 1562 turpitudinibus
1668 1511 1781 1545 con-

97 1573 364 1623 vincuntur
397 1586 504 1620 esse
538 1570 772 1636 foediora,
810 1570 925 1619 hinc
965 1577 1265 1620 excusantur
1305 1577 1452 1635 atque
1491 1576 1781 1636 purgantur,

96 1644 230 1709 quod
284 1643 466 1693 hahent
525 1646 959 1709 interpretationes
1014 1660 1151 1710 suaS,
1214 1643 1394 1708 quibus
1457 1643 1781 1693 ostendantur
1813 1653 1868 1692 20

98 1733 268 1767 rerum
314 1718 590 1782 significare
638 1724 886 1768 naturam:
935 1733 1024 1767 cur
1070 1733 1170 1767 non
1218 1719 1365 1766 etiam
1410 1719 1603 1781 poetica
1650 1719 1781 1766 simi-

98 1791 212 1841 liter
251 1798 553 1841 excusentur
592 1799 740 1856 atque
778 1789 1092 1856 purgentur?
1139 1790 1280 1840 Multi
1321 1793 1451 1839 enim
1491 1797 1540 1840 et
1578 1792 1684 1855 ipsa
1723 1789 1782 1838 ad

96 1865 312 1914 eundem
365 1865 565 1914 modum
618 1867 931 1930 interpretati
971 1871 1107 1930 sunt,
1161 1879 1320 1928 usque
1361 1864 1481 1913 adeo
1519 1870 1603 1924 ut,
1651 1863 1783 1928 quod

99 1938 159 1987 ab
201 1940 271 1987 eis
309 1940 704 1987 inmanissimum
742 1946 792 1987 et
830 1937 1226 1987 infandissimum
1266 1937 1473 2003 dicitur,
1514 1937 1784 1987 Saturnum

99 2027 218 2061 suos
267 2011 393 2060 filios
445 2011 730 2078 devorasse,
783 2014 851 2060 ita
903 2011 1126 2060 nonnulli
1176 2013 1595 2077 interpretentur,
1651 2010 1782 2075 quod
1816 2020 1870 2059 25

98 2084 428 2150 longinquitas
474 2087 734 2151 temporiS,
790 2100 912 2149 quae
963 2084 1163 2134 Saturni
1217 2086 1415 2134 nomine
1467 2085 1784 2150 significatur,

97 2158 338 2223 quidquid
384 2161 539 2223 gignit
585 2161 690 2223 ipsa
737 2166 1016 2225 consumat,
1062 2158 1159 2224 vel,
1208 2160 1337 2207 sicut
1383 2158 1515 2207 idem
1555 2161 1784 2223 opinatur

99 2231 268 2299 Varr0,
307 2233 439 2297 quod
463 2234 710 2298 pertineat
735 2232 978 2282 Saturnus
1003 2231 1063 2282 ad
1104 2234 1305 2299 semina,
1346 2248 1470 2296 quae
1502 2233 1554 2282 in
1585 2239 1784 2295 terram,

98 2305 161 2354 de
194 2321 289 2370 qua
313 2308 558 2372 oriuntur,
596 2308 779 2356 iterum
811 2306 1054 2356 recidunt,
1131 2305 1353 2370 Itemque
1386 2306 1466 2355 alii
1506 2305 1598 2354 alio
1638 2304 1782 2353 modo

98 2386 149 2428 et
187 2379 411 2428 similiter
451 2387 628 2429 cetera.
1814 2387 1869 2426 30

248 2452 311 2502 Et
349 2460 512 2502 tamen
551 2453 796 2518 theologia
835 2452 1055 2502 fabulosa
1094 2452 1276 2502 dicitur
1315 2459 1365 2502 et
1404 2467 1517 2502 cum
1556 2450 1782 2500 omnibus

100 2524 307 2575 huiusce
354 2526 487 2575 modi
539 2525 1033 2591 interpretationibus
1090 2529 1192 2576 suis
1247 2525 1628 2591 reprehenditur
1683 2523 1780 2571 abi—

101 2601 230 2648 citur
269 2599 583 2667 inprobatur,
630 2616 722 2649 uec
763 2601 919 2649 solum
960 2616 987 2649 a
1026 2599 1257 2665 naturali,
1306 2614 1428 2663 quae
1468 2596 1779 2662 philosopho·

100 2687 213 2720 rum
252 2680 342 2738 est,
379 2688 551 2723 verum
584 2675 730 2723 etiam
769 2673 828 2723 ab
867 2676 960 2723 ista
1001 2673 1143 2740 civili,
1183 2673 1242 2722 de
1284 2687 1378 2736 qua
1418 2672 1618 2735 agimuS,
1658 2683 1780 2733 quae

220 2806 242 2843 1
276 2801 538 2855 quaerimus
568 2801 670 2844 ΚΕ
695 2803 818 2857 (134,
851 2805 908 2854 2,·
939 2804 1042 2853 151,
1075 2803 1167 2853 22,·
1198 2803 1309 2852 276,
1341 2801 1420 2852 33)
1442 2799 1458 2853 ΙΙ
1481 2802 1536 2840 22
1562 2809 1780 2840 excusan-

97 2857 175 2900 tur
209 2893 218 2903 .
254 2894 263 2902 .
295 2861 552 2915 purgantur
584 2862 629 2903 A
