2020 3122
236 159 339 211 106
926 169 963 204 s,
989 169 1268 204 AUGUs'rm

229 284 424 347 gentius
473 282 746 331 disseretur
793 281 916 332 loco.
978 283 1120 332 Modo
1175 291 1339 332 autem
1389 284 1503 347 quia
1549 282 1609 332 de
1665 282 1920 332 beneficiis

229 372 402 405 eorum
443 357 666 420 quaestio
701 362 797 406 est:
838 371 1067 421 magnum
1108 357 1403 405 beneficium
1443 363 1519 405 est
1556 371 1665 423 pax,
1705 356 1790 404 sed
1830 356 1920 406 Dei

227 432 331 478 veri
354 430 650 478 beneficium
675 436 764 490 est,
804 430 1098 495 plerumque
1124 433 1271 479 etiam
1297 433 1426 479 sicut
1458 430 1546 496 sol,
1586 432 1716 479 sicut
1755 430 1919 494 pluvia

226 505 451 567 vitaeque
493 503 583 551 alia
623 502 841 552 subsidia
889 519 1039 568 super
1088 506 1306 568 ingratos
1347 511 1396 552 et
1435 519 1660 567 nequam.
1740 503 1837 552 Sed
1877 505 1920 553 si

169 586 194 625 5
226 576 320 625 hoc
361 584 460 625 tam
499 592 729 642 magnum
769 577 955 627 bonum
994 576 1062 626 dii
1100 577 1169 626 illi
1201 577 1383 626 Romae
1424 577 1499 626 vel
1523 576 1763 642 Pompilio
1803 592 1918 626 con-

226 650 474 718 tulerunt,
522 666 611 700 cur
657 652 864 716 imperio
913 651 1131 700 Romano
1187 666 1276 716 per
1330 653 1435 715 ipsa
1482 658 1703 715 tempora
1754 650 1917 700 lauda-

225 723 341 773 bilia
379 724 429 773 id
467 739 736 789 numquam
775 731 946 789 postea
985 722 1379 789 praestiterunt?
1426 725 1498 773 An
1538 724 1735 774 utiliora
1777 732 1920 774 erant

227 813 379 864 sacra,
420 813 533 847 cum
565 800 962 859 instituerentur,
1004 813 1150 862 quam
1191 814 1305 847 cum
1344 800 1568 848 instituta
1609 797 1917 847 celebraren-

225 869 344 921 tur‘?
384 872 532 936 Atqui
564 878 683 921 tunc
709 872 930 920 nondum
963 879 1118 938 erant,
1161 873 1245 920 sed
1286 879 1342 921 ut
1381 879 1548 921 essent
1588 871 1917 938 addebantur3

144 955 197 995 10
229 952 400 1010 postea
439 961 556 995 vero
590 948 685 994 iam
711 952 866 1011 erant,
906 960 1031 1009 quae
1071 953 1127 994 ut
1164 945 1461 1009 prodessent
1498 945 1917 996 custodiebantur.

230 1019 359 1076 Quid
383 1035 503 1083 ergo
528 1026 618 1085 est,
658 1019 789 1083 quod
814 1019 886 1068 illi
911 1019 1231 1083 quadraginta
1264 1026 1368 1068 tres
1398 1019 1490 1085 vel,
1528 1026 1584 1068 ut
1614 1019 1695 1068 alii
1736 1019 1919 1086 volunt,

227 1094 430 1156 triginta
485 1108 658 1142 novem
712 1095 828 1141 anni
882 1095 933 1141 in
990 1100 1089 1142 tam
1143 1093 1286 1157 longa
1340 1108 1460 1158 pace
1515 1095 1752 1142 transacti
1802 1099 1919 1143 sunt

228 1173 464 1230 regnante
514 1166 694 1233 Numa,
741 1173 791 1215 et
835 1173 1008 1231 postea
1057 1169 1210 1216 sacris
1255 1169 1496 1216 institutis
1546 1167 1738 1231 diisque
1784 1169 1919 1232 ipsiS‚

228 1242 313 1304 qui
353 1240 541 1289 eisdem
589 1243 741 1289 sacris
782 1241 979 1290 fuerant
1030 1242 1240 1306 invitati,
1287 1242 1382 1290 iam
1422 1240 1731 1305 praesidibus
1770 1247 1917 1305 atque

141 1313 480 1363 15'tutoribus
533 1315 613 1362 vix
667 1321 778 1378 post
832 1321 932 1363 tam
988 1314 1171 1363 multos
1225 1329 1380 1363 annos
1409 1314 1487 1363 ab
1535 1314 1667 1364 Urbe
1722 1314 1919 1364 condita

225 1403 384 1452 usque
439 1387 498 1436 ad
550 1387 829 1452 Augustum
882 1404 973 1453 pro
1024 1403 1200 1452 magno
1248 1388 1484 1437 miraculo
1533 1404 1663 1437 unus
1703 1403 1916 1438 comme·

226 1467 447 1510 moratur
494 1477 652 1510 annus
699 1468 812 1527 post
858 1464 1074 1527 primum
1121 1461 1303 1510 bellum
1342 1461 1610 1529 Punicum,
1656 1477 1754 1526 quo
1801 1462 1917 1512 belli

224 1541 391 1599 portas
431 1534 637 1583 Romani
677 1535 904 1584 claudere
945 1533 1257 1600 potuerunt?

922 1692 1118 1747 CAPUT
1151 1693 1214 1746 X.

142 1809 198 1849 20
229 1801 310 1849 Αη
350 1802 627 1862 optandum
669 1800 854 1862 fuerit,
903 1802 1040 1861 quod
1084 1806 1228 1850 tanta
1267 1802 1509 1850 bellorum
1547 1803 1694 1850 rabie
1731 1802 1942 1851 Roma-⁵

226 1888 406 1923 norum
433 1880 714 1935 auqeretur
739 1877 1019 1937 imperium,
1059 1889 1173 1924 cum
1205 1889 1262 1924 eo
1293 1876 1474 1935 studia,
1505 1889 1603 1935 quo
1634 1876 1725 1924 sub
1751 1876 1914 1924 Numa

376 1954 582 1996 auctum
621 1954 707 2008 est,
749 1955 798 1997 et
835 1951 1055 2009 quietum
1095 1963 1201 1997 esse
1233 1951 1479 2010 potuisset
1515 1954 1565 1997 et
1602 1954 1774 1998 tutum.

375 2050 448 2098 An
488 2051 813 2117 respondent,
861 2050 992 2115 quod
1040 2053 1134 2099 nisi
1181 2050 1390 2100 assiduis
1438 2050 1630 2115 sibique
1679 2053 1914 2101 continuo

228 2123 609 2173 succedentibus
633 2123 776 2173 hellis
808 2123 1083 2173 Romanum
1107 2126 1369 2189 imperium
1408 2131 1506 2173 tam
1538 2124 1681 2189 longe
1719 2123 1915 2189 lateque

137 2205 193 2246 25
226 2212 324 2246 non
362 2203 532 2262 posset
571 2199 741 2262 augeri
782 2203 831 2246 et
870 2203 969 2246 tam
1009 2197 1181 2262 grandi
1221 2197 1374 2263 gloria
1414 2195 1688 2247 diffamari?
1733 2197 1915 2248 Idonea

226 2269 343 2319 vero
377 2269 543 2319 causa!
583 2270 660 2334 Ut*
686 2286 916 2336 magnum
958 2278 1088 2320 esset
1112 2273 1391 2337 imperium,
1431 2287 1521 2320 cur
1561 2287 1669 2320 esse
1709 2270 1915 2321 deberet

223 2341 536 2408 inquietum?
575 2343 747 2393 Nonne
787 2346 839 2392 in
872 2343 1167 2409 corporibus
1206 2344 1463 2394 hominum
1502 2347 1656 2394 satius
1697 2351 1772 2394 est
1810 2360 1914 2394 mo-

225 2417 383 2466 dicam
425 2423 665 2466 staturam
705 2433 817 2466 cum
859 2419 1063 2467 sanitate
1104 2417 1287 2466 habere
1328 2433 1474 2482 quam
1513 2417 1572 2467 ad
1612 2418 1791 2467 molem
1830 2417 1914 2468 ali-

226 2506 370 2555 quam
426 2493 700 2555 giganteam
757 2493 1013 2555 perpetuis
1067 2491 1430 2540 adflictionibus
1483 2493 1767 2558 pervenire,
1819 2507 1912 2541 nec

135 2575 193 2614 30
226 2580 339 2614 cum
369 2565 656 2630 perveneris
681 2566 1015 2631 requiescere,
1048 2564 1133 2614 sed
1169 2571 1351 2628 quanto
1384 2564 1729 2629 grandioribus
1760 2580 1912 2614 mem·

222 2638 342 2704 bris,
381 2644 516 2688 tanto
541 2637 810 2687 maioribus
835 2639 1009 2702 agitari
1032 2635 1209 2687 malis?
1249 2636 1377 2695 Quid
1409 2645 1573 2688 autem
1612 2639 1727 2688 mali
1764 2644 1912 2705 esset,

346 2768 387 2821 1)
420 2766 471 2811 L.
506 2771 530 2809 '7
564 2779 602 2809 c.
636 2770 707 2809 34.

346 2903 397 2941 12
430 2897 537 2955 trig.
568 2911 676 2943 nou,
709 2897 852 2951 AK¹‚·
881 2899 938 2942 tr.
972 2899 1020 2942 et
1048 2913 1094 2941 n.
1127 2897 1274 2941 K2Fv
