2020 3122
129 895 183 934 10

128 1263 180 1302 15

124 2365 183 2404 30

220 96 325 150 184
834 131 837 136 .
902 106 936 140 s.
961 106 1238 153 suousmm1

218 221 423 270 deorum
451 227 624 270 natura
653 218 797 285 libro,
837 226 887 281 et
918 234 1032 268 cum
1061 220 1168 284 ipse
1202 220 1581 283 superstitiones
1619 234 1680 268 ex
1719 226 1898 270 natura

216 309 385 343 rerum
425 293 558 342 velut
601 292 829 358 physicas
868 300 918 343 et
955 291 1318 358 philosophicas
1356 294 1563 358 inserat,
1612 292 1901 357 indignatur

216 375 379 417 tamen
426 367 727 416 institutioni
773 367 1151 416 simulacrorum
1203 371 1252 415 et
1298 364 1614 430 opinionibus
1661 365 1900 417 sabulosis

217 444 281 490 ita
329 441 560 505 loquens:
604 439 887 506 „Videtisne
934 442 1108 507 igitur,
1154 446 1211 488 ut
1257 455 1283 488 a
1321 439 1538 504 physicis
1577 438 1728 489 rebus
1766 438 1897 490 bene
1963 432 1974 446 χ

217 522 362 579 atque
402 514 592 564 utiliter
622 516 835 564 inventis
874 516 999 564 ratio
1039 516 1105 564 sit
1142 519 1298 563 tracta
1337 513 1396 562 ad
1437 514 1807 563 commenticios
1847 521 1900 563 et

217 589 357 638 fictos
397 584 552 638 deos?
614 587 748 645 Quae
788 603 869 637 res
908 590 1079 653 genuit
1117 587 1261 637 falsas
1301 589 1558 652 opiniones
1598 602 1900 652 erroresque·

215 661 529 712 turbulentos
585 669 635 711 et
695 663 1074 727 superstitiones
1127 676 1283 726 paene
1340 661 1506 711 aniles
1591 659 1656 710 Et
1708 661 1895 710 formae

216 738 348 784 enim
387 734 529 784 nobis
563 734 769 784 deorum
802 741 851 784 et
890 741 1073 785 aetates
1115 741 1164 783 et
1201 736 1410 784 vestitus
1449 741 1752 799 ornatusque
1791 736 1900 785 noti

216 816 356 871 sunt,
411 824 593 874 genera
630 815 908 876 praeterea,
964 810 1214 874 coniugia,
1254 810 1595 872 cognationeS,
1636 810 1897 873 omniaque

216 882 442 932 traducta
497 883 557 932 ad
613 882 982 931 similitudinem
1036 880 1387 931 imbecillitatis
1441 881 1697 931 humanae.
1773 881 1897 931 Nam

217 964 266 1006 et
295 955 599 1021 perturbatis
630 957 805 1004 animis
836 956 1161 1021 inducuntur,
1201 956 1482 1019 accepimus
1521 957 1653 1004 enim
1692 955 1898 1006 deorum

215 1029 510 1094 cupiditates
550 1029 885 1094 aegritudines
924 1028 1219 1079 iracundias,
1295 1027 1398 1078 Nec
1437 1044 1571 1095 ver0,
1608 1036 1665 1079 ut
1703 1029 1895 1080 fabulae

214 1104 412 1169 ferunt,
463 1103 531 1152 dii
568 1102 711 1152 bellis
760 1103 1063 1168 proeliisque
1115 1109 1410 1169 caruerunt3
1464 1118 1557 1153 nec
1608 1103 1795 1171 solum,
1842 1111 1901 1154 ut

215 1177 343 1242 apud
389 1176 683 1243 Homerum,
734 1192 847 1226 cum
898 1177 1023 1226 duos
1073 1178 1321 1226 exercitus
1370 1178 1646 1226 contrarios
1698 1177 1782 1226 alii
1831 1177 1900 1227 dii

215 1250 306 1299 alia
346 1266 406 1299 ex
443 1257 582 1316 parte
623 1250 962 1317 defenderent,
1001 1250 1088 1300 sed
1127 1252 1276 1300 etiam
1315 1244 1397 1316 (ut
1434 1266 1548 1300 cum
1587 1250 1776 1300 Titanis
1814 1258 1905 1301 aut

217 1340 330 1374 cum
387 1318 702 1391 Gigantibus)
758 1339 845 1373 sua
898 1325 1098 1389 propria
1145 1322 1273 1374 bella
1323 1330 1601 1388 gesserunt.
1676 1323 1809 1374 Haec
1849 1332 1904 1375 et

216 1398 450 1447 dicuntur
499 1404 548 1447 et
596 1396 870 1447 creduntur
918 1397 1207 1448 stultissime
1246 1404 1296 1446 et
1333 1397 1479 1463 plena
1517 1404 1634 1448 sunt
1671 1400 1902 1449 vanitatis

216 1486 534 1536 summaeque
567 1466 826 1520 levitatiS.“
899 1470 1028 1521 Ecce
1068 1473 1268 1520 interim
1309 1486 1432 1535 quae
1474 1472 1773 1521 confitentur
1813 1474 1898 1537 qui

216 1544 488 1594 defendunt
538 1544 656 1593 deos
703 1546 938 1609 gentium.
1014 1544 1199 1595 Deinde
1250 1560 1363 1594 cum
1400 1545 1522 1594 haec
1562 1545 1620 1594 ad
1661 1548 1903 1611 supersti-

216 1620 402 1668 tionem
455 1620 708 1683 pertinere
760 1618 912 1685 dicat,
965 1619 1024 1667 ad
1078 1619 1369 1683 religionem
1423 1634 1564 1685 ver0,
1621 1635 1745 1684 quae
1791 1621 1898 1684 ipse

217 1692 492 1742 secundum
549 1691 741 1742 Stoicos
780 1691 975 1742 videtur
1014 1692 1217 1742 docere:
1267 1707 1411 1759 „non
1450 1695 1583 1742 enim
1619 1693 1901 1759 philosophi

216 1765 392 1832 solum,
431 1767 608 1832 inquit,
647 1781 820 1815 verum
859 1768 1007 1815 etiam
1045 1767 1257 1814 maiores
1297 1767 1456 1815 nostri
1494 1768 1902 1832 superstitionem

216 1854 242 1888 a
289 1839 527 1904 religione
576 1846 956 1905 separaverunt3
1011 1855 1123 1888 nam
1178 1841 1263 1904 qui
1309 1846 1439 1889 totos
1488 1840 1592 1889 dies
1630 1840 1899 1905 precaban-

216 1919 322 1978 tur,
371 1914 558 1979 inquit,
599 1919 649 1961 et
686 1913 1024 1980 immolabant,
1074 1920 1130 1962 ut
1169 1912 1263 1962 sibi
1304 1915 1381 1962 sui
1418 1912 1563 1963 liberi
1603 1917 1903 1979 superstites

218 1992 407 2051 essent,
464 1988 797 2051 superstitiosi
844 1993 961 2036 sunt
1006 1982 1279 2052 appellati.“
1334 1986 1455 2044 Quis
1503 2003 1603 2036 non
1648 1987 1901 2053 intellegat

217 2074 331 2108 eum
357 2061 539 2125 conari,
581 2059 697 2108 dum
730 2060 1141 2110 consuetudinem
1167 2061 1376 2110 civitatis
1416 2063 1572 2127 timet,
1609 2061 1902 2124 religionem

216 2132 415 2181 laudare
456 2134 699 2183 maiorum
741 2149 945 2198 eamque
994 2150 1020 2183 a
1069 2136 1421 2199 superstitione
1461 2134 1583 2183 velle
1624 2136 1903 2201 seiungere,

217 2205 303 2255 sed
345 2221 443 2270 quo
482 2206 628 2255 modo
667 2206 717 2256 id
755 2210 914 2271 possit
951 2223 1051 2256 non
1090 2205 1349 2257 invenire?
1423 2207 1476 2257 Si
1514 2209 1646 2257 enim
1684 2222 1712 2256 a
1749 2210 1898 2257 maio-

216 2279 355 2328 ribus
391 2279 463 2328 illi
494 2286 612 2329 sunt
642 2280 871 2345 appellati
903 2282 1250 2347 superstitiosi,
1289 2283 1375 2345 qui
1414 2287 1544 2331 totos
1584 2281 1689 2330 dies
1728 2297 1902 2347 preca·

215 2353 396 2403 bantur
442 2360 492 2403 et
536 2353 878 2420 immolabant,
927 2354 1168 2419 numquid
1216 2361 1267 2404 et
1310 2354 1404 2421 illi,
1453 2356 1538 2419 qui
1575 2356 1900 2406 instituerunt

216 2421 374 2494 (quod
419 2429 514 2477 iste
561 2423 904 2495 reprehendit)
953 2428 1161 2478 deorum
1207 2428 1469 2478 simulacra
1509 2427 1701 2478 diversa
1739 2435 1897 2479 aetate

216 2507 264 2550 ot
303 2507 438 2551 veste
487 2500 741 2568 distincta,
789 2501 997 2552 deorum
1044 2516 1226 2567 genera
1274 2503 1498 2567 coniugia
1540 2499 1901 2567 cognationes?

215 2574 348 2625 Haec
379 2577 552 2640 utique
578 2590 691 2625 cum
717 2582 966 2640 tamquam
1000 2577 1342 2641 superstitiosa
1383 2575 1660 2643 culpantur,
1698 2575 1902 2642 inplicat

334 2703 376 2759 1)
409 2701 456 2746 C.
489 2707 559 2748 28.
623 2703 696 2759 14)
728 2702 782 2748 ΙΙ.
814 2707 887 2758 20,
918 2707 974 2747 67
1007 2717 1106 2759 sqq.

332 2839 386 2879 23
419 2826 749 2892 separauerant
781 2834 822 2880 0
