2020 3122
579 166 646 197 DE
671 164 909 199 CIVITATE
933 168 1021 199 DEI
1043 168 1088 202 L.
1114 169 1185 201 111.
1204 169 1240 202 c.
1266 171 1321 204 15.
1704 162 1805 212 117

124 279 319 343 quando
359 285 409 328 et
446 277 648 327 laudans
690 293 802 326 eum
845 281 895 327 in
935 279 1075 328 libris
1115 281 1173 329 de
1215 296 1267 330 re
1306 281 1502 346 publica
1543 282 1806 348 Scipionis·

122 370 218 419 que
259 367 514 403 sermone:
551 351 796 418 „Tantum
836 359 933 419 est,
972 355 1159 420 inquit,
1200 363 1519 423 consecutuS,
1572 363 1648 422 ut,
1696 372 1807 406 cum

123 428 286 478 subito
313 426 414 476 sole
438 425 702 474 obscurato
728 441 827 475 non
853 429 1227 494 comparuisset,
1266 428 1472 478 deorum
1511 432 1562 478 in
1602 446 1807 479 numero

122 501 406 552 conlocatus
461 506 750 566 putaretur,
817 515 963 565 quam
1026 503 1307 565 opinionem
1369 518 1512 551 nemo
1576 519 1808 568 umquam

120 575 340 626 mortalis
381 574 577 637 assequi
600 576 764 638 potuit
788 576 893 623 sine
934 576 1111 623 eximia
1149 577 1346 624 virtutis
1386 574 1584 640 gloria.“
1639 572 1806 644 (Quod

123 657 288 699 autem
328 648 448 697 dicit
487 661 601 696 eum
640 647 804 696 subito
837 663 936 697 non
977 650 1327 715 comparuisse,
1367 651 1589 713 profecto
1629 651 1697 700 ibi
1735 653 1807 700 in·

122 723 371 786 tel-legitur
411 728 495 770 aut
533 720 763 771 violentia
803 724 1111 787 tempestatis
1151 729 1236 771 aut
1275 723 1437 771 caedis
1478 723 1808 788 facinorisque

122 803 392 861 secretum3
442 810 555 844 nam
602 802 651 843 et
698 795 778 844 alii
830 798 1099 861 scriptores
1155 811 1328 845 eorum
1376 797 1642 846 defectioni
1693 798 1810 847 solis

121 871 307 920 addunt
347 871 494 918 etiam
526 867 738 918 subitam
777 877 1138 937 tempestatem,
1179 886 1302 935 quae
1342 871 1567 935 profecto
1608 878 1690 920 aut
1730 887 1808 920 oc-

121 947 370 995 casionem
410 942 586 992 sceleri
624 943 852 1006 praebuit
891 951 975 993 aut
1013 944 1278 993 Romulum
1317 947 1422 1009 ipsa
1463 939 1808 1012 consumpsit.)

121 1019 189 1068 De
223 1017 366 1067 Tullo
407 1018 587 1081 quippe
629 1019 776 1065 etiam
801 1017 1024 1084 Hostilio,
1066 1020 1150 1082 qui
1189 1020 1366 1067 tertius
1406 1034 1432 1066 a
1471 1018 1680 1068 Romulo
1721 1034 1810 1067 rex

121 1094 238 1158 fuit,
289 1093 373 1155 qui
413 1098 462 1139 et
500 1092 606 1155 ipse
647 1091 851 1140 fulmine
892 1091 1182 1156 absumptus
1223 1100 1324 1159 est,
1377 1093 1494 1141 dicit
1533 1094 1583 1141 in
1624 1093 1810 1141 eisdem

120 1165 260 1215 libris
307 1165 439 1213 idem
479 1162 676 1231 Cicero,
724 1172 990 1230 propterea
1038 1172 1088 1214 et
1132 1167 1284 1214 istum
1334 1181 1433 1214 non
1474 1166 1719 1215 creditum
1758 1168 1809 1215 in

121 1241 240 1289 deos
278 1245 536 1302 receptum
575 1237 660 1285 tali
699 1246 874 1305 morte,
915 1241 1028 1303 quia
1068 1239 1278 1288 fortasse
1319 1240 1449 1303 quod
1491 1247 1597 1288 erat
1635 1242 1686 1288 in
1714 1239 1808 1288 Ro-

121 1313 252 1363 mulo
303 1311 592 1377 probatum,
636 1312 687 1360 id
734 1320 809 1362 est
854 1327 1170 1379 persuasum,
1220 1313 1425 1361 Romani
1472 1313 1670 1378 vulgare
1723 1328 1808 1362 no-

121 1388 338 1454 luerunt,
373 1385 424 1434 id
450 1392 525 1434 est
549 1385 642 1433 vile
668 1386 846 1454 facere,
886 1388 928 1435 si
951 1386 1044 1435 hoc
1071 1393 1121 1435 et
1145 1386 1287 1435 alteri
1313 1387 1453 1436 facile
1488 1386 1807 1436 tribueretur.

122 1461 251 1510 Dicit
290 1463 437 1510 etiam
478 1466 645 1524 aperte
686 1461 737 1509 in
775 1462 1054 1510 invectivis:
1101 1460 1272 1526 „Illum
1282 1501 1297 1526 ,
1345 1463 1429 1525 qui
1469 1460 1593 1510 hanc
1634 1460 1811 1510 urbem

122 1534 356 1601 condidit,
395 1533 658 1583 Romulum
684 1534 743 1582 ad
783 1534 902 1583 deos
942 1534 1243 1583 immortales
1282 1534 1623 1583 benevolentia
1662 1535 1808 1583 fama-

123 1624 218 1674 que
260 1603 598 1674 sustulimus“,
635 1615 692 1657 ut
731 1624 830 1657 non
869 1624 983 1657 vere
1026 1609 1224 1675 factum,
1265 1609 1350 1657 sed
1389 1615 1594 1673 propter
1634 1610 1809 1657 merita

122 1685 319 1732 virtutis
360 1683 467 1730 eius
506 1680 742 1731 benevole
782 1684 1015 1731 iactatum
1056 1682 1455 1746 diffamatumque
1497 1689 1808 1731 monstraret.

123 1756 178 1805 ln
202 1755 468 1805 Hortensio
508 1770 625 1803 vero
651 1755 841 1821 dialogo
875 1772 988 1805 cum
1029 1756 1088 1804 de
1130 1756 1246 1805 solis
1287 1757 1536 1804 canonicis
1577 1755 1808 1804 defectio-

123 1829 269 1879 nibus
316 1830 629 1894 loqueretur:
681 1829 778 1896 „Ut
825 1830 1047 1897 easdem,
1098 1832 1284 1896 inquit,
1335 1828 1564 1878 tenebras
1615 1830 1810 1895 efficiat,

123 1919 246 1968 quas
286 1904 450 1952 effecit
488 1905 540 1951 in
579 1905 785 1952 interitu
818 1903 1028 1970 Romuli,
1069 1905 1153 1967 qui
1193 1903 1538 1952 obscuratione
1579 1903 1694 1951 solis
1735 1910 1811 1952 est

123 1973 328 2027 factus.“
406 1975 550 2025 Certe
576 1977 656 2025 hic
682 1979 881 2026 minime
907 1979 1071 2026 timuit
1094 1977 1308 2026 hominis
1332 1978 1589 2026 interitum
1629 1977 1810 2042 dicere,

123 2053 237 2116 quia
278 2051 553 2115 disputator
593 2053 747 2115 magis
787 2066 933 2115 quam
971 2051 1195 2100 laudator
1236 2052 1341 2100 suit.

271 2123 434 2173 Ceteri
487 2131 650 2173 autem
705 2140 848 2189 reges
893 2125 1063 2190 populi
1112 2124 1344 2190 Romani,
1399 2132 1604 2189 excepto
1652 2124 1808 2173 Numa

122 2197 362 2263 Pompilio
410 2205 459 2247 et
505 2197 640 2247 Anco
679 2198 886 2265 Marci0,
936 2200 1021 2263 qui
1069 2198 1241 2247 morbo
1289 2201 1612 2264 interierunt,
1663 2213 1808 2262 quam

121 2271 397 2320 horrendos
453 2273 614 2320 exitus
667 2272 970 2322 habuerunt!
1027 2272 1227 2339 Tullus,
1282 2280 1338 2321 ut
1377 2272 1501 2338 dixi,
1555 2271 1807 2336 Hostilius,

79 2409 88 2413 μ
122 2347 278 2394 victor
317 2352 367 2394 et
406 2360 606 2394 eversor
637 2345 801 2412 Albae,
841 2362 955 2395 cum
994 2354 1096 2396 tota
1136 2346 1280 2394 domo
1321 2362 1409 2395 sua
1449 2346 1651 2394 fulmine
1693 2358 1804 2392 con-

1843 956 1897 996 10

1843 1323 1898 1364 15

1842 1691 1898 1732 20

123 2426 369 2469 crematus
394 2426 483 2468 est.
561 2419 762 2469 Priscus
792 2420 1092 2485 Tarquinius
1122 2435 1212 2485 per
1252 2422 1329 2468 sui
1368 2420 1642 2468 decessoris
1681 2417 1804 2465 filios
1837 2427 1893 2466 30

122 2493 451 2558 interemptus
506 2501 595 2542 est.
696 2493 898 2543 Servius
950 2493 1142 2542 Tullius
1201 2495 1371 2558 generi
1423 2494 1499 2541 sui
1552 2490 1805 2554 Tarquinii

124 2565 351 2633 Superbi,
385 2568 469 2630 qui
501 2568 547 2615 ei
580 2569 821 2618 successit
843 2570 894 2616 in
927 2582 1151 2634 regnum,
1184 2567 1371 2615 nefario
1398 2565 1583 2614 scelere
1610 2565 1802 2611 occisus

241 2724 284 2777 1)
317 2722 366 2766 L.
401 2727 426 2766 2
460 2736 498 2767 c.
533 2729 601 2767 10.
668 2726 739 2780 13)
771 2724 820 2769 L.
856 2729 882 2768 2
916 2738 952 2768 e.
989 2729 1057 2768 17.
1123 2725 1198 2778 17)
1230 2721 1327 2766 Cat.
1362 2727 1402 2776 3,
1438 2726 1475 2765 1.

243 2903 299 2942 20
330 2900 555 2943 beneuole
590 2899 699 2954 0K;
728 2900 947 2944 boniuole
979 2901 1049 2952 A‚·
1079 2897 1405 2943 beneuolentia
1436 2895 1485 2938 F
1486 2909 1508 2938 v
