<?xml version="1.0" encoding="UTF-8"?>
<!DOCTYPE html PUBLIC "-//W3C//DTD XHTML 1.0 Transitional//EN"
    "http://www.w3.org/TR/xhtml1/DTD/xhtml1-transitional.dtd">
<html xmlns="http://www.w3.org/1999/xhtml" xml:lang="en" lang="en">
 <head>
  <title>
</title>
<meta http-equiv="Content-Type" content="text/html;charset=utf-8" />
  <meta name='ocr-system' content='tesseract 3.04.00' />
  <meta name='ocr-capabilities' content='ocr_page ocr_carea ocr_par ocr_line ocrx_word'/>
</head>
<body>
  <div class='ocr_page' id='page_1' title='image "./decivitatedeilib01auguuoft_0471.png"; bbox 0 0 2020 3122; ppageno 0'>
   <div class='ocr_carea' id='block_1_1' title="bbox 581 134 1788 186">
    <p class='ocr_par' dir='ltr' id='par_1_1' title="bbox 581 134 1788 186">
     <span class='ocr_line' id='line_1_1' title="bbox 581 134 1788 186; baseline 0.008 -10"><span class='ocrx_word' id='word_1_1' title='bbox 581 145 647 176; x_wconf 75' lang='lat' dir='ltr'><strong>DE</strong></span> <span class='ocrx_word' id='word_1_2' title='bbox 672 143 908 177; x_wconf 75' lang='lat' dir='ltr'><strong>cmTA&#39;rE</strong></span> <span class='ocrx_word' id='word_1_3' title='bbox 933 145 1023 177; x_wconf 82' lang='lat' dir='ltr'><strong>Dm</strong></span> <span class='ocrx_word' id='word_1_4' title='bbox 1046 146 1087 177; x_wconf 82' lang='lat' dir='ltr'><strong>L.</strong></span> <span class='ocrx_word' id='word_1_5' title='bbox 1112 146 1159 177; x_wconf 83' lang='lat' dir='ltr'><strong>x.</strong></span> <span class='ocrx_word' id='word_1_6' title='bbox 1185 146 1222 178; x_wconf 86' lang='lat' dir='ltr'><strong>c.</strong></span> <span class='ocrx_word' id='word_1_7' title='bbox 1247 148 1300 179; x_wconf 84' lang='lat'><strong>32.</strong></span> <span class='ocrx_word' id='word_1_8' title='bbox 1679 134 1788 186; x_wconf 85' lang='lat'><strong>459</strong></span> 
     </span>
    </p>
   </div>
   <div class='ocr_carea' id='block_1_2' title="bbox 106 254 1880 2672">
    <p class='ocr_par' dir='ltr' id='par_1_2' title="bbox 107 254 1848 836">
     <span class='ocr_line' id='line_1_2' title="bbox 110 254 1790 320; baseline 0 -15"><span class='ocrx_word' id='word_1_9' title='bbox 110 255 204 306; x_wconf 91' lang='lat' dir='ltr'><strong>bus</strong></span> <span class='ocrx_word' id='word_1_10' title='bbox 235 254 416 320; x_wconf 93' lang='lat' dir='ltr'><strong>quibus</strong></span> <span class='ocrx_word' id='word_1_11' title='bbox 456 261 647 304; x_wconf 90' lang='lat' dir='ltr'><strong>constat</strong></span> <span class='ocrx_word' id='word_1_12' title='bbox 677 254 900 319; x_wconf 89' lang='lat' dir='ltr'><strong>partibus</strong></span> <span class='ocrx_word' id='word_1_13' title='bbox 939 264 1211 320; x_wconf 86' lang='lat' dir='ltr'><strong>praeparat.</strong></span> <span class='ocrx_word' id='word_1_14' title='bbox 1288 257 1352 306; x_wconf 91' lang='lat' dir='ltr'><strong>Ut</strong></span> <span class='ocrx_word' id='word_1_15' title='bbox 1391 259 1522 306; x_wconf 90' lang='lat' dir='ltr'><strong>enim</strong></span> <span class='ocrx_word' id='word_1_16' title='bbox 1561 272 1660 306; x_wconf 90' lang='lat' dir='ltr'><strong>non</strong></span> <span class='ocrx_word' id='word_1_17' title='bbox 1700 257 1790 306; x_wconf 88' lang='lat' dir='ltr'><strong>alia</strong></span> 
     </span>
     <span class='ocr_line' id='line_1_3' title="bbox 109 330 1791 396; baseline 0 -18"><span class='ocrx_word' id='word_1_18' title='bbox 109 331 336 396; x_wconf 79' lang='lat' dir='ltr'><strong>purgatio</strong></span> <span class='ocrx_word' id='word_1_19' title='bbox 383 330 428 377; x_wconf 91' lang='lat' dir='ltr'><strong>ei</strong></span> <span class='ocrx_word' id='word_1_20' title='bbox 474 330 603 393; x_wconf 87' lang='lat' dir='ltr'><strong>parti</strong></span> <span class='ocrx_word' id='word_1_21' title='bbox 650 335 996 394; x_wconf 82' lang='lat' dir='ltr'><strong>quaereretur,</strong></span> <span class='ocrx_word' id='word_1_22' title='bbox 1045 345 1190 393; x_wconf 88' lang='lat' dir='ltr'><strong>quam</strong></span> <span class='ocrx_word' id='word_1_23' title='bbox 1230 338 1370 379; x_wconf 90' lang='lat' dir='ltr'><strong>vocat</strong></span> <span class='ocrx_word' id='word_1_24' title='bbox 1408 330 1791 380; x_wconf 80' lang='lat' dir='ltr'><strong>intellectualem</strong></span> 
     </span>
     <span class='ocr_line' id='line_1_4' title="bbox 109 402 1791 469; baseline -0.001 -17"><span class='ocrx_word' id='word_1_25' title='bbox 109 402 435 469; x_wconf 80' lang='lat' dir='ltr'><strong>PorphyriUS,</strong></span> <span class='ocrx_word' id='word_1_26' title='bbox 485 402 575 451; x_wconf 88' lang='lat' dir='ltr'><strong>alia</strong></span> <span class='ocrx_word' id='word_1_27' title='bbox 615 403 685 466; x_wconf 93' lang='lat' dir='ltr'><strong>ei,</strong></span> <span class='ocrx_word' id='word_1_28' title='bbox 742 416 888 466; x_wconf 86' lang='lat' dir='ltr'><strong>quam</strong></span> <span class='ocrx_word' id='word_1_29' title='bbox 936 408 1075 450; x_wconf 89' lang='lat' dir='ltr'><strong>vocat</strong></span> <span class='ocrx_word' id='word_1_30' title='bbox 1123 403 1414 469; x_wconf 87' lang='lat' dir='ltr'><strong>spiritalem,</strong></span> <span class='ocrx_word' id='word_1_31' title='bbox 1469 404 1657 468; x_wconf 90' lang='lat' dir='ltr'><strong>aliaque</strong></span> <span class='ocrx_word' id='word_1_32' title='bbox 1697 405 1791 468; x_wconf 90' lang='lat' dir='ltr'><strong>ipsi</strong></span> 
     </span>
     <span class='ocr_line' id='line_1_5' title="bbox 111 477 1790 541; baseline 0.001 -16"><span class='ocrx_word' id='word_1_33' title='bbox 111 478 329 541; x_wconf 85' lang='lat' dir='ltr'><strong>corpori:</strong></span> <span class='ocrx_word' id='word_1_34' title='bbox 366 482 631 541; x_wconf 89' lang='lat' dir='ltr'><strong>propterea</strong></span> <span class='ocrx_word' id='word_1_35' title='bbox 669 481 828 524; x_wconf 91' lang='lat' dir='ltr'><strong>totum</strong></span> <span class='ocrx_word' id='word_1_36' title='bbox 867 477 1086 540; x_wconf 89' lang='lat' dir='ltr'><strong>suscepit</strong></span> <span class='ocrx_word' id='word_1_37' title='bbox 1124 478 1469 525; x_wconf 86' lang='lat' dir='ltr'><strong>veracissimus</strong></span> <span class='ocrx_word' id='word_1_38' title='bbox 1508 479 1790 541; x_wconf 88' lang='lat' dir='ltr'><strong>potentissi-</strong></span> 
     </span>
     <span class='ocr_line' id='line_1_6' title="bbox 109 548 1848 614; baseline -0.001 -15"><span class='ocrx_word' id='word_1_39' title='bbox 109 564 317 614; x_wconf 91' lang='lat' dir='ltr'><strong>musque</strong></span> <span class='ocrx_word' id='word_1_40' title='bbox 373 550 634 599; x_wconf 87' lang='lat' dir='ltr'><strong>mundator</strong></span> <span class='ocrx_word' id='word_1_41' title='bbox 688 555 834 613; x_wconf 88' lang='lat' dir='ltr'><strong>atque</strong></span> <span class='ocrx_word' id='word_1_42' title='bbox 898 548 1120 598; x_wconf 87' lang='lat' dir='ltr'><strong>salvator.</strong></span> <span class='ocrx_word' id='word_1_43' title='bbox 1211 549 1415 599; x_wconf 84' lang='lat' dir='ltr'><strong>Praeter</strong></span> <span class='ocrx_word' id='word_1_44' title='bbox 1469 550 1595 599; x_wconf 90' lang='lat' dir='ltr'><strong>hanc</strong></span> <span class='ocrx_word' id='word_1_45' title='bbox 1650 552 1789 611; x_wconf 91' lang='lat' dir='ltr'><strong>viam,</strong></span> <span class='ocrx_word' id='word_1_46' title='bbox 1822 560 1848 598; x_wconf 87' lang='lat'>5</span> 
     </span>
     <span class='ocr_line' id='line_1_7' title="bbox 109 622 1790 690; baseline -0.001 -18"><span class='ocrx_word' id='word_1_47' title='bbox 109 639 260 690; x_wconf 90' lang='lat' dir='ltr'><strong>quae,</strong></span> <span class='ocrx_word' id='word_1_48' title='bbox 312 625 492 688; x_wconf 88' lang='lat' dir='ltr'><strong>partim</strong></span> <span class='ocrx_word' id='word_1_49' title='bbox 548 637 661 672; x_wconf 86' lang='lat' dir='ltr'><strong>cum</strong></span> <span class='ocrx_word' id='word_1_50' title='bbox 720 622 841 671; x_wconf 87' lang='lat' dir='ltr'><strong>haec</strong></span> <span class='ocrx_word' id='word_1_51' title='bbox 895 622 1062 671; x_wconf 88' lang='lat' dir='ltr'><strong>futura</strong></span> <span class='ocrx_word' id='word_1_52' title='bbox 1114 624 1552 687; x_wconf 84' lang='lat' dir='ltr'><strong>praenuntiantur,</strong></span> <span class='ocrx_word' id='word_1_53' title='bbox 1608 625 1790 687; x_wconf 89' lang='lat' dir='ltr'><strong>partim</strong></span> 
     </span>
     <span class='ocr_line' id='line_1_8' title="bbox 109 695 1791 760; baseline -0.002 -14"><span class='ocrx_word' id='word_1_54' title='bbox 109 712 222 746; x_wconf 91' lang='lat' dir='ltr'><strong>cum</strong></span> <span class='ocrx_word' id='word_1_55' title='bbox 276 697 402 746; x_wconf 85' lang='lat' dir='ltr'><strong>facta</strong></span> <span class='ocrx_word' id='word_1_56' title='bbox 455 699 768 759; x_wconf 82' lang='lat' dir='ltr'><strong>nuntiantur,</strong></span> <span class='ocrx_word' id='word_1_57' title='bbox 822 711 1090 760; x_wconf 90' lang='lat' dir='ltr'><strong>numquam</strong></span> <span class='ocrx_word' id='word_1_58' title='bbox 1139 697 1311 760; x_wconf 86' lang='lat' dir='ltr'><strong>generi</strong></span> <span class='ocrx_word' id='word_1_59' title='bbox 1357 695 1570 744; x_wconf 90' lang='lat' dir='ltr'><strong>humano</strong></span> <span class='ocrx_word' id='word_1_60' title='bbox 1620 696 1791 760; x_wconf 83' lang='lat' dir='ltr'><strong>defuit,</strong></span> 
     </span>
     <span class='ocr_line' id='line_1_9' title="bbox 107 768 1662 836; baseline -0.001 -17"><span class='ocrx_word' id='word_1_61' title='bbox 107 785 252 819; x_wconf 91' lang='lat' dir='ltr'><strong>nemo</strong></span> <span class='ocrx_word' id='word_1_62' title='bbox 291 770 527 820; x_wconf 88' lang='lat' dir='ltr'><strong>liberatus</strong></span> <span class='ocrx_word' id='word_1_63' title='bbox 567 777 658 836; x_wconf 89' lang='lat' dir='ltr'><strong>est,</strong></span> <span class='ocrx_word' id='word_1_64' title='bbox 696 785 841 820; x_wconf 91' lang='lat' dir='ltr'><strong>nemo</strong></span> <span class='ocrx_word' id='word_1_65' title='bbox 881 769 1133 835; x_wconf 90' lang='lat' dir='ltr'><strong>liberatur,</strong></span> <span class='ocrx_word' id='word_1_66' title='bbox 1174 783 1318 818; x_wconf 90' lang='lat' dir='ltr'><strong>nemo</strong></span> <span class='ocrx_word' id='word_1_67' title='bbox 1358 768 1662 818; x_wconf 88' lang='lat' dir='ltr'><strong>liberabitur.</strong></span> 
     </span>
    </p>

    <p class='ocr_par' dir='ltr' id='par_1_3' title="bbox 106 843 1880 2672">
     <span class='ocr_line' id='line_1_10' title="bbox 257 843 1790 909; baseline -0.001 -17"><span class='ocrx_word' id='word_1_68' title='bbox 257 843 398 901; x_wconf 88' lang='lat' dir='ltr'><strong>Quod</strong></span> <span class='ocrx_word' id='word_1_69' title='bbox 454 851 618 893; x_wconf 89' lang='lat' dir='ltr'><strong>autem</strong></span> <span class='ocrx_word' id='word_1_70' title='bbox 671 844 975 909; x_wconf 84' lang='lat' dir='ltr'><strong>Porphyrius</strong></span> <span class='ocrx_word' id='word_1_71' title='bbox 1036 843 1363 893; x_wconf 90' lang='lat' dir='ltr'><strong>universalem</strong></span> <span class='ocrx_word' id='word_1_72' title='bbox 1417 844 1542 891; x_wconf 87' lang='lat' dir='ltr'><strong>viam</strong></span> <span class='ocrx_word' id='word_1_73' title='bbox 1602 844 1790 890; x_wconf 86' lang='lat' dir='ltr'><strong>animae</strong></span> 
     </span>
     <span class='ocr_line' id='line_1_11' title="bbox 107 916 1880 981; baseline -0.001 -15"><span class='ocrx_word' id='word_1_74' title='bbox 107 917 386 966; x_wconf 87' lang='lat' dir='ltr'><strong>liberandae</strong></span> <span class='ocrx_word' id='word_1_75' title='bbox 434 918 654 966; x_wconf 90' lang='lat' dir='ltr'><strong>nondum</strong></span> <span class='ocrx_word' id='word_1_76' title='bbox 700 919 750 966; x_wconf 91' lang='lat' dir='ltr'><strong>in</strong></span> <span class='ocrx_word' id='word_1_77' title='bbox 790 932 930 966; x_wconf 86' lang='lat' dir='ltr'><strong>suam</strong></span> <span class='ocrx_word' id='word_1_78' title='bbox 969 919 1192 966; x_wconf 84' lang='lat' dir='ltr'><strong>notitiam</strong></span> <span class='ocrx_word' id='word_1_79' title='bbox 1230 916 1471 966; x_wconf 85' lang='lat' dir='ltr'><strong>historiali</strong></span> <span class='ocrx_word' id='word_1_80' title='bbox 1510 917 1788 981; x_wconf 84' lang='lat' dir='ltr'><strong>cognitione</strong></span> <span class='ocrx_word' id='word_1_81' title='bbox 1827 925 1880 965; x_wconf 86' lang='lat'><strong>10</strong></span> 
     </span>
     <span class='ocr_line' id='line_1_12' title="bbox 108 989 1788 1055; baseline -0.001 -16"><span class='ocrx_word' id='word_1_82' title='bbox 108 989 227 1039; x_wconf 85' lang='lat' dir='ltr'><strong>dicit</strong></span> <span class='ocrx_word' id='word_1_83' title='bbox 273 1006 382 1040; x_wconf 89' lang='lat' dir='ltr'><strong>esse</strong></span> <span class='ocrx_word' id='word_1_84' title='bbox 411 991 688 1055; x_wconf 84' lang='lat' dir='ltr'><strong>perlatam:</strong></span> <span class='ocrx_word' id='word_1_85' title='bbox 742 991 859 1055; x_wconf 93' lang='lat' dir='ltr'><strong>quid</strong></span> <span class='ocrx_word' id='word_1_86' title='bbox 905 991 995 1040; x_wconf 88' lang='lat' dir='ltr'><strong>hac</strong></span> <span class='ocrx_word' id='word_1_87' title='bbox 1042 991 1247 1040; x_wconf 90' lang='lat' dir='ltr'><strong>historia</strong></span> <span class='ocrx_word' id='word_1_88' title='bbox 1294 991 1371 1039; x_wconf 86' lang='lat' dir='ltr'><strong>vel</strong></span> <span class='ocrx_word' id='word_1_89' title='bbox 1416 991 1677 1040; x_wconf 86' lang='lat' dir='ltr'><strong>inlustrius</strong></span> <span class='ocrx_word' id='word_1_90' title='bbox 1716 991 1788 1038; x_wconf 91' lang='lat' dir='ltr'><strong>in-</strong></span> 
     </span>
     <span class='ocr_line' id='line_1_13' title="bbox 107 1064 1788 1131; baseline 0 -19"><span class='ocrx_word' id='word_1_91' title='bbox 107 1065 264 1113; x_wconf 87' lang='lat' dir='ltr'><strong>veniri</strong></span> <span class='ocrx_word' id='word_1_92' title='bbox 302 1070 481 1131; x_wconf 89' lang='lat' dir='ltr'><strong>potest,</strong></span> <span class='ocrx_word' id='word_1_93' title='bbox 522 1079 645 1128; x_wconf 93' lang='lat' dir='ltr'><strong>quae</strong></span> <span class='ocrx_word' id='word_1_94' title='bbox 685 1066 973 1113; x_wconf 89' lang='lat' dir='ltr'><strong>universum</strong></span> <span class='ocrx_word' id='word_1_95' title='bbox 1013 1064 1182 1113; x_wconf 85' lang='lat' dir='ltr'><strong>orbem</strong></span> <span class='ocrx_word' id='word_1_96' title='bbox 1222 1071 1358 1113; x_wconf 87' lang='lat' dir='ltr'><strong>tanto</strong></span> <span class='ocrx_word' id='word_1_97' title='bbox 1399 1066 1535 1129; x_wconf 88' lang='lat' dir='ltr'><strong>apice</strong></span> <span class='ocrx_word' id='word_1_98' title='bbox 1576 1066 1788 1113; x_wconf 90' lang='lat' dir='ltr'><strong>auctori-</strong></span> 
     </span>
     <span class='ocr_line' id='line_1_14' title="bbox 106 1137 1788 1204; baseline -0.001 -18"><span class='ocrx_word' id='word_1_99' title='bbox 106 1139 221 1186; x_wconf 88' lang='lat' dir='ltr'><strong>tatis</strong></span> <span class='ocrx_word' id='word_1_100' title='bbox 252 1137 481 1203; x_wconf 88' lang='lat' dir='ltr'><strong>obtinuit,</strong></span> <span class='ocrx_word' id='word_1_101' title='bbox 520 1138 596 1186; x_wconf 89' lang='lat' dir='ltr'><strong>vel</strong></span> <span class='ocrx_word' id='word_1_102' title='bbox 627 1137 834 1204; x_wconf 82' lang='lat' dir='ltr'><strong>fideliuS,</strong></span> <span class='ocrx_word' id='word_1_103' title='bbox 873 1140 923 1187; x_wconf 92' lang='lat' dir='ltr'><strong>in</strong></span> <span class='ocrx_word' id='word_1_104' title='bbox 965 1153 1059 1202; x_wconf 89' lang='lat' dir='ltr'><strong>qua</strong></span> <span class='ocrx_word' id='word_1_105' title='bbox 1099 1140 1164 1187; x_wconf 85' lang='lat' dir='ltr'><strong>ita</strong></span> <span class='ocrx_word' id='word_1_106' title='bbox 1205 1144 1470 1187; x_wconf 90' lang='lat' dir='ltr'><strong>narrantur</strong></span> <span class='ocrx_word' id='word_1_107' title='bbox 1507 1139 1788 1203; x_wconf 88' lang='lat' dir='ltr'><strong>praeterita,</strong></span> 
     </span>
     <span class='ocr_line' id='line_1_15' title="bbox 107 1211 1786 1277; baseline -0.001 -17"><span class='ocrx_word' id='word_1_108' title='bbox 107 1217 163 1260; x_wconf 92' lang='lat' dir='ltr'><strong>ut</strong></span> <span class='ocrx_word' id='word_1_109' title='bbox 201 1211 368 1260; x_wconf 88' lang='lat' dir='ltr'><strong>futura</strong></span> <span class='ocrx_word' id='word_1_110' title='bbox 408 1213 555 1260; x_wconf 89' lang='lat' dir='ltr'><strong>etiam</strong></span> <span class='ocrx_word' id='word_1_111' title='bbox 592 1211 954 1277; x_wconf 87' lang='lat' dir='ltr'><strong>praedicantur,</strong></span> <span class='ocrx_word' id='word_1_112' title='bbox 995 1227 1207 1275; x_wconf 91' lang='lat' dir='ltr'><strong>quorum</strong></span> <span class='ocrx_word' id='word_1_113' title='bbox 1246 1211 1398 1260; x_wconf 87' lang='lat' dir='ltr'><strong>multa</strong></span> <span class='ocrx_word' id='word_1_114' title='bbox 1438 1211 1659 1260; x_wconf 90' lang='lat' dir='ltr'><strong>videmus</strong></span> <span class='ocrx_word' id='word_1_115' title='bbox 1698 1213 1786 1259; x_wconf 91' lang='lat' dir='ltr'><strong>im-</strong></span> 
     </span>
     <span class='ocr_line' id='line_1_16' title="bbox 107 1283 1876 1350; baseline 0 -18"><span class='ocrx_word' id='word_1_116' title='bbox 107 1283 264 1350; x_wconf 89' lang='lat' dir='ltr'><strong>pleta,</strong></span> <span class='ocrx_word' id='word_1_117' title='bbox 321 1300 380 1333; x_wconf 84' lang='lat' dir='ltr'><strong>ex</strong></span> <span class='ocrx_word' id='word_1_118' title='bbox 435 1285 614 1349; x_wconf 90' lang='lat' dir='ltr'><strong>quibus</strong></span> <span class='ocrx_word' id='word_1_119' title='bbox 669 1301 726 1333; x_wconf 88' lang='lat' dir='ltr'><strong>ea</strong></span> <span class='ocrx_word' id='word_1_120' title='bbox 781 1300 904 1349; x_wconf 85' lang='lat' dir='ltr'><strong>quae</strong></span> <span class='ocrx_word' id='word_1_121' title='bbox 952 1292 1142 1334; x_wconf 89' lang='lat' dir='ltr'><strong>restant</strong></span> <span class='ocrx_word' id='word_1_122' title='bbox 1192 1287 1298 1333; x_wconf 90' lang='lat' dir='ltr'><strong>sine</strong></span> <span class='ocrx_word' id='word_1_123' title='bbox 1339 1284 1487 1333; x_wconf 91' lang='lat' dir='ltr'><strong>dubio</strong></span> <span class='ocrx_word' id='word_1_124' title='bbox 1529 1299 1786 1348; x_wconf 84' lang='lat' dir='ltr'><strong>speremus</strong></span> <span class='ocrx_word' id='word_1_125' title='bbox 1823 1293 1876 1332; x_wconf 89' lang='lat'><strong>15</strong></span> 
     </span>
     <span class='ocr_line' id='line_1_17' title="bbox 107 1355 1788 1423; baseline 0 -17"><span class='ocrx_word' id='word_1_126' title='bbox 107 1355 390 1422; x_wconf 77' lang='lat' dir='ltr'><strong>implenda?</strong></span> <span class='ocrx_word' id='word_1_127' title='bbox 469 1358 578 1407; x_wconf 89' lang='lat' dir='ltr'><strong>Non</strong></span> <span class='ocrx_word' id='word_1_128' title='bbox 626 1360 756 1407; x_wconf 91' lang='lat' dir='ltr'><strong>enim</strong></span> <span class='ocrx_word' id='word_1_129' title='bbox 803 1365 968 1423; x_wconf 92' lang='lat' dir='ltr'><strong>potest</strong></span> <span class='ocrx_word' id='word_1_130' title='bbox 1014 1358 1319 1423; x_wconf 85' lang='lat' dir='ltr'><strong>Porphyrius</strong></span> <span class='ocrx_word' id='word_1_131' title='bbox 1365 1358 1441 1406; x_wconf 90' lang='lat' dir='ltr'><strong>vel</strong></span> <span class='ocrx_word' id='word_1_132' title='bbox 1489 1360 1788 1422; x_wconf 89' lang='lat' dir='ltr'><strong>quicumque</strong></span> 
     </span>
     <span class='ocr_line' id='line_1_18' title="bbox 106 1430 1792 1496; baseline -0.001 -17"><span class='ocrx_word' id='word_1_133' title='bbox 106 1430 347 1480; x_wconf 88' lang='lat' dir='ltr'><strong>Platonici</strong></span> <span class='ocrx_word' id='word_1_134' title='bbox 386 1433 532 1480; x_wconf 91' lang='lat' dir='ltr'><strong>etiam</strong></span> <span class='ocrx_word' id='word_1_135' title='bbox 570 1433 622 1480; x_wconf 92' lang='lat' dir='ltr'><strong>in</strong></span> <span class='ocrx_word' id='word_1_136' title='bbox 661 1431 751 1480; x_wconf 89' lang='lat' dir='ltr'><strong>hac</strong></span> <span class='ocrx_word' id='word_1_137' title='bbox 790 1434 865 1480; x_wconf 90' lang='lat' dir='ltr'><strong>via</strong></span> <span class='ocrx_word' id='word_1_138' title='bbox 905 1434 1046 1496; x_wconf 89' lang='lat' dir='ltr'><strong>quasi</strong></span> <span class='ocrx_word' id='word_1_139' title='bbox 1083 1438 1395 1481; x_wconf 88' lang='lat' dir='ltr'><strong>terrenarum</strong></span> <span class='ocrx_word' id='word_1_140' title='bbox 1435 1446 1603 1480; x_wconf 88' lang='lat' dir='ltr'><strong>rerum</strong></span> <span class='ocrx_word' id='word_1_141' title='bbox 1643 1437 1694 1480; x_wconf 90' lang='lat' dir='ltr'><strong>et</strong></span> <span class='ocrx_word' id='word_1_142' title='bbox 1732 1430 1792 1478; x_wconf 88' lang='lat' dir='ltr'><strong>ad</strong></span> 
     </span>
     <span class='ocr_line' id='line_1_19' title="bbox 106 1504 1791 1570; baseline 0 -18"><span class='ocrx_word' id='word_1_143' title='bbox 106 1506 257 1553; x_wconf 86' lang='lat' dir='ltr'><strong>vitam</strong></span> <span class='ocrx_word' id='word_1_144' title='bbox 301 1506 446 1554; x_wconf 90' lang='lat' dir='ltr'><strong>istam</strong></span> <span class='ocrx_word' id='word_1_145' title='bbox 492 1505 749 1554; x_wconf 89' lang='lat' dir='ltr'><strong>mortalem</strong></span> <span class='ocrx_word' id='word_1_146' title='bbox 794 1507 1152 1570; x_wconf 90' lang='lat' dir='ltr'><strong>pertinentium</strong></span> <span class='ocrx_word' id='word_1_147' title='bbox 1200 1505 1549 1554; x_wconf 90' lang='lat' dir='ltr'><strong>divinationem</strong></span> <span class='ocrx_word' id='word_1_148' title='bbox 1599 1504 1791 1569; x_wconf 90' lang='lat' dir='ltr'><strong>praedi-</strong></span> 
     </span>
     <span class='ocr_line' id='line_1_20' title="bbox 108 1578 1790 1645; baseline 0 -19"><span class='ocrx_word' id='word_1_149' title='bbox 108 1579 420 1642; x_wconf 90' lang='lat' dir='ltr'><strong>ctionemque</strong></span> <span class='ocrx_word' id='word_1_150' title='bbox 470 1585 814 1645; x_wconf 87' lang='lat' dir='ltr'><strong>contemnere,</strong></span> <span class='ocrx_word' id='word_1_151' title='bbox 862 1579 991 1643; x_wconf 91' lang='lat' dir='ltr'><strong>quod</strong></span> <span class='ocrx_word' id='word_1_152' title='bbox 1033 1581 1208 1627; x_wconf 91' lang='lat' dir='ltr'><strong>merito</strong></span> <span class='ocrx_word' id='word_1_153' title='bbox 1249 1581 1301 1627; x_wconf 93' lang='lat' dir='ltr'><strong>in</strong></span> <span class='ocrx_word' id='word_1_154' title='bbox 1341 1578 1446 1627; x_wconf 88' lang='lat' dir='ltr'><strong>aliis</strong></span> <span class='ocrx_word' id='word_1_155' title='bbox 1485 1579 1790 1627; x_wconf 87' lang='lat' dir='ltr'><strong>vaticinanti-</strong></span> 
     </span>
     <span class='ocr_line' id='line_1_21' title="bbox 106 1649 1879 1716; baseline 0 -17"><span class='ocrx_word' id='word_1_156' title='bbox 106 1649 200 1700; x_wconf 91' lang='lat' dir='ltr'><strong>bus</strong></span> <span class='ocrx_word' id='word_1_157' title='bbox 252 1658 301 1700; x_wconf 91' lang='lat' dir='ltr'><strong>et</strong></span> <span class='ocrx_word' id='word_1_158' title='bbox 355 1652 687 1716; x_wconf 90' lang='lat' dir='ltr'><strong>quorumlibet</strong></span> <span class='ocrx_word' id='word_1_159' title='bbox 740 1652 999 1701; x_wconf 91' lang='lat' dir='ltr'><strong>modorum</strong></span> <span class='ocrx_word' id='word_1_160' title='bbox 1054 1652 1130 1700; x_wconf 90' lang='lat' dir='ltr'><strong>vel</strong></span> <span class='ocrx_word' id='word_1_161' title='bbox 1178 1654 1358 1701; x_wconf 90' lang='lat' dir='ltr'><strong>artium</strong></span> <span class='ocrx_word' id='word_1_162' title='bbox 1409 1651 1789 1700; x_wconf 87' lang='lat' dir='ltr'><strong>divinationibus</strong></span> <span class='ocrx_word' id='word_1_163' title='bbox 1823 1660 1879 1700; x_wconf 85' lang='lat'><strong>20</strong></span> 
     </span>
     <span class='ocr_line' id='line_1_22' title="bbox 108 1723 1792 1790; baseline -0.001 -17"><span class='ocrx_word' id='word_1_164' title='bbox 108 1724 307 1774; x_wconf 82' lang='lat' dir='ltr'><strong>faciunt.</strong></span> <span class='ocrx_word' id='word_1_165' title='bbox 382 1725 572 1790; x_wconf 83' lang='lat' dir='ltr'><strong>Negant</strong></span> <span class='ocrx_word' id='word_1_166' title='bbox 619 1728 750 1775; x_wconf 91' lang='lat' dir='ltr'><strong>enim</strong></span> <span class='ocrx_word' id='word_1_167' title='bbox 795 1726 917 1774; x_wconf 90' lang='lat' dir='ltr'><strong>haec</strong></span> <span class='ocrx_word' id='word_1_168' title='bbox 964 1726 1039 1774; x_wconf 92' lang='lat' dir='ltr'><strong>vel</strong></span> <span class='ocrx_word' id='word_1_169' title='bbox 1088 1741 1375 1789; x_wconf 89' lang='lat' dir='ltr'><strong>magnorum</strong></span> <span class='ocrx_word' id='word_1_170' title='bbox 1422 1725 1676 1773; x_wconf 91' lang='lat' dir='ltr'><strong>hominum</strong></span> <span class='ocrx_word' id='word_1_171' title='bbox 1717 1723 1792 1772; x_wconf 91' lang='lat' dir='ltr'><strong>vel</strong></span> 
     </span>
     <span class='ocr_line' id='line_1_23' title="bbox 107 1798 1793 1864; baseline 0 -18"><span class='ocrx_word' id='word_1_172' title='bbox 107 1801 271 1862; x_wconf 90' lang='lat' dir='ltr'><strong>magni</strong></span> <span class='ocrx_word' id='word_1_173' title='bbox 302 1814 410 1848; x_wconf 90' lang='lat' dir='ltr'><strong>esse</strong></span> <span class='ocrx_word' id='word_1_174' title='bbox 443 1800 715 1864; x_wconf 84' lang='lat' dir='ltr'><strong>pendenda,</strong></span> <span class='ocrx_word' id='word_1_175' title='bbox 755 1806 804 1848; x_wconf 90' lang='lat' dir='ltr'><strong>et</strong></span> <span class='ocrx_word' id='word_1_176' title='bbox 835 1807 985 1848; x_wconf 87' lang='lat' dir='ltr'><strong>recte.</strong></span> <span class='ocrx_word' id='word_1_177' title='bbox 1061 1798 1183 1847; x_wconf 89' lang='lat' dir='ltr'><strong>Nam</strong></span> <span class='ocrx_word' id='word_1_178' title='bbox 1223 1799 1298 1846; x_wconf 91' lang='lat' dir='ltr'><strong>vel</strong></span> <span class='ocrx_word' id='word_1_179' title='bbox 1336 1798 1627 1846; x_wconf 84' lang='lat' dir='ltr'><strong>inferiorum</strong></span> <span class='ocrx_word' id='word_1_180' title='bbox 1668 1798 1793 1846; x_wconf 84' lang='lat' dir='ltr'><strong>fiunt</strong></span> 
     </span>
     <span class='ocr_line' id='line_1_24' title="bbox 106 1870 1792 1937; baseline 0 -18"><span class='ocrx_word' id='word_1_181' title='bbox 106 1874 457 1935; x_wconf 90' lang='lat' dir='ltr'><strong>praesensione</strong></span> <span class='ocrx_word' id='word_1_182' title='bbox 505 1888 791 1937; x_wconf 86' lang='lat' dir='ltr'><strong>causarum,</strong></span> <span class='ocrx_word' id='word_1_183' title='bbox 848 1874 977 1921; x_wconf 87' lang='lat' dir='ltr'><strong>sicut</strong></span> <span class='ocrx_word' id='word_1_184' title='bbox 1024 1879 1127 1921; x_wconf 88' lang='lat' dir='ltr'><strong>arte</strong></span> <span class='ocrx_word' id='word_1_185' title='bbox 1177 1871 1448 1920; x_wconf 90' lang='lat' dir='ltr'><strong>medicinae</strong></span> <span class='ocrx_word' id='word_1_186' title='bbox 1497 1870 1792 1935; x_wconf 89' lang='lat' dir='ltr'><strong>quibusdam</strong></span> 
     </span>
     <span class='ocr_line' id='line_1_25' title="bbox 107 1944 1787 2010; baseline 0 -17"><span class='ocrx_word' id='word_1_187' title='bbox 107 1945 513 1995; x_wconf 89' lang='lat' dir='ltr'><strong>antecedentibus</strong></span> <span class='ocrx_word' id='word_1_188' title='bbox 538 1947 690 2010; x_wconf 89' lang='lat' dir='ltr'><strong>signis</strong></span> <span class='ocrx_word' id='word_1_189' title='bbox 715 1946 925 2010; x_wconf 92' lang='lat' dir='ltr'><strong>plurima</strong></span> <span class='ocrx_word' id='word_1_190' title='bbox 950 1952 1186 1994; x_wconf 89' lang='lat' dir='ltr'><strong>eventura</strong></span> <span class='ocrx_word' id='word_1_191' title='bbox 1210 1944 1476 1994; x_wconf 90' lang='lat' dir='ltr'><strong>valetudini</strong></span> <span class='ocrx_word' id='word_1_192' title='bbox 1499 1944 1787 2009; x_wconf 86' lang='lat' dir='ltr'><strong>praeviden-</strong></span> 
     </span>
     <span class='ocr_line' id='line_1_26' title="bbox 107 2018 1876 2083; baseline -0.001 -16"><span class='ocrx_word' id='word_1_193' title='bbox 107 2023 210 2083; x_wconf 83' lang='lat' dir='ltr'><strong>tur3</strong></span> <span class='ocrx_word' id='word_1_194' title='bbox 259 2018 334 2067; x_wconf 94' lang='lat' dir='ltr'><strong>vel</strong></span> <span class='ocrx_word' id='word_1_195' title='bbox 379 2019 604 2068; x_wconf 91' lang='lat' dir='ltr'><strong>inmundi</strong></span> <span class='ocrx_word' id='word_1_196' title='bbox 650 2019 913 2068; x_wconf 92' lang='lat' dir='ltr'><strong>daemones</strong></span> <span class='ocrx_word' id='word_1_197' title='bbox 960 2035 1048 2068; x_wconf 88' lang='lat' dir='ltr'><strong>sua</strong></span> <span class='ocrx_word' id='word_1_198' title='bbox 1094 2019 1330 2083; x_wconf 90' lang='lat' dir='ltr'><strong>disposita</strong></span> <span class='ocrx_word' id='word_1_199' title='bbox 1378 2019 1505 2067; x_wconf 84' lang='lat' dir='ltr'><strong>facta</strong></span> <span class='ocrx_word' id='word_1_200' title='bbox 1542 2033 1786 2083; x_wconf 88' lang='lat' dir='ltr'><strong>praenun-</strong></span> <span class='ocrx_word' id='word_1_201' title='bbox 1821 2026 1876 2066; x_wconf 85' lang='lat'><strong>25</strong></span> 
     </span>
     <span class='ocr_line' id='line_1_27' title="bbox 107 2091 1788 2157; baseline 0.001 -18"><span class='ocrx_word' id='word_1_202' title='bbox 107 2092 246 2157; x_wconf 89' lang='lat' dir='ltr'><strong>tiant,</strong></span> <span class='ocrx_word' id='word_1_203' title='bbox 285 2107 497 2156; x_wconf 88' lang='lat' dir='ltr'><strong>quorum</strong></span> <span class='ocrx_word' id='word_1_204' title='bbox 536 2094 614 2141; x_wconf 89' lang='lat' dir='ltr'><strong>ius</strong></span> <span class='ocrx_word' id='word_1_205' title='bbox 654 2098 705 2141; x_wconf 92' lang='lat' dir='ltr'><strong>et</strong></span> <span class='ocrx_word' id='word_1_206' title='bbox 741 2095 792 2141; x_wconf 93' lang='lat' dir='ltr'><strong>in</strong></span> <span class='ocrx_word' id='word_1_207' title='bbox 833 2092 1080 2141; x_wconf 90' lang='lat' dir='ltr'><strong>mentibus</strong></span> <span class='ocrx_word' id='word_1_208' title='bbox 1120 2099 1266 2156; x_wconf 88' lang='lat' dir='ltr'><strong>atque</strong></span> <span class='ocrx_word' id='word_1_209' title='bbox 1307 2091 1659 2156; x_wconf 85' lang='lat' dir='ltr'><strong>cupiditatibus</strong></span> <span class='ocrx_word' id='word_1_210' title='bbox 1699 2093 1788 2140; x_wconf 90' lang='lat' dir='ltr'><strong>ini-</strong></span> 
     </span>
     <span class='ocr_line' id='line_1_28' title="bbox 109 2165 1791 2230; baseline 0.001 -18"><span class='ocrx_word' id='word_1_211' title='bbox 109 2179 320 2228; x_wconf 91' lang='lat' dir='ltr'><strong>quorum</strong></span> <span class='ocrx_word' id='word_1_212' title='bbox 367 2166 426 2214; x_wconf 85' lang='lat' dir='ltr'><strong>ad</strong></span> <span class='ocrx_word' id='word_1_213' title='bbox 475 2181 698 2230; x_wconf 86' lang='lat' dir='ltr'><strong>quaeque</strong></span> <span class='ocrx_word' id='word_1_214' title='bbox 748 2168 1071 2230; x_wconf 90' lang='lat' dir='ltr'><strong>congruentia</strong></span> <span class='ocrx_word' id='word_1_215' title='bbox 1117 2166 1244 2215; x_wconf 87' lang='lat' dir='ltr'><strong>facta</strong></span> <span class='ocrx_word' id='word_1_216' title='bbox 1291 2165 1529 2214; x_wconf 89' lang='lat' dir='ltr'><strong>ducendis</strong></span> <span class='ocrx_word' id='word_1_217' title='bbox 1579 2165 1791 2229; x_wconf 88' lang='lat' dir='ltr'><strong>quodam</strong></span> 
     </span>
     <span class='ocr_line' id='line_1_29' title="bbox 107 2238 1789 2306; baseline 0 -20"><span class='ocrx_word' id='word_1_218' title='bbox 107 2238 251 2287; x_wconf 91' lang='lat' dir='ltr'><strong>modo</strong></span> <span class='ocrx_word' id='word_1_219' title='bbox 277 2238 370 2287; x_wconf 90' lang='lat' dir='ltr'><strong>sibi</strong></span> <span class='ocrx_word' id='word_1_220' title='bbox 393 2239 657 2306; x_wconf 89' lang='lat' dir='ltr'><strong>vindicant,</strong></span> <span class='ocrx_word' id='word_1_221' title='bbox 696 2247 745 2288; x_wconf 92' lang='lat' dir='ltr'><strong>et</strong></span> <span class='ocrx_word' id='word_1_222' title='bbox 783 2242 835 2288; x_wconf 91' lang='lat' dir='ltr'><strong>in</strong></span> <span class='ocrx_word' id='word_1_223' title='bbox 868 2241 1069 2288; x_wconf 89' lang='lat' dir='ltr'><strong>materia</strong></span> <span class='ocrx_word' id='word_1_224' title='bbox 1100 2239 1265 2288; x_wconf 89' lang='lat' dir='ltr'><strong>infima</strong></span> <span class='ocrx_word' id='word_1_225' title='bbox 1304 2239 1581 2304; x_wconf 86' lang='lat' dir='ltr'><strong>fragilitatis</strong></span> <span class='ocrx_word' id='word_1_226' title='bbox 1620 2238 1789 2287; x_wconf 89' lang='lat' dir='ltr'><strong>huma-</strong></span> 
     </span>
     <span class='ocr_line' id='line_1_30' title="bbox 109 2311 1788 2362; baseline 0 -3"><span class='ocrx_word' id='word_1_227' title='bbox 109 2325 213 2359; x_wconf 91' lang='lat' dir='ltr'><strong>nae.</strong></span> <span class='ocrx_word' id='word_1_228' title='bbox 289 2311 398 2361; x_wconf 91' lang='lat' dir='ltr'><strong>Non</strong></span> <span class='ocrx_word' id='word_1_229' title='bbox 430 2313 541 2362; x_wconf 87' lang='lat' dir='ltr'><strong>talia</strong></span> <span class='ocrx_word' id='word_1_230' title='bbox 575 2315 731 2362; x_wconf 90' lang='lat' dir='ltr'><strong>sancti</strong></span> <span class='ocrx_word' id='word_1_231' title='bbox 763 2313 985 2362; x_wconf 90' lang='lat' dir='ltr'><strong>homines</strong></span> <span class='ocrx_word' id='word_1_232' title='bbox 1018 2315 1069 2361; x_wconf 92' lang='lat' dir='ltr'><strong>in</strong></span> <span class='ocrx_word' id='word_1_233' title='bbox 1100 2314 1194 2362; x_wconf 89' lang='lat' dir='ltr'><strong>ista</strong></span> <span class='ocrx_word' id='word_1_234' title='bbox 1225 2312 1491 2361; x_wconf 90' lang='lat' dir='ltr'><strong>universali</strong></span> <span class='ocrx_word' id='word_1_235' title='bbox 1515 2314 1788 2360; x_wconf 88' lang='lat' dir='ltr'><strong>animarum</strong></span> 
     </span>
     <span class='ocr_line' id='line_1_31' title="bbox 107 2382 1878 2451; baseline -0.001 -19"><span class='ocrx_word' id='word_1_236' title='bbox 107 2382 472 2434; x_wconf 88' lang='lat' dir='ltr'><strong>liberandarum</strong></span> <span class='ocrx_word' id='word_1_237' title='bbox 522 2388 598 2434; x_wconf 85' lang='lat' dir='ltr'><strong>via</strong></span> <span class='ocrx_word' id='word_1_238' title='bbox 643 2386 922 2451; x_wconf 89' lang='lat' dir='ltr'><strong>gradientes</strong></span> <span class='ocrx_word' id='word_1_239' title='bbox 968 2394 1216 2450; x_wconf 88' lang='lat' dir='ltr'><strong>tamquam</strong></span> <span class='ocrx_word' id='word_1_240' title='bbox 1267 2401 1441 2450; x_wconf 90' lang='lat' dir='ltr'><strong>magna</strong></span> <span class='ocrx_word' id='word_1_241' title='bbox 1490 2384 1787 2450; x_wconf 87' lang='lat' dir='ltr'><strong>prophetare</strong></span> <span class='ocrx_word' id='word_1_242' title='bbox 1821 2391 1878 2431; x_wconf 88' lang='lat'><strong>30</strong></span> 
     </span>
     <span class='ocr_line' id='line_1_32' title="bbox 108 2458 1787 2525; baseline 0 -20"><span class='ocrx_word' id='word_1_243' title='bbox 108 2465 361 2525; x_wconf 89' lang='lat' dir='ltr'><strong>curarunt,</strong></span> <span class='ocrx_word' id='word_1_244' title='bbox 400 2462 621 2523; x_wconf 89' lang='lat' dir='ltr'><strong>quamvis</strong></span> <span class='ocrx_word' id='word_1_245' title='bbox 654 2466 703 2508; x_wconf 92' lang='lat' dir='ltr'><strong>et</strong></span> <span class='ocrx_word' id='word_1_246' title='bbox 734 2461 827 2509; x_wconf 87' lang='lat' dir='ltr'><strong>ista</strong></span> <span class='ocrx_word' id='word_1_247' title='bbox 859 2475 944 2508; x_wconf 92' lang='lat' dir='ltr'><strong>eos</strong></span> <span class='ocrx_word' id='word_1_248' title='bbox 978 2475 1077 2508; x_wconf 91' lang='lat' dir='ltr'><strong>non</strong></span> <span class='ocrx_word' id='word_1_249' title='bbox 1109 2460 1327 2524; x_wconf 88' lang='lat' dir='ltr'><strong>fugerint</strong></span> <span class='ocrx_word' id='word_1_250' title='bbox 1358 2465 1408 2508; x_wconf 93' lang='lat' dir='ltr'><strong>et</strong></span> <span class='ocrx_word' id='word_1_251' title='bbox 1439 2458 1498 2507; x_wconf 89' lang='lat' dir='ltr'><strong>ab</strong></span> <span class='ocrx_word' id='word_1_252' title='bbox 1532 2460 1603 2507; x_wconf 90' lang='lat' dir='ltr'><strong>eis</strong></span> <span class='ocrx_word' id='word_1_253' title='bbox 1643 2471 1787 2520; x_wconf 87' lang='lat' dir='ltr'><strong>saepe</strong></span> 
     </span>
     <span class='ocr_line' id='line_1_33' title="bbox 108 2529 1788 2598; baseline -0.001 -19"><span class='ocrx_word' id='word_1_254' title='bbox 108 2531 358 2594; x_wconf 90' lang='lat' dir='ltr'><strong>praedicta</strong></span> <span class='ocrx_word' id='word_1_255' title='bbox 389 2534 488 2582; x_wconf 91' lang='lat' dir='ltr'><strong>sint</strong></span> <span class='ocrx_word' id='word_1_256' title='bbox 520 2534 580 2582; x_wconf 90' lang='lat' dir='ltr'><strong>ad</strong></span> <span class='ocrx_word' id='word_1_257' title='bbox 619 2549 793 2582; x_wconf 89' lang='lat' dir='ltr'><strong>eorum</strong></span> <span class='ocrx_word' id='word_1_258' title='bbox 831 2533 977 2582; x_wconf 87' lang='lat' dir='ltr'><strong>fidem</strong></span> <span class='ocrx_word' id='word_1_259' title='bbox 1016 2533 1302 2598; x_wconf 90' lang='lat' dir='ltr'><strong>faciendam,</strong></span> <span class='ocrx_word' id='word_1_260' title='bbox 1345 2547 1467 2596; x_wconf 86' lang='lat' dir='ltr'><strong>quae</strong></span> <span class='ocrx_word' id='word_1_261' title='bbox 1508 2529 1788 2579; x_wconf 89' lang='lat' dir='ltr'><strong>mortalium</strong></span> 
     </span>
     <span class='ocr_line' id='line_1_34' title="bbox 108 2604 1786 2672; baseline 0 -21"><span class='ocrx_word' id='word_1_262' title='bbox 108 2604 334 2654; x_wconf 87' lang='lat' dir='ltr'><strong>sensibus</strong></span> <span class='ocrx_word' id='word_1_263' title='bbox 374 2621 472 2655; x_wconf 90' lang='lat' dir='ltr'><strong>non</strong></span> <span class='ocrx_word' id='word_1_264' title='bbox 518 2613 745 2672; x_wconf 89' lang='lat' dir='ltr'><strong>poterant</strong></span> <span class='ocrx_word' id='word_1_265' title='bbox 783 2608 1000 2656; x_wconf 90' lang='lat' dir='ltr'><strong>intimari</strong></span> <span class='ocrx_word' id='word_1_266' title='bbox 1046 2621 1137 2655; x_wconf 89' lang='lat' dir='ltr'><strong>nec</strong></span> <span class='ocrx_word' id='word_1_267' title='bbox 1177 2607 1236 2655; x_wconf 89' lang='lat' dir='ltr'><strong>ad</strong></span> <span class='ocrx_word' id='word_1_268' title='bbox 1276 2607 1669 2670; x_wconf 86' lang='lat' dir='ltr'><strong>experimentum</strong></span> <span class='ocrx_word' id='word_1_269' title='bbox 1710 2617 1786 2651; x_wconf 91' lang='lat' dir='ltr'><strong>ce-</strong></span> 
     </span>
    </p>
   </div>
   <div class='ocr_carea' id='block_1_3' title="bbox 105 2801 1786 2919">
    <p class='ocr_par' dir='ltr' id='par_1_4' title="bbox 105 2801 1786 2919">
     <span class='ocr_line' id='line_1_35' title="bbox 228 2801 1786 2859; baseline -0.002 -12"><span class='ocrx_word' id='word_1_270' title='bbox 228 2809 280 2847; x_wconf 87' lang='lat'><strong>19</strong></span> <span class='ocrx_word' id='word_1_271' title='bbox 311 2805 673 2850; x_wconf 78' lang='lat' dir='ltr'><strong>uaticinantibus</strong></span> <span class='ocrx_word' id='word_1_272' title='bbox 706 2820 816 2859; x_wconf 85' lang='lat' dir='ltr'><strong>mss,·</strong></span> <span class='ocrx_word' id='word_1_273' title='bbox 858 2805 1267 2850; x_wconf 81' lang='lat' dir='ltr'><strong>vaticinationibus</strong></span> <span class='ocrx_word' id='word_1_274' title='bbox 1298 2818 1324 2848; x_wconf 83' lang='lat' dir='ltr'><strong><em>v</em></strong></span> <span class='ocrx_word' id='word_1_275' title='bbox 1348 2805 1363 2859; x_wconf 84' lang='grc' dir='ltr'><strong>ΙΙ</strong></span> <span class='ocrx_word' id='word_1_276' title='bbox 1386 2808 1442 2847; x_wconf 83' lang='lat'><strong>28</strong></span> <span class='ocrx_word' id='word_1_277' title='bbox 1474 2803 1633 2846; x_wconf 82' lang='lat' dir='ltr'><strong>infima.</strong></span> <span class='ocrx_word' id='word_1_278' title='bbox 1663 2801 1786 2845; x_wconf 84' lang='lat' dir='ltr'><strong>AKv</strong></span> 
     </span>
     <span class='ocr_line' id='line_1_36' title="bbox 105 2861 888 2919; baseline 0.005 -16"><span class='ocrx_word' id='word_1_279' title='bbox 105 2861 230 2918; x_wconf 80' lang='lat'><strong>(463,</strong></span> <span class='ocrx_word' id='word_1_280' title='bbox 261 2867 290 2906; x_wconf 84' lang='lat'><strong><em>7</em></strong></span> <span class='ocrx_word' id='word_1_281' title='bbox 321 2869 457 2919; x_wconf 77' lang='lat' dir='ltr'><strong>sqq.);</strong></span> <span class='ocrx_word' id='word_1_282' title='bbox 487 2864 670 2909; x_wconf 84' lang='lat' dir='ltr'><strong>infirma</strong></span> <span class='ocrx_word' id='word_1_283' title='bbox 701 2865 888 2910; x_wconf 79' lang='lat' dir='ltr'><strong>FParr.</strong></span> 
     </span>
    </p>
   </div>
  </div>
 </body>
</html>
