2020 3122
566 132 633 165 DE
658 131 896 165 01vrrA'rE
919 132 1007 164 Dm
1030 134 1072 166 L.
1096 136 1140 167 v.
1165 134 1201 167 c.
1224 135 1281 168 22.
1303 136 1356 169 23.
1704 125 1812 179 235

132 260 279 311 quam
325 246 472 294 variis
519 247 729 311 eventis,
778 259 922 308 quam
962 245 1200 295 luctuosis
1240 247 1458 298 cladibus
1498 264 1524 298 a
1562 249 1811 299 veteribus

132 321 232 370 sint
270 326 407 383 gesta
445 319 700 383 RomaniS,
740 320 869 367 sicut
908 319 1032 368 solet
1071 319 1204 368 orbis
1244 328 1490 371 terrarum
1528 323 1661 372 velut
1698 339 1810 388 pro-

131 393 507 443 cellosissimum
561 392 764 457 pelagus
819 395 949 442 varia
1008 393 1180 442 talium
1229 395 1470 445 malorum
1519 403 1810 462 tempestate

127 468 326 532 iactari,
377 474 426 516 et
475 467 606 531 quod
654 466 829 515 nolunt
875 467 1134 531 aliquando
1174 467 1442 535 fateantur,
1496 485 1587 519 nec
1626 472 1810 519 insanis

129 542 364 591 adversus
390 541 546 590 Deum
569 539 750 605 linguis
783 554 835 588 se
867 541 1153 590 interimant
1185 548 1233 590 et
1258 541 1502 606 decipiant
1540 545 1808 608 imperitos,
1843 550 1868 590 5

757 727 952 782 CAPUT
983 728 1185 783 XXIII.

127 838 204 887 De
251 839 390 899 belle,
431 839 480 886 in
529 851 626 898 quo
674 835 1004 898 Radaqaz'sus
1043 851 1140 886 rex
1186 838 1474 899 Gothorum,
1515 839 1810 888 daemonum

120 923 125 926 ·
179 914 357 971 cultor,
396 924 497 960 uno
538 912 621 960 die
659 923 772 960 cum
812 910 1096 972 inqentibus
1135 913 1293 974 copiis
1331 913 1436 961 suis
1474 914 1635 962 victus
1674 918 1758 962 est.

277 1013 419 1072 Quod
466 1019 631 1063 tamen
686 1019 855 1062 nostra
910 1016 1146 1062 memoria
1192 1015 1536 1063 recentissimo
1587 1022 1810 1080 tempore

127 1088 258 1138 Deus
298 1086 590 1136 mirabiliter
637 1094 686 1136 et
726 1087 1116 1136 misericorditer
1155 1088 1292 1154 fecit,
1343 1103 1443 1136 non
1483 1103 1596 1137 cum
1635 1090 1808 1153 gratia-
1845 1094 1900 1135 10

125 1177 239 1212 rum
293 1163 484 1210 actione
537 1166 945 1226 commemorant,
1000 1161 1109 1227 sed,
1160 1169 1399 1225 quantum
1449 1163 1500 1210 in
1550 1163 1670 1226 ipsis
1722 1169 1812 1229 est,

127 1237 346 1285 omnium
398 1235 440 1283 si
486 1234 595 1283 fieri
647 1240 812 1298 potest
865 1233 1121 1284 hominum
1175 1234 1417 1283 oblivione
1471 1235 1680 1299 sepelire
1732 1251 1811 1284 co-

127 1317 329 1374 nantur3
369 1308 502 1372 quod
541 1323 567 1356 a
598 1307 742 1356 nobis
768 1309 811 1356 si
834 1306 1094 1373 tacebitur,
1127 1308 1353 1357 similiter
1393 1310 1579 1357 erimus
1618 1311 1811 1373 ingrati.

127 1383 250 1434 Cum
281 1382 597 1448 RadagaiSUS,
636 1397 724 1430 rex
757 1380 1047 1447 Gothorum,
1088 1383 1278 1445 agmine
1312 1383 1500 1446 ingenti
1540 1388 1589 1431 et
1626 1384 1810 1430 inmani

124 1459 221 1507 iam
267 1458 319 1507 in
358 1455 506 1505 Urbis
555 1456 731 1504 vicinia
788 1457 1088 1505 constitutus
1134 1455 1368 1504 Romanis
1416 1455 1690 1505 cervicibus
1738 1458 1808 1504 in·
1845 1462 1900 1501 15

125 1533 356 1597 mineret‚
409 1545 509 1579 uno
565 1529 643 1578 die
698 1536 832 1579 tanta
880 1529 1130 1579 celeritate
1179 1531 1250 1578 sic
1296 1530 1455 1578 victus
1504 1537 1600 1596 est,
1654 1536 1710 1578 ut
1749 1545 1810 1578 ne

124 1621 224 1655 uno
273 1603 470 1669 quidem
518 1618 618 1652 non
658 1602 815 1652 dicam
864 1605 1102 1669 extincte,
1150 1603 1236 1652 sed
1274 1603 1528 1652 vulnerato
1569 1603 1810 1652 Romano-

124 1694 237 1728 rum
283 1678 436 1727 multo
484 1677 692 1742 amplius
739 1692 886 1741 quam
933 1683 1132 1726 centum
1180 1676 1370 1725 milium
1407 1683 1812 1741 prosterneretur

125 1754 232 1802 eius
272 1753 518 1801 exercitus
558 1758 703 1816 atque
750 1753 856 1815 ipse
897 1766 1010 1799 mox
1057 1756 1229 1815 captus
1268 1765 1426 1815 poena
1466 1749 1629 1800 debita
1668 1766 1808 1799 neca-

123 1833 278 1876 retur.
355 1825 478 1874 Nam
525 1827 566 1874 si
615 1824 696 1874 ille
747 1831 847 1874 tam
896 1826 1077 1888 impius
1129 1838 1242 1874 cum
1292 1825 1440 1873 tantis
1487 1830 1537 1873 et
1583 1831 1682 1873 tam
1721 1826 1809 1872 im·
1843 1831 1899 1871 20

122 1901 218 1965 piis
259 1900 413 1964 copiis
437 1899 643 1947 Romam
667 1899 843 1947 fuisset
880 1899 1150 1963 ingresst1S,
1190 1899 1271 1946 cui
1309 1895 1650 1962 pepercisset?
1705 1900 1810 1962 qui-

127 1973 221 2022 bus
259 1972 501 2021 honorem
539 1971 661 2020 locis
701 1978 974 2036 martyrum
1014 1967 1306 2020 detulisset?
1374 1972 1425 2019 in
1465 1986 1561 2035 qua
1598 1987 1811 2036 persona

123 2046 281 2096 Deum
320 2043 553 2095 timeret?
600 2046 742 2094 cuius
787 2060 888 2093 non
927 2046 1216 2109 sanguinem
1256 2045 1454 2111 fusum,
1490 2047 1631 2094 cuius
1669 2046 1810 2110 pudi-

125 2122 290 2170 citiam
343 2119 489 2168 vellet
540 2115 813 2168 intactam}>
889 2118 1021 2177 Quas
1076 2125 1240 2168 autem
1294 2120 1377 2167 isti
1425 2134 1515 2182 pro
1564 2119 1656 2168 diis
1707 2122 1808 2169 suis

125 2209 269 2243 voces
316 2192 557 2242 haberent
568 2233 582 2258 ,
638 2198 819 2256 quanta
863 2192 1180 2242 insultatione
1230 2194 1496 2259 iactarent,
1550 2192 1681 2257 quod
1728 2193 1808 2242 ille
1842 2197 1898 2237 25

124 2267 234 2316 ideo
274 2269 494 2333 vicisset,
540 2266 651 2315 ideo
691 2272 826 2315 tanta
863 2268 1130 2332 potuisset,
1179 2267 1292 2330 quia
1331 2266 1588 2315 cotidianis
1628 2267 1808 2315 sacrifi-

126 2342 214 2390 ciis
260 2340 483 2406 placabat
530 2347 676 2404 atque
724 2339 960 2389 invitabat
1000 2341 1140 2406 deos,
1190 2339 1321 2404 quod
1361 2339 1607 2389 Romanos
1647 2340 1808 2389 facere

126 2413 402 2463 Christiana
452 2413 623 2478 religio
674 2428 773 2462 non
829 2411 1056 2464 sinebat?
1121 2414 1243 2463 Nam
1296 2415 1658 2479 propinquante
1714 2415 1809 2461 iam

125 2487 206 2536 illo
245 2487 322 2536 his
361 2487 504 2553 lociS,
555 2486 638 2536 ubi
680 2494 802 2536 nutu
843 2503 1061 2537 summae
1101 2489 1370 2537 maiestatis
1411 2501 1678 2550 oppressus
1718 2492 1808 2551 est,

125 2576 239 2610 cum
287 2563 393 2610 eius
439 2561 566 2610 fama
612 2560 795 2625 ubique
845 2561 1207 2627 crebresceret,
1254 2560 1397 2609 nobis
1436 2559 1564 2623 apud
1603 2558 1806 2607 Kartha·
1838 2570 1896 2609 30

126 2635 289 2699 ginem
341 2633 621 2701 dicebatur,
675 2634 769 2683 hoc
818 2635 1022 2684 credere
1073 2650 1304 2699 spargere
1353 2635 1532 2682 iactare
1580 2646 1807 2697 paganos,

50 2827 59 2830 *-
249 2809 303 2847 14
334 2804 494 2862 radag.
529 2804 734 2859 OAKF,·
772 2805 921 2851 Rhad.
954 2818 980 2849 v
1018 2807 1033 2861 ΙΙ
1074 2810 1127 2849 19
1159 2805 1258 2862 ipse
1290 2818 1402 2858 mss;
1433 2803 1532 2861 ipse
1566 2817 1670 2847 cum
1702 2801 1807 2845 filiis

123 2874 149 2906 v
173 2864 189 2918 u
212 2867 268 2906 30
297 2863 452 2909 karth.
483 2869 528 2907 A
