2020 3122
540 133 607 165 :on
632 132 870 166 cwrrA'rE
893 134 981 166 DEI
1005 136 1046 167 L.
1071 136 1157 168 vn.
1184 136 1222 169 c.
1247 138 1299 171 13.
1323 139 1376 170 14.
1692 128 1797 179 291

123 244 292 311 habet,
331 243 495 293 Iovem
543 259 651 292 esse
698 245 938 293 mundum
978 253 1027 294 et
1067 262 1178 295 eum
1221 251 1381 298 omnia
1422 252 1607 298 semina
1647 266 1703 299 ex
1747 267 1798 300 se

121 319 345 368 emittere
400 324 450 366 et
486 319 538 366 in
579 332 631 366 se
671 315 932 382 recipere?
1006 319 1116 383 Ipse
1157 329 1232 370 est
1270 324 1420 386 igitur
1457 339 1612 388 penes
1653 340 1799 389 quem

124 393 367 441 sationum
391 392 611 439 omnium
638 391 917 440 dominatus
943 398 1032 440 est.
1095 392 1222 450 Quid
1256 403 1332 443 est
1364 394 1585 446 Genius?
1620 397 1800 464 „DeUS,

118 466 303 535 inquit,
359 466 443 528 qui
487 465 800 529 praepositus
857 471 932 513 est
987 480 1041 513 ac
1095 468 1194 514 vim
1247 467 1394 517 habet
1448 472 1667 519 omnium
1722 486 1796 519 re-

118 553 227 587 rum
273 533 685 603 gignendarum.“
761 537 918 595 Quem
966 538 1113 587 alium
1162 539 1288 589 hanc
1335 543 1430 589 vim
1470 543 1651 592 habere
1691 559 1795 592 cre·
1829 553 1855 591 5

118 611 240 661 dunt
273 627 417 676 quam
449 612 705 677 mundum,
746 613 826 660 cui
860 611 1045 660 dictum
1087 619 1184 661 est:
1222 613 1475 679 „Iuppiter
1512 619 1798 680 progenitor

116 680 504 750 genetrixque?“
551 684 614 734 Et
653 700 767 734 cum
805 684 898 733 alio
937 684 1045 734 loco
1085 688 1285 750 genium
1325 686 1444 737 dicit
1482 704 1589 737 esse
1629 693 1797 739 unius-

116 761 356 823 cuiusque
404 760 619 807 animum
659 758 947 808 rationalem
987 759 1184 808 et‘ideo
1226 776 1334 809 esse
1376 761 1594 825 singulos
1633 764 1796 827 singu-

114 833 298 898 lorum,
345 832 492 882 talem
539 838 704 881 autem
749 833 921 881 mundi
968 834 1184 883 animum
1224 833 1381 883 Deum
1421 850 1552 885 esse:
1606 836 1666 884 ad
1704 836 1797 885 hoc

114 906 244 956 idem
282 908 453 970 utique
493 913 712 972 revocat,
764 913 818 955 ut
855 913 1103 970 tamquam
1143 908 1433 957 universalis
1472 910 1648 973 genius
1687 912 1792 974 ipse
1827 920 1881 959 10

114 979 514 1029 mundianimus
546 995 654 1028 esse
690 980 933 1029 credatur.
1008 980 1099 1029 Hic
1139 988 1215 1030 est
1253 983 1404 1045 igitur
1444 997 1589 1046 quem
1630 984 1793 1048 appel-

112 1053 214 1102 lant
265 1053 443 1102 Iovem.
518 1053 642 1102 Nam
697 1055 740 1102 si
794 1055 952 1102 omnis
1006 1056 1181 1118 genius
1231 1055 1353 1104 deus
1400 1062 1450 1104 et
1495 1058 1654 1105 omnis
1701 1058 1793 1105 viri

113 1129 304 1176 animus
351 1129 548 1193 geniuS,
601 1130 826 1191 sequitur
873 1135 929 1176 ut
973 1129 1038 1176 sit
1087 1130 1246 1177 omnis
1286 1131 1378 1177 viri
1417 1131 1609 1179 animus
1649 1130 1792 1196 deus;

114 1202 243 1265 quod
284 1203 325 1250 si
365 1207 413 1250 et
451 1203 584 1266 ipsos
625 1200 892 1250 abhorrere
934 1200 1211 1251 absurditas
1250 1204 1356 1267 ipsa
1395 1203 1663 1271 compellit,
1715 1219 1790 1253 re-

113 1281 208 1324 stat
239 1281 294 1324 ut
319 1289 432 1323 eum
458 1275 775 1339 singulariter
801 1281 850 1323 et
874 1274 1174 1324 excellenter
1199 1276 1364 1324 dicant
1387 1276 1535 1325 deum
1567 1276 1790 1343 Genium,
1826 1286 1878 1327 15

114 1363 260 1412 quem
300 1349 470 1398 dicunt
508 1348 681 1398 mundi
722 1349 939 1398 animum
979 1363 1034 1397 ac
1072 1364 1162 1413 per
1203 1349 1295 1398 hoc
1335 1349 1511 1398 Iovem.

761 1521 958 1576 CAPUT
991 1522 1136 1575 XIV.

494 1631 570 1679 De
608 1630 867 1678 Mercurii
902 1635 951 1678 et
989 1630 1176 1678 Martis
1217 1629 1415 1691 officiis,

257 1732 558 1782 Mercurium
604 1747 720 1781 vero
769 1739 817 1781 et
856 1731 1062 1781 Martem
1109 1747 1205 1796 quo
1254 1732 1399 1780 modo
1446 1733 1693 1781 referrent
1732 1733 1790 1781 ad

110 1806 294 1871 aliquas
332 1814 498 1871 partes
537 1805 709 1854 mundi
750 1813 798 1854 et
837 1821 985 1870 opera
1024 1805 1127 1871 Dei,
1168 1821 1290 1869 quae
1332 1812 1449 1854 sunt
1486 1808 1538 1854 in
1578 1805 1788 1854 elemen-
1823 1817 1879 1856 20

108 1882 188 1946 tis,
227 1895 326 1928 non
357 1882 670 1944 invenerunt,
710 1886 758 1928 et
789 1879 900 1927 ideo
935 1894 1019 1927 eos
1051 1878 1224 1928 saltem
1265 1878 1498 1943 operibus
1536 1878 1792 1928 hominum

109 1961 525 2018 praeposuerunt,
573 1952 935 2002 sermocinandi
991 1960 1039 2001 et
1093 1951 1414 2016 belligerandi
1459 1952 1789 2001 administros,

110 2026 332 2085 Quorum
371 2026 647 2075 Mercurius
700 2028 741 2074 si
781 2027 1023 2074 sermonis
1062 2027 1210 2074 etiam
1250 2026 1458 2075 deorum
1495 2032 1792 2090 potestatem

109 2102 257 2169 gerit,
303 2102 398 2164 ipsi
444 2114 642 2164 quoque
692 2101 798 2163 regi
846 2099 1052 2148 deorum
1091 2099 1394 2165 dominatur,
1436 2101 1477 2149 si
1516 2099 1791 2148 secundum
1847 2100 1850 2103 ’

110 2176 215 2223 eius
264 2173 523 2223 arbitrium
569 2172 791 2238 Iuppiter
829 2172 1049 2236 loquitur
1096 2181 1180 2221 aut
1216 2173 1450 2237 loquendi
1490 2172 1549 2221 ab
1589 2173 1671 2222 illo
1712 2188 1788 2222 ac·
1822 2183 1876 2222 25

109 2249 239 2312 cepit
291 2246 594 2313 facultatem3
650 2245 780 2311 quod
830 2248 1000 2310 utique
1048 2246 1317 2296 absurdum
1367 2252 1456 2295 est.
1536 2245 1588 2295 Si
1626 2253 1789 2296 autem

108 2320 177 2369 illi
222 2320 424 2370 humani
470 2327 663 2369 tantum
710 2322 953 2368 sermonis
999 2327 1216 2384 potestas
1258 2319 1444 2369 tributa
1482 2319 1788 2385 perhibetur,

108 2409 207 2443 non
246 2402 321 2443 est
353 2393 585 2443 credibile
619 2393 677 2442 ad
717 2393 967 2443 lactandos
1008 2409 1216 2442 mamma
1256 2409 1354 2442 non
1395 2393 1553 2442 solum
1590 2407 1787 2458 pueroS,

109 2467 194 2517 sed
233 2470 380 2517 etiam
411 2483 606 2534 pecora,
645 2467 776 2516 unde
800 2467 1043 2517 Ruminus
1084 2469 1456 2532 cognominatus
1497 2472 1586 2532 est,
1623 2465 1786 2513 lovem

109 2539 409 2590 descendere
433 2541 662 2606 voluisse,
703 2547 752 2590 et
784 2556 953 2590 curam
976 2542 1135 2590 nostri
1168 2542 1425 2606 sermoniS,
1466 2554 1562 2603 quo
1594 2539 1782 2603 pecori·
1816 2548 1872 2587 30

107 2613 200 2663 bus
247 2614 610 2681 antecellimus,
660 2614 718 2663 ad
767 2630 818 2663 se
866 2616 1117 2678 pertinere
1168 2614 1407 2678 noluisse3
1462 2628 1516 2661 ac
1563 2626 1653 2676 per
1691 2611 1784 2658 hoc

107 2687 237 2739 idem
267 2690 372 2753 ipse
406 2695 483 2737 est
514 2687 641 2737 Iovis
673 2694 819 2752 atquc
844 2688 1135 2737 Mercurius,
1216 2686 1356 2744 Quod
1397 2687 1438 2734 si
1478 2699 1638 2734 sermo
1679 2686 1782 2748 ipse

225 2863 281 2902 30
313 2859 424 2916 quo]
458 2873 550 2914 qua
581 2859 701 2913 AK;
732 2859 842 2914 quia
873 2857 924 2902 F
