2020 3122
537 134 605 166 DE
629 133 869 167 CIVITATE
893 135 981 168 Dm
1005 137 1047 169 12.
1070 136 1179 170 vm.
1203 137 1243 171 c.
1268 139 1299 171 5.
1323 139 1355 171 6.
1690 129 1796 181 329

115 245 376 296 iudicatur.
452 245 584 294 Haec
616 261 757 295 mens
787 245 1002 295 hominis
1034 255 1083 297 et
1114 249 1363 299 rationalis
1395 253 1583 300 animae
1624 259 1797 302 natura

113 327 211 386 est,
251 335 375 384 quae
414 321 587 383 utique
629 334 811 383 corpus
850 335 949 368 non
990 328 1087 387 est,
1138 324 1179 370 si
1218 324 1313 371 iam
1352 323 1430 372 illa
1471 327 1694 389 corporis
1734 328 1796 375 si-

70 452 83 469 ·
112 393 358 459 militudo‚
409 408 522 442 cum
561 395 611 442 in
651 395 812 441 animo
854 395 1115 457 cogitantis
1154 398 1390 460 aspicitur
1430 404 1575 462 atque
1615 399 1797 448 iudica-

111 474 221 534 tur,
268 482 360 515 nec
409 468 517 532 ipsa
567 481 749 531 corpus
797 473 886 515 est.
963 466 1072 515 Non
1121 475 1197 518 est
1247 484 1364 533 ergo
1404 486 1494 519 nec
1534 478 1667 520 terra
1705 488 1796 523 nec

113 556 252 607 aqua,
290 555 382 589 nec
415 555 498 589 aer
529 555 621 589 nec
653 541 796 606 igniS‚
835 539 1015 604 quibus
1056 548 1288 604 quattuor
1327 544 1634 610 corporibus,
1674 561 1796 610 quae
1828 555 1854 596 5

112 615 346 664 dicuntur
386 612 620 678 quattuor
658 614 924 681 elementa,
963 614 1202 663 mundum
1242 630 1536 680 corporeum
1575 618 1797 669 videmus

113 703 220 738 esse
253 694 575 752 compactum.
652 688 808 736 Porro
842 689 884 736 si
915 694 1087 736 noster
1118 690 1309 737 animus
1350 704 1531 754 corpus
1570 706 1668 740 non
1709 700 1798 758 est,

111 777 209 827 quo
258 762 401 811 modo
442 761 574 811 Deus
620 768 815 811 creator
861 763 1011 810 animi
1057 777 1240 826 corpus
1290 760 1401 812 est?
1455 762 1641 812 Cedant
1680 780 1797 830 ergo

112 842 161 885 et
198 837 296 902 isti,
334 843 391 885 ut
423 835 609 885 dictum
641 842 731 900 est,
770 835 1058 900 Platonicis;
1098 835 1276 885 cedant
1315 843 1364 885 et
1402 836 1487 902 illi,
1526 852 1650 901 quos
1690 840 1796 902 qui-

111 909 223 959 dem
261 909 439 974 puduit
470 909 638 958 dicere
669 908 827 958 Deum
866 924 1048 974 corpus
1089 924 1213 976 esse,
1251 925 1424 959 verum
1463 917 1626 960 tamen
1667 914 1793 960 eius·
1827 923 1883 964 10

111 983 222 1033 dem
277 989 504 1050 naturae,
558 985 700 1032 cuius
746 982 826 1031 ille
874 990 971 1048 est,
1025 985 1213 1031 animos
1260 991 1458 1032 nostros
1511 999 1619 1033 esse
1658 993 1797 1050 puta-

110 1063 312 1124 verunt3
349 1059 415 1106 ita
449 1072 548 1106 non
581 1072 666 1106 eos
707 1059 858 1105 movit
896 1063 1030 1106 tanta
1068 1056 1366 1107 mutabilitas
1407 1059 1610 1122 animae,
1650 1074 1797 1123 quam

87 1130 198 1180 VDei
253 1137 455 1180 naturae
509 1130 731 1181 tribuere
788 1131 924 1179 nefas
978 1137 1068 1184 est.
1168 1130 1265 1181 Sed
1320 1131 1513 1181 dicunt:
1579 1131 1796 1197 Corpore

110 1211 331 1254 mutatur
379 1206 566 1254 animae
606 1211 803 1270 natura,
851 1219 964 1253 nam
1009 1219 1099 1270 per
1147 1220 1199 1253 se
1239 1207 1343 1270 ipsa
1382 1206 1796 1255 incommutabilis

113 1285 202 1328 est.
276 1278 513 1327 Poterant
543 1279 626 1327 isti
659 1279 846 1328 dicere:
886 1278 1105 1344 Corpore
1137 1278 1300 1343 aliquo
1339 1278 1626 1328 vulneratur
1666 1295 1795 1346 caro,
1828 1288 1883 1328 15

112 1367 224 1401 nam
262 1367 352 1417 per
385 1367 437 1401 se
468 1354 573 1417 ipsa
613 1351 984 1401 invulnerabilis
1024 1359 1113 1402 est.
1188 1351 1403 1402 Prorsus
1444 1353 1575 1416 quod
1615 1355 1795 1402 mutari

112 1441 210 1475 non
264 1432 450 1492 potest,
504 1426 636 1475 nulla
682 1441 736 1475 re
789 1432 976 1492 potest,
1023 1441 1078 1475 ac
1124 1441 1215 1491 per
1261 1426 1354 1474 hoc
1407 1426 1537 1490 quod
1587 1442 1794 1491 corpore

112 1502 292 1549 mutari
345 1506 536 1566 potest,
589 1500 748 1564 aliqua
804 1515 858 1549 re
910 1506 1075 1565 potest
1128 1507 1178 1549 et
1230 1499 1341 1548 ideo
1396 1500 1795 1550 incommutabile

115 1580 250 1623 recte
290 1573 388 1623 dici
426 1589 522 1622 non
563 1580 741 1639 potest.

794 1744 989 1800 CAPUT
1023 1746 1115 1800 VI.
1828 1759 1884 1799 20

145 1854 220 1903 De
260 1854 640 1903 Platonicorum
679 1869 827 1903 sensu
868 1857 921 1903 in
960 1869 1022 1903 ea
1056 1860 1208 1915 parte
1240 1855 1602 1916 philosophiae,
1643 1868 1775 1914 quae

20 1886 97 1993 ζ·
670 1929 889 1990 physica
929 1931 1234 1977 nominatur.

260 2028 500 2078 Viderunt
548 2045 665 2094 ergo
715 2031 798 2079 isti
844 2029 1144 2097 philosophi,
1195 2045 1319 2094 quos
1367 2031 1546 2079 ceteris
1585 2045 1684 2078 non
1724 2031 1796 2078 in-

113 2104 290 2153 merito
333 2103 458 2152 fama
506 2110 652 2168 atque
692 2103 845 2168 gloria
884 2103 1129 2168 praelatos
1168 2103 1413 2170 videmuS,
1461 2103 1647 2153 nullum
1689 2119 1796 2152 cor-

114 2191 207 2242 pus
254 2192 362 2226 esse
415 2176 596 2243 Deum,
651 2184 701 2226 et
747 2177 857 2226 ideo
903 2184 1079 2227 cuncta
1126 2193 1334 2242 corpora
1385 2177 1798 2226 transcenderunt
1818 2183 1885 2224 '25

118 2257 412 2314 quaerentes
451 2249 621 2300 Deum.
698 2249 960 2318 Viderunt,
1011 2251 1250 2316 quidquid
1291 2250 1521 2300 mutabile
1563 2258 1659 2316 est,
1698 2265 1797 2299 non

121 2339 230 2373 esse
269 2339 519 2373 summum
557 2323 735 2390 Deum,
784 2331 833 2374 et
877 2325 987 2374 ideo
1034 2327 1243 2374 animam
1283 2339 1479 2374 omnem
1517 2323 1797 2373 mutabiles·

122 2412 216 2461 que
264 2413 435 2447 omnes
490 2400 694 2463 spiritus
741 2398 1156 2448 transcenderunt
1204 2405 1499 2463 quaerentes
1550 2412 1796 2447 summum

116 2469 284 2520 Deum.
361 2471 546 2521 Deinde
594 2472 824 2521 viderunt
870 2487 1067 2521 omnem
1113 2474 1328 2537 speciem
1379 2474 1427 2520 in
1470 2487 1523 2519 re
1564 2485 1794 2535 quacum-

117 2558 211 2608 que
250 2544 500 2611 mutabili,
546 2561 641 2610 qua
682 2552 786 2612 est,
838 2546 1074 2611 quidquid
1115 2545 1235 2595 illud
1275 2552 1373 2612 est,
1412 2559 1609 2609 quoquo
1648 2542 1791 2590 modo
1825 2553 1884 2593 30

118 2624 167 2666 et
206 2617 577 2684 qualiscumque
625 2626 798 2669 natura
845 2626 950 2687 est,
997 2635 1094 2668 non
1135 2634 1242 2668 esse
1282 2633 1427 2683 posse
1467 2619 1558 2666 nisi
1600 2615 1658 2664 ab
1698 2615 1795 2680 illo,

119 2693 202 2754 qui
241 2707 356 2740 vere
397 2698 494 2758 est,
543 2694 657 2758 quia
694 2693 1162 2743 incommutabiliter
1203 2699 1300 2759 est,
1339 2707 1394 2739 ac
1433 2706 1523 2755 per
1560 2689 1653 2738 hoc
1694 2690 1793 2736 sive

977 2766 1007 2788 Ο

239 2868 265 2907 8
298 2864 480 2908 estom.
514 2863 582 2907 Α1
605 2866 620 2921 ΙΙ
645 2869 702 2908 14
732 2863 835 2922 ipsa
868 2863 1072 2917 GAKR·
1102 2862 1250 2919 ipsam
1282 2875 1308 2905 v
