2020 3122
548 149 616 182 DE
640 148 880 183 c1v1'rA'm
904 150 994 183 nm
1016 150 1059 183 L.
1083 153 1127 186 v.
1153 151 1190 186 c.
1215 153 1270 186 ιο.
1656 140 1763 193 209

84 277 287 312 necesse
335 276 467 327 esse,
513 268 594 327 ut,
643 276 756 310 cum
802 261 1050 323 volumus,
1097 261 1252 312 libero
1292 263 1498 314 velimus
1537 263 1763 315 arbitrio:

83 343 134 385 et
171 349 344 385 verum
388 334 564 400 procul
603 334 752 384 dubio
792 334 1001 384 (1161111115
1010 375 1025 401 ,
1065 342 1116 384 et
1153 351 1254 385 non
1291 337 1402 386 ideo
1441 339 1605 402 ipsum
1643 337 1761 387 libe-

0 447 1 451 ,
80 424 194 460 rum
231 407 491 458 arbitrium
529 410 813 458 necessitati
851 407 1145 476 subicimuS,
1193 425 1316 474 quae
1357 410 1526 461 adimit
1563 410 1761 460 liberta-

80 490 194 532 tem.
273 482 400 531 Sunt
459 483 611 547 igitur
672 488 870 531 nostrae
932 481 1207 532 voluntates
1269 490 1320 532 et
1378 486 1512 549 ipsae
1561 485 1761 552 faciunt,

81 556 318 621 quidquid
365 555 571 605 volendo
619 555 827 605 facimus
839 595 854 622 ,
903 555 1033 620 quod
1081 571 1181 605 non
1220 556 1383 623 fieret,
1424 560 1466 606 si
1504 558 1759 608 nollemus,
1793 567 1819 607 5

0 647 1 660 ¹
79 629 328 695 Quidquid
368 635 532 679 autem
579 628 787 679 aliorum
833 629 1089 679 hominum
1127 629 1377 680 voluntate
1417 631 1588 680 nolens
1630 634 1760 697 quis-

78 719 174 769 que
206 705 406 769 patitur,
447 705 595 753 etiam
619 705 690 752 sic
722 702 947 753 voluntas
980 703 1122 770 valet,
1161 706 1255 753 etsi
1286 719 1386 753 non
1410 704 1557 766 illius,
1597 712 1761 755 tamen

21 783 24 787 ’
75 777 288 827 hominis
319 777 572 843 voluntas3
613 777 699 826 sed
730 784 949 842 potestas
980 776 1083 826 Dei.
1139 772 1287 845 (Nam
1312 779 1354 827 si
1393 778 1617 827 voluntas
1657 786 1760 828 tan-

75 858 180 901 tum
236 858 368 901 esset
420 866 512 900 nec
562 858 732 916 posset
778 850 909 916 quod
956 850 1122 918 vellet,
1175 853 1456 917 potentiore
1509 852 1758 902 voluntate

74 924 422 991 impediretur3
469 939 562 974 nec
610 926 681 974 sic
729 931 893 974 tamen
939 925 1164 975 voluntas
1211 927 1308 974 nisi
1346 924 1572 975 voluntas
1612 933 1759 992 esset,
1792 937 1846 976 10

75 1013 167 1048 nec
215 998 416 1048 alterius
427 1038 442 1064 ,
497 998 583 1048 sed
632 999 739 1048 eius
787 1005 919 1048 esset
965 1000 1050 1063 qui
1088 999 1262 1059 vellet,
1318 1000 1412 1048 etsi
1450 1014 1550 1049 non
1589 1008 1758 1065 posset

73 1071 279 1137 implere
305 1071 436 1137 quod
468 1067 653 1139 vellet.)
729 1071 869 1121 Unde
896 1072 1135 1137 quidquid
1173 1079 1372 1138 praeter
1411 1089 1550 1122 suam
1588 1073 1757 1123 volun-

74 1152 223 1196 tatem
261 1147 448 1210 patitur
486 1145 654 1210 hom0,
701 1161 801 1194 non
848 1145 996 1195 debet
1033 1146 1254 1196 tribuere
1294 1146 1522 1196 humanis
1560 1147 1636 1196 vel
1675 1163 1757 1196 an-

62 1218 241 1285 ·gelicis
271 1218 348 1268 vel
379 1220 672 1283 cuiusquam
705 1221 858 1268 creati
891 1221 1094 1284 spiritus
1133 1220 1484 1287 voluntatibus,
1524 1221 1610 1270 sed
1650 1223 1756 1270 eius

69 1295 250 1360 potiUS,
289 1293 374 1357 qui
413 1291 495 1341 dat
531 1298 827 1357 potestatem
866 1291 1157 1342 volentibus.
1792 1304 1845 1344 15

220 1366 329 1416 Non
385 1381 501 1431 ergo
554 1372 820 1432 propterea
872 1365 994 1415 nihil
1049 1373 1124 1416 est
1175 1369 1227 1416 in
1277 1373 1446 1416 nostra
1493 1367 1756 1434 voluntate,

71 1442 185 1506 quia
222 1439 355 1490 Deus
392 1441 658 1505 praescivit
697 1439 815 1505 quid
854 1440 1079 1490 futurum
1118 1446 1251 1490 esset
1289 1441 1340 1488 in
1379 1447 1548 1490 nostra
1586 1441 1754 1491 volun-

69 1520 184 1564 tate.
260 1513 370 1563 Non
394 1515 542 1579 enim,
582 1515 667 1578 qui
689 1513 784 1564 hoc
807 1515 1086 1580 praescivit,
1125 1513 1246 1563 nihil
1269 1515 1545 1579 praescivit.
1599 1514 1754 1564 Porro

70 1589 113 1637 si
150 1586 247 1654 ille,
287 1588 371 1652 qui
400 1589 664 1653 praescivit
697 1587 815 1652 quid
854 1588 1078 1638 futurum
1117 1595 1249 1638 esset
1287 1590 1339 1637 in
1378 1594 1548 1638 nostra
1586 1589 1754 1639 volun-

68 1668 183 1728 tate,
221 1676 322 1710 non
360 1662 532 1726 utique
573 1660 716 1728 nihil,
765 1661 852 1727 sed
892 1661 1074 1726 aliquid
1112 1663 1397 1727 praescivit:
1441 1663 1665 1727 profecto
1705 1670 1754 1711 et
1788 1675 1843 1714 20

67 1734 152 1784 illo
189 1736 498 1799 praesciente
538 1742 614 1785 est
652 1734 835 1800 aliquid
874 1737 925 1784 in
963 1741 1133 1785 nostra
1170 1735 1435 1785 voluntate.
1512 1735 1753 1794 Quocirca

66 1807 200 1858 nullo
248 1807 394 1858 modo
442 1810 665 1873 cogimur
712 1816 796 1859 aut
841 1816 1035 1859 retenta
1084 1811 1412 1874 praescientia
1451 1808 1541 1858 Dei
1579 1809 1751 1859 tollere

66 1881 330 1932 voluntatis
377 1881 638 1931 arbitrium
688 1889 773 1932 aut
811 1888 1006 1932 retento
1044 1882 1311 1932 voluntatis
1351 1881 1554 1932 arbitrio
1594 1882 1750 1933 Deum

66 1949 224 2022 (quod
249 1956 386 2005 nefas
411 1950 511 2023 est)
551 1970 732 2021 negare
770 1958 1050 2021 praescium
1090 1957 1395 2022 futurorum3
1436 1957 1522 2006 sed
1561 1965 1750 2006 utrum-

67 2043 162 2093 que
203 2028 568 2096 amplectimur,
615 2035 882 2094 utrumque
930 2029 1141 2079 fideliter
1182 2037 1231 2080 et
1268 2032 1510 2080 veraciter
1550 2031 1749 2080 confite·
1785 2042 1839 2081 25

65 2117 199 2169 mur;
252 2102 394 2163 illud,
449 2109 505 2152 ut
557 2101 684 2152 bene
742 2102 1022 2170 credamus;
1076 2103 1194 2171 hoc,
1248 2110 1304 2154 ut
1350 2103 1477 2153 bene
1516 2106 1750 2154 vivamus,

64 2174 186 2225 Male
225 2182 390 2226 autem
427 2177 629 2243 vivitur,
678 2177 721 2225 si
760 2176 821 2226 de
859 2176 960 2226 Deo
1000 2192 1100 2226 non
1131 2177 1258 2227 bene
1299 2178 1534 2228 creditur.
1610 2178 1749 2228 Unde

66 2247 191 2299 absit
222 2265 248 2298 a
279 2249 422 2299 nobis
454 2251 560 2299 eius
586 2265 766 2315 negare
805 2252 1199 2317 praescientiam,
1238 2258 1294 2301 ut
1332 2250 1487 2301 libere
1526 2252 1749 2318 velimUS,

65 2337 161 2387 quo
223 2323 480 2373 adiuvante
537 2339 709 2373 sumus
769 2323 911 2373 liberi
972 2324 1049 2374 vel
1104 2326 1304 2375 erimus.
1379 2325 1593 2375 Proinde
1649 2341 1747 2375 non

66 2395 249 2446 frustra
299 2404 415 2446 sunt
464 2397 598 2462 leges
648 2397 1014 2462 obiurgationes
1063 2398 1432 2448 exhortationes
1483 2399 1650 2449 laudes
1700 2408 1747 2448 et
1779 2409 1835 2448 30

65 2470 447 2535 vituperationes
459 2511 473 2537 ,
526 2473 638 2536 quia
686 2478 737 2520 et
781 2473 911 2536 ipsas
958 2472 1150 2522 futuras
1198 2487 1308 2522 esse
1358 2474 1647 2538 praescivit,
1700 2481 1747 2521 et

66 2541 222 2593 valent
253 2543 535 2610 plurimum,
575 2551 815 2609 quantum
839 2560 920 2595 eas
960 2545 1191 2608 valituras
1232 2561 1340 2596 esse
1380 2548 1658 2611 praescivit,
1698 2553 1747 2594 et

62 2630 236 2680 preces
290 2617 450 2667 valent
511 2618 570 2667 ad
634 2634 689 2668 ea
743 2620 1070 2686 impetranda,
1126 2634 1250 2684 quae
1314 2635 1366 2668 se
1427 2617 1744 2683 precantibus

181 2820 236 2861 28
279 2816 424 2862 libere
462 2818 660 2863 uelimus
708 2818 891 2864 CAKF
924 2821 1002 2875 (ef.
1045 2825 1098 2874 1;
1147 2831 1304 2876 λοι-οφ.
1348 2832 1396 2875 p.
1444 2822 1549 2875 16);
1606 2818 1743 2863 liberi

63 2886 160 2919 esse
192 2875 387 2920 velimus
419 2890 444 2920 v

150 2964 244 2991 Auo.
268 2965 319 2990 DE
346 2965 420 2993 c1v.
446 2967 526 2994 mu.
550 2959 582 2991 Ι.
1333 2956 1387 2995 14
