2020 3122
523 139 590 171 DE
615 137 854 171 CIVITATE
877 137 966 169 Dm
989 137 1030 170 L.
1056 138 1127 171 111.
1153 139 1191 171 c.
1216 141 1272 172 30.
1298 141 1352 172 31.
1676 128 1782 180 143

101 249 317 300 disertus
347 249 427 299 ille
453 250 629 300 artifex
654 248 896 314 regendae
928 250 1003 298 rei
1039 248 1279 313 publicae.
1356 249 1560 316 Pompei
1599 253 1780 316 quippe

95 325 335 374 victorem
361 323 533 373 Gaium
558 322 832 388 Caesarem,
872 323 958 387 qui
986 324 1243 372 victoriam
1282 323 1474 374 civilem
1513 324 1782 374 clementer

97 399 321 447 exercuit
370 399 574 462 suisque
625 395 917 445 adversariis
956 397 1104 445 vitam
1144 397 1530 463 dignitatemque
1570 399 1781 466 donavit,

96 480 344 536 tamquam
400 472 539 536 regni
606 470 930 535 adpetitorem
993 470 1303 534 quorundam
1365 471 1603 521 nobilium
1665 487 1779 522 con-

95 547 275 595 iuratio
315 551 600 594 senatorum
638 543 773 592 velut
810 559 901 608 pro
942 545 1015 592 rei
1054 543 1280 608 publicae
1319 544 1544 594 libertate
1585 548 1637 594 in
1674 549 1780 611 ipsa
1810 558 1836 598 5

97 620 234 668 curia
272 617 547 668 trucidavit.
609 617 769 667 Huius
793 617 971 666 deinde
1001 620 1271 682 potentiam
1311 618 1521 667 multum
1559 620 1780 669 moribus

96 692 262 757 dispar
311 693 541 756 vitiisque
588 690 818 740 omnibus
865 692 1152 755 inquinatus
1198 699 1344 757 atque
1393 699 1659 758 corruptus
1698 693 1778 742 ad-

97 767 280 816 fectare
335 765 594 815 videbatur
647 764 913 831 AntoniuS,
968 767 1048 814 cui
1102 765 1422 815 vehementer
1465 782 1557 831 pro
1609 767 1780 816 eadem

94 839 174 890 illa
211 839 345 889 velut
383 841 570 904 patriae
609 838 836 888 libertate
877 838 1049 888 Cicero
1090 839 1364 889 resistebat.
1442 839 1582 889 Tunc
1622 855 1778 889 emer-

14 933 22 939 ·
96 920 227 963 serat
265 912 502 963 mirabilis
550 912 728 962 indolis
775 912 1065 963 adulescens
1111 913 1191 962 ille
1243 913 1367 963 alius
1408 912 1610 980 Caesar,
1647 914 1779 964 illius
1814 926 1868 966 10

95 987 183 1036 Gai
222 986 444 1036 Caesaris
491 987 621 1036 filius
668 987 947 1053 adoptiVUS,
987 990 1086 1054 qui,
1125 994 1182 1037 ut
1220 987 1349 1054 dixi,
1371 994 1543 1053 postea
1585 995 1659 1037 est
1699 1003 1778 1053 ap-

93 1060 304 1126 pellatus
344 1061 611 1125 Augustus,
689 1060 816 1110 Huic
857 1061 1162 1111 adulescenti
1202 1060 1414 1127 Caesari,
1453 1067 1510 1110 ut
1548 1063 1655 1110 eius
1693 1077 1779 1126 po-

94 1136 248 1184 tentia
281 1141 453 1184 contra
485 1134 752 1183 Antonium
785 1137 1077 1202 nutriretur,
1117 1134 1291 1184 Cicero
1331 1134 1535 1201 favebat,
1574 1150 1779 1200 sperans

92 1223 207 1258 eum
231 1207 435 1273 depulsa
459 1213 509 1257 et
533 1222 769 1272 oppressa
794 1209 993 1258 Antonii
1025 1209 1357 1258 dominatione
1387 1210 1779 1258 instauraturum

92 1284 166 1332 rei
212 1280 437 1347 publicae
486 1281 787 1348 libertatem,
834 1297 994 1346 usque
1041 1282 1162 1331 adeo
1208 1297 1385 1331 caecus
1425 1289 1572 1346 atque
1611 1285 1776 1347 inpro-
1812 1295 1866 1335 15

91 1355 233 1405 vidus
274 1355 571 1421 futurorum,
609 1361 666 1404 ut
704 1354 785 1404 ille
823 1357 929 1420 ipse
969 1357 1175 1422 iuveniS,
1215 1358 1356 1405 cuius
1397 1355 1685 1420 dignitatem
1723 1371 1779 1405 ac

82 1435 388 1495 potestatem
442 1428 659 1495 fovebat,
722 1436 771 1478 et
825 1429 1037 1479 eundem
1100 1429 1391 1479 Ciceronem
1454 1429 1777 1479 occidendum

91 1503 302 1552 Antonio
343 1502 552 1568 quadam
598 1505 737 1567 quasi
779 1503 1072 1552 concordiae
1111 1506 1338 1569 pactione
1378 1505 1689 1568 permitteret
1730 1510 1778 1552 et

90 1579 246 1642 ipsam
277 1575 556 1626 libertatem
586 1578 660 1626 rei
691 1575 933 1644 publicae,
971 1592 1063 1642 pro
1096 1593 1190 1642 qua
1231 1577 1441 1627 multum
1481 1577 1561 1626 ille
1603 1577 1775 1627 clama·

89 1657 240 1717 verat,
279 1650 461 1700 dicioni
498 1651 727 1716 propriae
767 1650 1067 1716 subiugaret.
1810 1661 1866 1702 20

719 1822 915 1877 CAPUT
948 1823 1143 1876 XXXI.

97 1947 244 2006 Quod
279 1946 583 2008 inpudenter
608 1948 905 2008 praesentia
942 1947 1255 1995 incommoda
1301 1947 1499 1996 Christo
1535 1948 1775 2009 inpatent,

158 2023 248 2082 qui
284 2021 402 2069 deos
441 2022 610 2069 colere
648 2033 747 2068 non
786 2021 1038 2079 sinuntur,
1078 2033 1191 2068 cum
1231 2024 1403 2070 tantae
1442 2022 1614 2070 clades
1654 2035 1709 2070 eo

431 2099 653 2156 tempore
692 2107 790 2154 qao
831 2094 1128 2143 colebantur
1168 2096 1442 2143 extiterint.

237 2209 366 2259 Deos
398 2225 515 2259 suos
540 2217 774 2260 accusent
798 2210 857 2260 de
883 2212 1031 2260 tantis
1063 2210 1218 2278 maliS,
1258 2212 1343 2276 qui
1368 2210 1563 2261 Christo
1604 2218 1774 2261 nostro
1807 2220 1862 2261 25

90 2285 270 2350 ingrati
310 2291 425 2333 sunt
466 2284 524 2334 de
566 2285 716 2333 tantis
755 2282 913 2349 honis,
991 2283 1134 2334 Certe
1176 2285 1371 2349 quaudo
1410 2284 1491 2334 illa
1529 2285 1654 2334 mala
1693 2286 1774 2334 fie-

87 2354 221 2424 bant,
261 2357 483 2407 calebant
529 2372 638 2408 arae
687 2359 946 2407 numinum
987 2357 1172 2407 Sabaeo
1227 2357 1373 2407 thure
1414 2359 1659 2423 sertisque
1699 2374 1774 2408 re-

91 2431 317 2481 centibus
364 2430 617 2498 halabant,
672 2430 923 2481 clarebant
969 2432 1266 2498 sacerdotia,
1312 2433 1422 2482 fana
1469 2432 1774 2499 renidebant,

91 2504 455 2555 sacrificabatur
492 2504 755 2554 ludebatur
793 2504 1051 2555 furebatur
1089 2508 1140 2555 in
1180 2505 1391 2572 templiS,
1432 2506 1626 2571 quando
1665 2521 1773 2571 pas-

91 2579 183 2627 sim
221 2585 388 2628 tantus
428 2580 608 2628 civium
647 2580 846 2644 sanguis
886 2594 914 2628 a
953 2579 1141 2630 civibus
1180 2594 1280 2628 non
1319 2579 1463 2628 modo
1502 2582 1554 2628 in
1594 2580 1773 2628 ceteris
1805 2587 1861 2628 30

89 2649 227 2718 lociS,
264 2668 437 2703 verum
467 2654 599 2702 inter
630 2654 735 2718 ipsa
768 2668 965 2718 quoque
1006 2653 1212 2703 deorum
1252 2652 1420 2702 altaria
1460 2652 1770 2702 fundebatur.

88 2723 197 2775 Non
237 2725 384 2790 elegit
422 2726 675 2794 templum,
716 2741 812 2791 quo
854 2727 1143 2792 confugeret
1182 2726 1395 2794 Tullius,
1436 2727 1547 2790 quia
1589 2726 1771 2775 frustra

206 2869 280 2923 28)
311 2867 450 2924 Verg.
482 2868 594 2912 Aen.
632 2874 670 2925 1,
702 2872 801 2912 416.
