<?xml version="1.0" encoding="UTF-8"?>
<!DOCTYPE html PUBLIC "-//W3C//DTD XHTML 1.0 Transitional//EN"
    "http://www.w3.org/TR/xhtml1/DTD/xhtml1-transitional.dtd">
<html xmlns="http://www.w3.org/1999/xhtml" xml:lang="en" lang="en">
 <head>
  <title>
</title>
<meta http-equiv="Content-Type" content="text/html;charset=utf-8" />
  <meta name='ocr-system' content='tesseract 3.04.00' />
  <meta name='ocr-capabilities' content='ocr_page ocr_carea ocr_par ocr_line ocrx_word'/>
</head>
<body>
  <div class='ocr_page' id='page_1' title='image "./decivitatedeilib01auguuoft_0182.png"; bbox 0 0 2020 3122; ppageno 0'>
   <div class='ocr_carea' id='block_1_1' title="bbox 116 1040 171 1080">
    <p class='ocr_par' dir='ltr' id='par_1_1' title="bbox 116 1040 171 1080">
     <span class='ocr_line' id='line_1_1' title="bbox 116 1040 171 1080; baseline 0.018 -1"><span class='ocrx_word' id='word_1_1' title='bbox 116 1040 171 1080; x_wconf 89' lang='lat'>10</span> 
     </span>
    </p>
   </div>
   <div class='ocr_carea' id='block_1_2' title="bbox 115 1436 171 1477">
    <p class='ocr_par' dir='ltr' id='par_1_2' title="bbox 115 1436 171 1477">
     <span class='ocr_line' id='line_1_2' title="bbox 115 1436 171 1477; baseline 0 0"><span class='ocrx_word' id='word_1_2' title='bbox 115 1436 171 1477; x_wconf 83' lang='lat'>15</span> 
     </span>
    </p>
   </div>
   <div class='ocr_carea' id='block_1_3' title="bbox 113 1805 172 1845">
    <p class='ocr_par' dir='ltr' id='par_1_3' title="bbox 113 1805 172 1845">
     <span class='ocr_line' id='line_1_3' title="bbox 113 1805 172 1845; baseline 0.017 -1"><span class='ocrx_word' id='word_1_3' title='bbox 113 1805 172 1845; x_wconf 81' lang='lat'>20</span> 
     </span>
    </p>
   </div>
   <div class='ocr_carea' id='block_1_4' title="bbox 115 2171 172 2212">
    <p class='ocr_par' dir='ltr' id='par_1_4' title="bbox 115 2171 172 2212">
     <span class='ocr_line' id='line_1_4' title="bbox 115 2171 172 2212; baseline 0 0"><span class='ocrx_word' id='word_1_4' title='bbox 115 2171 172 2212; x_wconf 81' lang='lat'>25</span> 
     </span>
    </p>
   </div>
   <div class='ocr_carea' id='block_1_5' title="bbox 112 2540 173 2582">
    <p class='ocr_par' dir='ltr' id='par_1_5' title="bbox 112 2540 173 2582">
     <span class='ocr_line' id='line_1_5' title="bbox 112 2540 173 2582; baseline 0.016 -1"><span class='ocrx_word' id='word_1_5' title='bbox 112 2540 173 2582; x_wconf 85' lang='lat'>30</span> 
     </span>
    </p>
   </div>
   <div class='ocr_carea' id='block_1_6' title="bbox 210 138 1211 191">
    <p class='ocr_par' dir='ltr' id='par_1_6' title="bbox 210 138 1211 191">
     <span class='ocr_line' id='line_1_6' title="bbox 210 138 1211 191; baseline -0.011 0"><span class='ocrx_word' id='word_1_6' title='bbox 210 138 317 191; x_wconf 83' lang='lat'>170</span> <span class='ocrx_word' id='word_1_7' title='bbox 878 147 913 180; x_wconf 80' lang='lat' dir='ltr'>s,</span> <span class='ocrx_word' id='word_1_8' title='bbox 937 147 1211 183; x_wconf 70' lang='lat' dir='ltr'>Aucus&#39;rm</span> 
     </span>
    </p>
   </div>
   <div class='ocr_carea' id='block_1_7' title="bbox 203 260 1890 755">
    <p class='ocr_par' dir='ltr' id='par_1_7' title="bbox 203 260 1890 755">
     <span class='ocr_line' id='line_1_7' title="bbox 204 260 1888 327; baseline -0.002 -14"><span class='ocrx_word' id='word_1_9' title='bbox 204 278 319 313; x_wconf 89' lang='lat' dir='ltr'>vera</span> <span class='ocrx_word' id='word_1_10' title='bbox 372 265 532 312; x_wconf 87' lang='lat' dir='ltr'>inerat</span> <span class='ocrx_word' id='word_1_11' title='bbox 586 260 855 327; x_wconf 80' lang='lat' dir='ltr'>fortitude,</span> <span class='ocrx_word' id='word_1_12' title='bbox 918 261 1049 310; x_wconf 90' lang='lat' dir='ltr'>unde</span> <span class='ocrx_word' id='word_1_13' title='bbox 1101 260 1246 310; x_wconf 91' lang='lat' dir='ltr'>modo</span> <span class='ocrx_word' id='word_1_14' title='bbox 1301 275 1401 310; x_wconf 90' lang='lat' dir='ltr'>non</span> <span class='ocrx_word' id='word_1_15' title='bbox 1456 261 1630 326; x_wconf 87' lang='lat' dir='ltr'>agitur.</span> <span class='ocrx_word' id='word_1_16' title='bbox 1724 261 1888 320; x_wconf 83' lang='lat' dir='ltr'><strong>Quare</strong></span> 
     </span>
     <span class='ocr_line' id='line_1_8' title="bbox 203 333 1889 402; baseline 0 -16"><span class='ocrx_word' id='word_1_17' title='bbox 203 336 480 402; x_wconf 84' lang='lat' dir='ltr'>prudentia,</span> <span class='ocrx_word' id='word_1_18' title='bbox 521 350 672 400; x_wconf 87' lang='lat' dir='ltr'>quare</span> <span class='ocrx_word' id='word_1_19' title='bbox 707 335 943 399; x_wconf 83' lang='lat' dir='ltr'>sapientia</span> <span class='ocrx_word' id='word_1_20' title='bbox 969 334 1101 384; x_wconf 85' lang='lat' dir='ltr'>nulla</span> <span class='ocrx_word' id='word_1_21' title='bbox 1125 336 1383 384; x_wconf 88' lang='lat' dir='ltr'>numinum</span> <span class='ocrx_word' id='word_1_22' title='bbox 1417 333 1524 383; x_wconf 91' lang='lat' dir='ltr'>loca</span> <span class='ocrx_word' id='word_1_23' title='bbox 1563 333 1889 386; x_wconf 77' lang='lat' dir='ltr'>meruerunt?</span> 
     </span>
     <span class='ocr_line' id='line_1_9' title="bbox 204 407 1888 475; baseline -0.001 -16"><span class='ocrx_word' id='word_1_24' title='bbox 204 411 278 459; x_wconf 88' lang='lat' dir='ltr'>An</span> <span class='ocrx_word' id='word_1_25' title='bbox 319 412 433 475; x_wconf 89' lang='lat' dir='ltr'>quia</span> <span class='ocrx_word' id='word_1_26' title='bbox 471 411 522 458; x_wconf 89' lang='lat' dir='ltr'>in</span> <span class='ocrx_word' id='word_1_27' title='bbox 568 410 765 458; x_wconf 90' lang='lat' dir='ltr'>nomine</span> <span class='ocrx_word' id='word_1_28' title='bbox 813 408 1029 473; x_wconf 87' lang='lat' dir='ltr'>generali</span> <span class='ocrx_word' id='word_1_29' title='bbox 1076 409 1231 474; x_wconf 91' lang='lat' dir='ltr'>ipsius</span> <span class='ocrx_word' id='word_1_30' title='bbox 1270 409 1467 457; x_wconf 86' lang='lat' dir='ltr'>virtutis</span> <span class='ocrx_word' id='word_1_31' title='bbox 1507 422 1678 457; x_wconf 88' lang='lat' dir='ltr'>omnes</span> <span class='ocrx_word' id='word_1_32' title='bbox 1718 407 1888 459; x_wconf 88' lang='lat' dir='ltr'>colun-</span> 
     </span>
     <span class='ocr_line' id='line_1_10' title="bbox 204 481 1887 548; baseline -0.001 -15"><span class='ocrx_word' id='word_1_33' title='bbox 204 481 323 534; x_wconf 77' lang='lat' dir='ltr'>tur?</span> <span class='ocrx_word' id='word_1_34' title='bbox 387 483 467 532; x_wconf 91' lang='lat' dir='ltr'>Sic</span> <span class='ocrx_word' id='word_1_35' title='bbox 522 498 639 547; x_wconf 88' lang='lat' dir='ltr'>ergo</span> <span class='ocrx_word' id='word_1_36' title='bbox 694 490 863 548; x_wconf 81' lang='lat' dir='ltr'>posset</span> <span class='ocrx_word' id='word_1_37' title='bbox 909 489 958 532; x_wconf 87' lang='lat' dir='ltr'>et</span> <span class='ocrx_word' id='word_1_38' title='bbox 1004 498 1134 532; x_wconf 88' lang='lat' dir='ltr'>unus</span> <span class='ocrx_word' id='word_1_39' title='bbox 1173 482 1305 531; x_wconf 90' lang='lat' dir='ltr'>Deus</span> <span class='ocrx_word' id='word_1_40' title='bbox 1353 481 1473 548; x_wconf 86' lang='lat' dir='ltr'>coli,</span> <span class='ocrx_word' id='word_1_41' title='bbox 1527 483 1670 531; x_wconf 86' lang='lat' dir='ltr'>cuius</span> <span class='ocrx_word' id='word_1_42' title='bbox 1720 488 1887 546; x_wconf 87' lang='lat' dir='ltr'>partes</span> 
     </span>
     <span class='ocr_line' id='line_1_11' title="bbox 206 555 1888 622; baseline -0.001 -15"><span class='ocrx_word' id='word_1_43' title='bbox 206 559 360 607; x_wconf 89' lang='lat' dir='ltr'>ceteri</span> <span class='ocrx_word' id='word_1_44' title='bbox 400 557 466 606; x_wconf 90' lang='lat' dir='ltr'>dii</span> <span class='ocrx_word' id='word_1_45' title='bbox 504 563 756 622; x_wconf 89' lang='lat' dir='ltr'>putantur.</span> <span class='ocrx_word' id='word_1_46' title='bbox 836 556 932 605; x_wconf 89' lang='lat' dir='ltr'>Sed</span> <span class='ocrx_word' id='word_1_47' title='bbox 980 558 1032 605; x_wconf 92' lang='lat' dir='ltr'>in</span> <span class='ocrx_word' id='word_1_48' title='bbox 1077 555 1159 605; x_wconf 91' lang='lat' dir='ltr'>illa</span> <span class='ocrx_word' id='word_1_49' title='bbox 1207 571 1304 605; x_wconf 89' lang='lat' dir='ltr'>una</span> <span class='ocrx_word' id='word_1_50' title='bbox 1342 557 1522 604; x_wconf 86' lang='lat' dir='ltr'>virtute</span> <span class='ocrx_word' id='word_1_51' title='bbox 1564 562 1613 604; x_wconf 89' lang='lat' dir='ltr'>et</span> <span class='ocrx_word' id='word_1_52' title='bbox 1651 555 1772 604; x_wconf 87' lang='lat' dir='ltr'>fides</span> <span class='ocrx_word' id='word_1_53' title='bbox 1812 563 1888 606; x_wconf 87' lang='lat' dir='ltr'>est</span> 
     </span>
     <span class='ocr_line' id='line_1_12' title="bbox 204 625 1890 698; baseline -0.002 -17"><span class='ocrx_word' id='word_1_54' title='bbox 204 638 254 681; x_wconf 90' lang='lat' dir='ltr'>et</span> <span class='ocrx_word' id='word_1_55' title='bbox 291 625 549 698; x_wconf 53' lang='lat' dir='ltr'>pudicitia}</span> <span class='ocrx_word' id='word_1_56' title='bbox 590 645 715 695; x_wconf 88' lang='lat' dir='ltr'>quae</span> <span class='ocrx_word' id='word_1_57' title='bbox 752 637 918 680; x_wconf 89' lang='lat' dir='ltr'>tamen</span> <span class='ocrx_word' id='word_1_58' title='bbox 957 637 1096 678; x_wconf 86' lang='lat' dir='ltr'>extra</span> <span class='ocrx_word' id='word_1_59' title='bbox 1133 631 1185 678; x_wconf 92' lang='lat' dir='ltr'>in</span> <span class='ocrx_word' id='word_1_60' title='bbox 1225 628 1429 678; x_wconf 87' lang='lat' dir='ltr'>aedibus</span> <span class='ocrx_word' id='word_1_61' title='bbox 1467 630 1681 694; x_wconf 88' lang='lat' dir='ltr'>propriis</span> <span class='ocrx_word' id='word_1_62' title='bbox 1721 629 1890 678; x_wconf 87' lang='lat' dir='ltr'>altaria</span> 
     </span>
     <span class='ocr_line' id='line_1_13' title="bbox 203 712 509 755; baseline 0 -1"><span class='ocrx_word' id='word_1_63' title='bbox 203 712 509 755; x_wconf 89' lang='lat' dir='ltr'>meruerunt.</span> 
     </span>
    </p>
   </div>
   <div class='ocr_carea' id='block_1_8' title="bbox 863 846 1229 901">
    <p class='ocr_par' dir='ltr' id='par_1_8' title="bbox 863 846 1229 901">
     <span class='ocr_line' id='line_1_14' title="bbox 863 846 1229 901; baseline -0.005 0"><span class='ocrx_word' id='word_1_64' title='bbox 863 846 1053 901; x_wconf 79' lang='lat' dir='ltr'><strong><em>CAPUT</em></strong></span> <span class='ocrx_word' id='word_1_65' title='bbox 1085 846 1229 899; x_wconf 91' lang='lat' dir='ltr'>XXI.</span> 
     </span>
    </p>
   </div>
   <div class='ocr_carea' id='block_1_9' title="bbox 246 952 1854 1078">
    <p class='ocr_par' dir='ltr' id='par_1_9' title="bbox 246 952 1854 1078">
     <span class='ocr_line' id='line_1_15' title="bbox 246 952 1854 1016; baseline -0.001 -11"><span class='ocrx_word' id='word_1_66' title='bbox 246 957 393 1016; x_wconf 78' lang='lat' dir='ltr'>Quod</span> <span class='ocrx_word' id='word_1_67' title='bbox 426 970 582 1004; x_wconf 82' lang='lat' dir='ltr'>unum</span> <span class='ocrx_word' id='word_1_68' title='bbox 619 969 720 1005; x_wconf 91' lang='lat' dir='ltr'>non</span> <span class='ocrx_word' id='word_1_69' title='bbox 759 957 1100 1014; x_wconf 70' lang='lat' dir='ltr'>intelleyentes</span> <span class='ocrx_word' id='word_1_70' title='bbox 1139 954 1299 1004; x_wconf 85' lang='lat' dir='ltr'>Deum</span> <span class='ocrx_word' id='word_1_71' title='bbox 1351 952 1546 1003; x_wconf 80' lang='lat' dir='ltr'><em>Virtute</em></span> <span class='ocrx_word' id='word_1_72' title='bbox 1588 956 1764 1003; x_wconf 84' lang='lat' dir='ltr'>saltem</span> <span class='ocrx_word' id='word_1_73' title='bbox 1802 959 1854 1004; x_wconf 81' lang='lat' dir='ltr'>et</span> 
     </span>
     <span class='ocr_line' id='line_1_16' title="bbox 552 1029 1541 1078; baseline -0.002 0"><span class='ocrx_word' id='word_1_74' title='bbox 552 1029 818 1078; x_wconf 75' lang='lat' dir='ltr'><em>Felicitate</em></span> <span class='ocrx_word' id='word_1_75' title='bbox 857 1029 1127 1078; x_wconf 80' lang='lat' dir='ltr'><em>debuerint</em></span> <span class='ocrx_word' id='word_1_76' title='bbox 1163 1042 1270 1077; x_wconf 80' lang='lat' dir='ltr'>esse</span> <span class='ocrx_word' id='word_1_77' title='bbox 1308 1029 1541 1077; x_wconf 77' lang='lat' dir='ltr'><em>contenti.</em></span> 
     </span>
    </p>
   </div>
   <div class='ocr_carea' id='block_1_10' title="bbox 202 1129 1893 2596">
    <p class='ocr_par' dir='ltr' id='par_1_10' title="bbox 202 1129 1893 2596">
     <span class='ocr_line' id='line_1_17' title="bbox 349 1129 1888 1196; baseline -0.001 -15"><span class='ocrx_word' id='word_1_78' title='bbox 349 1132 446 1181; x_wconf 88' lang='lat' dir='ltr'>Has</span> <span class='ocrx_word' id='word_1_79' title='bbox 487 1133 602 1181; x_wconf 88' lang='lat' dir='ltr'>deas</span> <span class='ocrx_word' id='word_1_80' title='bbox 641 1147 741 1180; x_wconf 91' lang='lat' dir='ltr'>non</span> <span class='ocrx_word' id='word_1_81' title='bbox 779 1132 990 1196; x_wconf 86' lang='lat' dir='ltr'>veritas,</span> <span class='ocrx_word' id='word_1_82' title='bbox 1043 1130 1128 1179; x_wconf 88' lang='lat' dir='ltr'>sed</span> <span class='ocrx_word' id='word_1_83' title='bbox 1169 1131 1356 1179; x_wconf 83' lang='lat' dir='ltr'>vanitas</span> <span class='ocrx_word' id='word_1_84' title='bbox 1388 1130 1532 1196; x_wconf 80' lang='lat' dir='ltr'>facit3</span> <span class='ocrx_word' id='word_1_85' title='bbox 1584 1129 1704 1180; x_wconf 89' lang='lat' dir='ltr'>haec</span> <span class='ocrx_word' id='word_1_86' title='bbox 1754 1131 1888 1180; x_wconf 90' lang='lat' dir='ltr'>enim</span> 
     </span>
     <span class='ocr_line' id='line_1_18' title="bbox 202 1202 1887 1271; baseline -0.001 -15"><span class='ocrx_word' id='word_1_87' title='bbox 202 1209 306 1256; x_wconf 87' lang='lat' dir='ltr'>veri</span> <span class='ocrx_word' id='word_1_88' title='bbox 330 1206 418 1256; x_wconf 90' lang='lat' dir='ltr'>Dei</span> <span class='ocrx_word' id='word_1_89' title='bbox 450 1221 655 1255; x_wconf 89' lang='lat' dir='ltr'>munera</span> <span class='ocrx_word' id='word_1_90' title='bbox 687 1211 818 1271; x_wconf 80' lang='lat' dir='ltr'>sunt,</span> <span class='ocrx_word' id='word_1_91' title='bbox 856 1219 956 1253; x_wconf 91' lang='lat' dir='ltr'>non</span> <span class='ocrx_word' id='word_1_92' title='bbox 980 1207 1114 1270; x_wconf 83' lang='lat' dir='ltr'>ipsae</span> <span class='ocrx_word' id='word_1_93' title='bbox 1155 1210 1272 1252; x_wconf 91' lang='lat' dir='ltr'>sunt</span> <span class='ocrx_word' id='word_1_94' title='bbox 1312 1202 1446 1253; x_wconf 87' lang='lat' dir='ltr'>deae.</span> <span class='ocrx_word' id='word_1_95' title='bbox 1501 1203 1684 1253; x_wconf 89' lang='lat' dir='ltr'>Verum</span> <span class='ocrx_word' id='word_1_96' title='bbox 1722 1211 1887 1254; x_wconf 88' lang='lat' dir='ltr'>tamen</span> 
     </span>
     <span class='ocr_line' id='line_1_19' title="bbox 203 1275 1890 1345; baseline -0.002 -15"><span class='ocrx_word' id='word_1_97' title='bbox 203 1280 288 1330; x_wconf 87' lang='lat' dir='ltr'>ubi</span> <span class='ocrx_word' id='word_1_98' title='bbox 328 1287 404 1329; x_wconf 87' lang='lat' dir='ltr'>est</span> <span class='ocrx_word' id='word_1_99' title='bbox 443 1282 599 1328; x_wconf 89' lang='lat' dir='ltr'>virtus</span> <span class='ocrx_word' id='word_1_100' title='bbox 639 1285 689 1328; x_wconf 90' lang='lat' dir='ltr'>et</span> <span class='ocrx_word' id='word_1_101' title='bbox 727 1278 950 1345; x_wconf 61' lang='lat' dir='ltr'>solicitam,</span> <span class='ocrx_word' id='word_1_102' title='bbox 990 1277 1107 1342; x_wconf 88' lang='lat' dir='ltr'>quid</span> <span class='ocrx_word' id='word_1_103' title='bbox 1148 1277 1277 1326; x_wconf 89' lang='lat' dir='ltr'>aliud</span> <span class='ocrx_word' id='word_1_104' title='bbox 1318 1275 1612 1341; x_wconf 74' lang='lat' dir='ltr'>quaeritur?</span> <span class='ocrx_word' id='word_1_105' title='bbox 1674 1277 1802 1336; x_wconf 81' lang='lat' dir='ltr'>Quid</span> <span class='ocrx_word' id='word_1_106' title='bbox 1843 1279 1890 1328; x_wconf 85' lang='lat' dir='ltr'>ei</span> 
     </span>
     <span class='ocr_line' id='line_1_20' title="bbox 207 1347 1887 1420; baseline -0.001 -17"><span class='ocrx_word' id='word_1_107' title='bbox 207 1354 403 1420; x_wconf 81' lang='lat' dir='ltr'>sufficit,</span> <span class='ocrx_word' id='word_1_108' title='bbox 445 1355 525 1402; x_wconf 88' lang='lat' dir='ltr'>cui</span> <span class='ocrx_word' id='word_1_109' title='bbox 555 1354 713 1402; x_wconf 86' lang='lat' dir='ltr'>virtus</span> <span class='ocrx_word' id='word_1_110' title='bbox 746 1351 1052 1416; x_wconf 81' lang='lat' dir='ltr'>felicitasque</span> <span class='ocrx_word' id='word_1_111' title='bbox 1092 1366 1191 1400; x_wconf 89' lang='lat' dir='ltr'>non</span> <span class='ocrx_word' id='word_1_112' title='bbox 1232 1347 1451 1400; x_wconf 74' lang='lat' dir='ltr'>sufficit?</span> <span class='ocrx_word' id='word_1_113' title='bbox 1491 1350 1666 1400; x_wconf 89' lang='lat' dir='ltr'>Omnia</span> <span class='ocrx_word' id='word_1_114' title='bbox 1704 1353 1887 1417; x_wconf 80' lang='lat' dir='ltr'>quippe</span> 
     </span>
     <span class='ocr_line' id='line_1_21' title="bbox 204 1424 1890 1492; baseline -0.002 -15"><span class='ocrx_word' id='word_1_115' title='bbox 204 1427 390 1492; x_wconf 85' lang='lat' dir='ltr'>agenda</span> <span class='ocrx_word' id='word_1_116' title='bbox 429 1426 773 1491; x_wconf 79' lang='lat' dir='ltr'>complectitur</span> <span class='ocrx_word' id='word_1_117' title='bbox 822 1427 979 1475; x_wconf 87' lang='lat' dir='ltr'>virtus</span> <span class='ocrx_word' id='word_1_118' title='bbox 992 1465 1005 1491; x_wconf 87' lang='lat'><em>‚</em></span> <span class='ocrx_word' id='word_1_119' title='bbox 1056 1427 1218 1473; x_wconf 89' lang='lat' dir='ltr'>omnia</span> <span class='ocrx_word' id='word_1_120' title='bbox 1269 1424 1479 1489; x_wconf 91' lang='lat' dir='ltr'>optanda</span> <span class='ocrx_word' id='word_1_121' title='bbox 1534 1424 1756 1474; x_wconf 80' lang='lat' dir='ltr'>felicitas,</span> <span class='ocrx_word' id='word_1_122' title='bbox 1836 1425 1890 1474; x_wconf 91' lang='lat' dir='ltr'>Si</span> 
     </span>
     <span class='ocr_line' id='line_1_22' title="bbox 205 1497 1890 1567; baseline -0.002 -16"><span class='ocrx_word' id='word_1_123' title='bbox 205 1502 447 1567; x_wconf 88' lang='lat' dir='ltr'>Iuppiter,</span> <span class='ocrx_word' id='word_1_124' title='bbox 495 1507 551 1549; x_wconf 89' lang='lat' dir='ltr'>ut</span> <span class='ocrx_word' id='word_1_125' title='bbox 596 1499 717 1548; x_wconf 87' lang='lat' dir='ltr'>haec</span> <span class='ocrx_word' id='word_1_126' title='bbox 758 1499 918 1565; x_wconf 85' lang='lat' dir='ltr'>daret,</span> <span class='ocrx_word' id='word_1_127' title='bbox 969 1498 1079 1548; x_wconf 89' lang='lat' dir='ltr'>ideo</span> <span class='ocrx_word' id='word_1_128' title='bbox 1121 1497 1397 1564; x_wconf 78' lang='lat' dir='ltr'>colebatur,</span> <span class='ocrx_word' id='word_1_129' title='bbox 1445 1500 1582 1565; x_wconf 79' lang='lat' dir='ltr'>quia,</span> <span class='ocrx_word' id='word_1_130' title='bbox 1622 1501 1665 1548; x_wconf 92' lang='lat' dir='ltr'>si</span> <span class='ocrx_word' id='word_1_131' title='bbox 1702 1498 1890 1549; x_wconf 89' lang='lat' dir='ltr'>bonum</span> 
     </span>
     <span class='ocr_line' id='line_1_23' title="bbox 204 1572 1890 1640; baseline -0.001 -17"><span class='ocrx_word' id='word_1_132' title='bbox 204 1574 386 1640; x_wconf 87' lang='lat' dir='ltr'>aliquid</span> <span class='ocrx_word' id='word_1_133' title='bbox 435 1579 510 1622; x_wconf 90' lang='lat' dir='ltr'>est</span> <span class='ocrx_word' id='word_1_134' title='bbox 536 1573 760 1622; x_wconf 53' lang='lat' dir='ltr'>&gt;latitudo</span> <span class='ocrx_word' id='word_1_135' title='bbox 809 1574 949 1637; x_wconf 85' lang='lat' dir='ltr'>regni</span> <span class='ocrx_word' id='word_1_136' title='bbox 1004 1579 1150 1636; x_wconf 87' lang='lat' dir='ltr'>atque</span> <span class='ocrx_word' id='word_1_137' title='bbox 1199 1572 1519 1639; x_wconf 81' lang='lat' dir='ltr'>diuturnitas,</span> <span class='ocrx_word' id='word_1_138' title='bbox 1571 1572 1631 1621; x_wconf 90' lang='lat' dir='ltr'>ad</span> <span class='ocrx_word' id='word_1_139' title='bbox 1683 1572 1890 1622; x_wconf 88' lang='lat' dir='ltr'>eandem</span> 
     </span>
     <span class='ocr_line' id='line_1_24' title="bbox 202 1645 1890 1715; baseline -0.001 -18"><span class='ocrx_word' id='word_1_140' title='bbox 202 1650 419 1715; x_wconf 83' lang='lat' dir='ltr'>pertinet</span> <span class='ocrx_word' id='word_1_141' title='bbox 474 1647 779 1696; x_wconf 85' lang='lat' dir='ltr'>felicitatem:</span> <span class='ocrx_word' id='word_1_142' title='bbox 840 1661 931 1695; x_wconf 91' lang='lat' dir='ltr'>cur</span> <span class='ocrx_word' id='word_1_143' title='bbox 985 1661 1084 1695; x_wconf 89' lang='lat' dir='ltr'>non</span> <span class='ocrx_word' id='word_1_144' title='bbox 1138 1645 1446 1695; x_wconf 87' lang='lat' dir='ltr'>intellectum</span> <span class='ocrx_word' id='word_1_145' title='bbox 1501 1653 1576 1695; x_wconf 91' lang='lat' dir='ltr'>est</span> <span class='ocrx_word' id='word_1_146' title='bbox 1626 1645 1754 1695; x_wconf 90' lang='lat' dir='ltr'>dona</span> <span class='ocrx_word' id='word_1_147' title='bbox 1799 1646 1890 1696; x_wconf 89' lang='lat' dir='ltr'>Dei</span> 
     </span>
     <span class='ocr_line' id='line_1_25' title="bbox 202 1717 1893 1785; baseline -0.001 -13"><span class='ocrx_word' id='word_1_148' title='bbox 202 1737 312 1772; x_wconf 89' lang='lat' dir='ltr'>esse</span> <span class='ocrx_word' id='word_1_149' title='bbox 347 1736 493 1785; x_wconf 88' lang='lat' dir='ltr'>quam</span> <span class='ocrx_word' id='word_1_150' title='bbox 525 1717 677 1770; x_wconf 80' lang='lat' dir='ltr'>deas‘?</span> <span class='ocrx_word' id='word_1_151' title='bbox 725 1719 777 1769; x_wconf 91' lang='lat' dir='ltr'>Si</span> <span class='ocrx_word' id='word_1_152' title='bbox 816 1726 977 1769; x_wconf 90' lang='lat' dir='ltr'>autem</span> <span class='ocrx_word' id='word_1_153' title='bbox 1019 1726 1216 1784; x_wconf 86' lang='lat' dir='ltr'>putatae</span> <span class='ocrx_word' id='word_1_154' title='bbox 1257 1726 1374 1769; x_wconf 88' lang='lat' dir='ltr'>sunt</span> <span class='ocrx_word' id='word_1_155' title='bbox 1413 1719 1547 1785; x_wconf 81' lang='lat' dir='ltr'>deae,</span> <span class='ocrx_word' id='word_1_156' title='bbox 1587 1719 1760 1769; x_wconf 88' lang='lat' dir='ltr'>saltem</span> <span class='ocrx_word' id='word_1_157' title='bbox 1799 1719 1893 1770; x_wconf 84' lang='lat' dir='ltr'>alia</span> 
     </span>
     <span class='ocr_line' id='line_1_26' title="bbox 203 1791 1891 1858; baseline -0.002 -13"><span class='ocrx_word' id='word_1_158' title='bbox 203 1803 336 1846; x_wconf 89' lang='lat' dir='ltr'>tanta</span> <span class='ocrx_word' id='word_1_159' title='bbox 375 1794 582 1843; x_wconf 91' lang='lat' dir='ltr'>deorum</span> <span class='ocrx_word' id='word_1_160' title='bbox 628 1793 774 1843; x_wconf 86' lang='lat' dir='ltr'>turha</span> <span class='ocrx_word' id='word_1_161' title='bbox 821 1809 918 1843; x_wconf 91' lang='lat' dir='ltr'>non</span> <span class='ocrx_word' id='word_1_162' title='bbox 966 1800 1305 1858; x_wconf 84' lang='lat' dir='ltr'>quaereretur.</span> <span class='ocrx_word' id='word_1_163' title='bbox 1383 1791 1719 1842; x_wconf 87' lang='lat' dir='ltr'>Consideratis</span> <span class='ocrx_word' id='word_1_164' title='bbox 1759 1791 1891 1842; x_wconf 89' lang='lat' dir='ltr'>enim</span> 
     </span>
     <span class='ocr_line' id='line_1_27' title="bbox 204 1865 1890 1933; baseline -0.001 -15"><span class='ocrx_word' id='word_1_165' title='bbox 204 1871 379 1919; x_wconf 80' lang='lat' dir='ltr'>officiis</span> <span class='ocrx_word' id='word_1_166' title='bbox 418 1868 626 1917; x_wconf 88' lang='lat' dir='ltr'>deorum</span> <span class='ocrx_word' id='word_1_167' title='bbox 664 1867 966 1932; x_wconf 88' lang='lat' dir='ltr'>dearumque</span> <span class='ocrx_word' id='word_1_168' title='bbox 1007 1869 1252 1933; x_wconf 86' lang='lat' dir='ltr'>omnium,</span> <span class='ocrx_word' id='word_1_169' title='bbox 1292 1881 1416 1931; x_wconf 89' lang='lat' dir='ltr'>quae</span> <span class='ocrx_word' id='word_1_170' title='bbox 1457 1868 1587 1916; x_wconf 88' lang='lat' dir='ltr'>sicut</span> <span class='ocrx_word' id='word_1_171' title='bbox 1625 1865 1890 1917; x_wconf 87' lang='lat' dir='ltr'>voluerunt</span> 
     </span>
     <span class='ocr_line' id='line_1_28' title="bbox 203 1939 1888 2009; baseline -0.001 -18"><span class='ocrx_word' id='word_1_172' title='bbox 203 1959 294 2009; x_wconf 88' lang='lat' dir='ltr'>pro</span> <span class='ocrx_word' id='word_1_173' title='bbox 335 1957 423 1991; x_wconf 92' lang='lat' dir='ltr'>sua</span> <span class='ocrx_word' id='word_1_174' title='bbox 454 1943 734 2006; x_wconf 88' lang='lat' dir='ltr'>opinatione</span> <span class='ocrx_word' id='word_1_175' title='bbox 766 1942 1032 2007; x_wconf 83' lang='lat' dir='ltr'>finxerunt,</span> <span class='ocrx_word' id='word_1_176' title='bbox 1071 1942 1322 1989; x_wconf 87' lang='lat' dir='ltr'>inveniant</span> <span class='ocrx_word' id='word_1_177' title='bbox 1361 1942 1403 1989; x_wconf 85' lang='lat' dir='ltr'>si</span> <span class='ocrx_word' id='word_1_178' title='bbox 1441 1945 1651 2005; x_wconf 87' lang='lat' dir='ltr'>possunt</span> <span class='ocrx_word' id='word_1_179' title='bbox 1690 1939 1888 2005; x_wconf 87' lang='lat' dir='ltr'>aliquid,</span> 
     </span>
     <span class='ocr_line' id='line_1_29' title="bbox 205 2012 1888 2081; baseline -0.002 -16"><span class='ocrx_word' id='word_1_180' title='bbox 205 2016 336 2081; x_wconf 88' lang='lat' dir='ltr'>quod</span> <span class='ocrx_word' id='word_1_181' title='bbox 382 2017 622 2080; x_wconf 84' lang='lat' dir='ltr'>praestari</span> <span class='ocrx_word' id='word_1_182' title='bbox 671 2014 729 2063; x_wconf 92' lang='lat' dir='ltr'>ab</span> <span class='ocrx_word' id='word_1_183' title='bbox 777 2014 939 2079; x_wconf 88' lang='lat' dir='ltr'>aliquo</span> <span class='ocrx_word' id='word_1_184' title='bbox 992 2014 1082 2063; x_wconf 88' lang='lat' dir='ltr'>deo</span> <span class='ocrx_word' id='word_1_185' title='bbox 1131 2016 1290 2078; x_wconf 87' lang='lat' dir='ltr'>possit</span> <span class='ocrx_word' id='word_1_186' title='bbox 1327 2013 1515 2063; x_wconf 89' lang='lat' dir='ltr'>homini</span> <span class='ocrx_word' id='word_1_187' title='bbox 1554 2012 1755 2063; x_wconf 88' lang='lat' dir='ltr'>habenti</span> <span class='ocrx_word' id='word_1_188' title='bbox 1792 2015 1888 2063; x_wconf 84' lang='lat' dir='ltr'>vir-</span> 
     </span>
     <span class='ocr_line' id='line_1_30' title="bbox 204 2086 1888 2155; baseline -0.002 -16"><span class='ocrx_word' id='word_1_189' title='bbox 204 2096 376 2155; x_wconf 85' lang='lat' dir='ltr'>tutem,</span> <span class='ocrx_word' id='word_1_190' title='bbox 415 2087 615 2138; x_wconf 88' lang='lat' dir='ltr'>habenti</span> <span class='ocrx_word' id='word_1_191' title='bbox 646 2088 944 2138; x_wconf 89' lang='lat' dir='ltr'>felicitatem.</span> <span class='ocrx_word' id='word_1_192' title='bbox 1024 2087 1150 2146; x_wconf 87' lang='lat' dir='ltr'>Quid</span> <span class='ocrx_word' id='word_1_193' title='bbox 1183 2088 1436 2137; x_wconf 88' lang='lat' dir='ltr'>doctrinae</span> <span class='ocrx_word' id='word_1_194' title='bbox 1476 2086 1552 2136; x_wconf 84' lang='lat' dir='ltr'>vel</span> <span class='ocrx_word' id='word_1_195' title='bbox 1591 2102 1619 2136; x_wconf 88' lang='lat' dir='ltr'>a</span> <span class='ocrx_word' id='word_1_196' title='bbox 1641 2086 1888 2136; x_wconf 87' lang='lat' dir='ltr'>Mercurio</span> 
     </span>
     <span class='ocr_line' id='line_1_31' title="bbox 204 2161 1888 2227; baseline -0.001 -16"><span class='ocrx_word' id='word_1_197' title='bbox 204 2163 280 2212; x_wconf 91' lang='lat' dir='ltr'>vel</span> <span class='ocrx_word' id='word_1_198' title='bbox 320 2178 346 2211; x_wconf 91' lang='lat' dir='ltr'>a</span> <span class='ocrx_word' id='word_1_199' title='bbox 383 2161 601 2211; x_wconf 87' lang='lat' dir='ltr'>Minerva</span> <span class='ocrx_word' id='word_1_200' title='bbox 646 2161 915 2226; x_wconf 86' lang='lat' dir='ltr'>petendum</span> <span class='ocrx_word' id='word_1_201' title='bbox 964 2169 1116 2227; x_wconf 88' lang='lat' dir='ltr'>esset,</span> <span class='ocrx_word' id='word_1_202' title='bbox 1167 2176 1283 2210; x_wconf 91' lang='lat' dir='ltr'>cum</span> <span class='ocrx_word' id='word_1_203' title='bbox 1319 2163 1477 2211; x_wconf 89' lang='lat' dir='ltr'>virtus</span> <span class='ocrx_word' id='word_1_204' title='bbox 1517 2162 1680 2209; x_wconf 90' lang='lat' dir='ltr'>omnia</span> <span class='ocrx_word' id='word_1_205' title='bbox 1718 2175 1888 2210; x_wconf 89' lang='lat' dir='ltr'>secum</span> 
     </span>
     <span class='ocr_line' id='line_1_32' title="bbox 204 2233 1890 2300; baseline -0.002 -15"><span class='ocrx_word' id='word_1_206' title='bbox 204 2233 444 2285; x_wconf 79' lang='lat' dir='ltr'>haberet?</span> <span class='ocrx_word' id='word_1_207' title='bbox 497 2235 589 2284; x_wconf 87' lang='lat' dir='ltr'>Ars</span> <span class='ocrx_word' id='word_1_208' title='bbox 630 2237 811 2300; x_wconf 90' lang='lat' dir='ltr'>quippe</span> <span class='ocrx_word' id='word_1_209' title='bbox 849 2237 955 2300; x_wconf 92' lang='lat' dir='ltr'>ipsa</span> <span class='ocrx_word' id='word_1_210' title='bbox 993 2234 1119 2284; x_wconf 90' lang='lat' dir='ltr'>bene</span> <span class='ocrx_word' id='word_1_211' title='bbox 1158 2242 1394 2299; x_wconf 90' lang='lat' dir='ltr'>recteque</span> <span class='ocrx_word' id='word_1_212' title='bbox 1433 2233 1627 2283; x_wconf 86' lang='lat' dir='ltr'>vivendi</span> <span class='ocrx_word' id='word_1_213' title='bbox 1663 2235 1823 2283; x_wconf 87' lang='lat' dir='ltr'>virtus</span> <span class='ocrx_word' id='word_1_214' title='bbox 1863 2248 1890 2283; x_wconf 88' lang='lat' dir='ltr'>a</span> 
     </span>
     <span class='ocr_line' id='line_1_33' title="bbox 205 2303 1886 2374; baseline -0.001 -16"><span class='ocrx_word' id='word_1_215' title='bbox 205 2309 455 2360; x_wconf 87' lang='lat' dir='ltr'>veteribus</span> <span class='ocrx_word' id='word_1_216' title='bbox 504 2308 702 2358; x_wconf 89' lang='lat' dir='ltr'>definita</span> <span class='ocrx_word' id='word_1_217' title='bbox 751 2315 840 2358; x_wconf 88' lang='lat' dir='ltr'>est.</span> <span class='ocrx_word' id='word_1_218' title='bbox 916 2308 1055 2358; x_wconf 90' lang='lat' dir='ltr'>Unde</span> <span class='ocrx_word' id='word_1_219' title='bbox 1105 2308 1163 2357; x_wconf 90' lang='lat' dir='ltr'>ab</span> <span class='ocrx_word' id='word_1_220' title='bbox 1205 2324 1286 2374; x_wconf 87' lang='lat' dir='ltr'>e0‚</span> <span class='ocrx_word' id='word_1_221' title='bbox 1346 2308 1478 2372; x_wconf 90' lang='lat' dir='ltr'>quod</span> <span class='ocrx_word' id='word_1_222' title='bbox 1518 2307 1702 2356; x_wconf 90' lang='lat' dir='ltr'>Graece</span> <span class='ocrx_word' id='word_1_223' title='bbox 1741 2303 1886 2372; x_wconf 73' lang='grc' dir='ltr'><strong><em>ἀρετὴ</em></strong></span> 
     </span>
     <span class='ocr_line' id='line_1_34' title="bbox 206 2381 1888 2449; baseline -0.002 -16"><span class='ocrx_word' id='word_1_224' title='bbox 206 2384 388 2433; x_wconf 90' lang='lat' dir='ltr'>dicitur</span> <span class='ocrx_word' id='word_1_225' title='bbox 426 2384 599 2449; x_wconf 78' lang='lat' dir='ltr'>virtUS‚</span> <span class='ocrx_word' id='word_1_226' title='bbox 638 2397 819 2431; x_wconf 90' lang='lat' dir='ltr'>nomen</span> <span class='ocrx_word' id='word_1_227' title='bbox 858 2384 977 2431; x_wconf 88' lang='lat' dir='ltr'>artis</span> <span class='ocrx_word' id='word_1_228' title='bbox 1016 2381 1216 2432; x_wconf 89' lang='lat' dir='ltr'>Latinos</span> <span class='ocrx_word' id='word_1_229' title='bbox 1257 2381 1534 2431; x_wconf 84' lang='lat' dir='ltr'>traduxisse</span> <span class='ocrx_word' id='word_1_230' title='bbox 1573 2386 1888 2445; x_wconf 88' lang='lat' dir='ltr'>putaverunt.</span> 
     </span>
     <span class='ocr_line' id='line_1_35' title="bbox 207 2453 1890 2521; baseline -0.002 -16"><span class='ocrx_word' id='word_1_231' title='bbox 207 2457 303 2506; x_wconf 90' lang='lat' dir='ltr'>Sed</span> <span class='ocrx_word' id='word_1_232' title='bbox 344 2458 386 2506; x_wconf 91' lang='lat' dir='ltr'>si</span> <span class='ocrx_word' id='word_1_233' title='bbox 423 2458 580 2505; x_wconf 87' lang='lat' dir='ltr'>virtus</span> <span class='ocrx_word' id='word_1_234' title='bbox 619 2471 719 2505; x_wconf 93' lang='lat' dir='ltr'>non</span> <span class='ocrx_word' id='word_1_235' title='bbox 757 2457 853 2504; x_wconf 89' lang='lat' dir='ltr'>nisi</span> <span class='ocrx_word' id='word_1_236' title='bbox 892 2454 951 2504; x_wconf 88' lang='lat' dir='ltr'>ad</span> <span class='ocrx_word' id='word_1_237' title='bbox 990 2457 1300 2520; x_wconf 86' lang='lat' dir='ltr'>ingeniosum</span> <span class='ocrx_word' id='word_1_238' title='bbox 1339 2461 1510 2520; x_wconf 89' lang='lat' dir='ltr'>posset</span> <span class='ocrx_word' id='word_1_239' title='bbox 1547 2455 1730 2521; x_wconf 85' lang='lat' dir='ltr'>venire,</span> <span class='ocrx_word' id='word_1_240' title='bbox 1771 2453 1890 2518; x_wconf 90' lang='lat' dir='ltr'>quid</span> 
     </span>
     <span class='ocr_line' id='line_1_36' title="bbox 206 2528 1889 2596; baseline -0.002 -16"><span class='ocrx_word' id='word_1_241' title='bbox 206 2546 330 2596; x_wconf 89' lang='lat' dir='ltr'>opus</span> <span class='ocrx_word' id='word_1_242' title='bbox 355 2536 461 2579; x_wconf 91' lang='lat' dir='ltr'>erat</span> <span class='ocrx_word' id='word_1_243' title='bbox 491 2529 582 2578; x_wconf 90' lang='lat' dir='ltr'>deo</span> <span class='ocrx_word' id='word_1_244' title='bbox 616 2528 751 2579; x_wconf 86' lang='lat' dir='ltr'>Catio</span> <span class='ocrx_word' id='word_1_245' title='bbox 784 2535 939 2594; x_wconf 88' lang='lat' dir='ltr'>patre,</span> <span class='ocrx_word' id='word_1_246' title='bbox 978 2531 1063 2594; x_wconf 91' lang='lat' dir='ltr'>qui</span> <span class='ocrx_word' id='word_1_247' title='bbox 1095 2536 1244 2595; x_wconf 63' lang='grc' dir='ltr'>θεῖος,</span> <span class='ocrx_word' id='word_1_248' title='bbox 1283 2528 1333 2578; x_wconf 91' lang='lat' dir='ltr'>id</span> <span class='ocrx_word' id='word_1_249' title='bbox 1366 2534 1441 2577; x_wconf 88' lang='lat' dir='ltr'>est</span> <span class='ocrx_word' id='word_1_250' title='bbox 1479 2533 1648 2576; x_wconf 87' lang='lat' dir='ltr'>acutos</span> <span class='ocrx_word' id='word_1_251' title='bbox 1689 2528 1889 2594; x_wconf 82' lang='lat' dir='ltr'>faceret,</span> 
     </span>
    </p>
   </div>
   <div class='ocr_carea' id='block_1_11' title="bbox 206 2646 558 2652">
    <p class='ocr_par' dir='ltr' id='par_1_11' title="bbox 206 2646 558 2652">
     <span class='ocr_line' id='line_1_37' title="bbox 206 2646 558 2652; baseline 0 0"><span class='ocrx_word' id='word_1_252' title='bbox 206 2646 558 2652; x_wconf 95' lang='lat' dir='ltr'> </span> 
     </span>
    </p>
   </div>
   <div class='ocr_carea' id='block_1_12' title="bbox 205 2696 1888 2935">
    <p class='ocr_par' dir='ltr' id='par_1_12' title="bbox 205 2696 1888 2935">
     <span class='ocr_line' id='line_1_38' title="bbox 323 2696 1888 2759; baseline -0.002 -14"><span class='ocrx_word' id='word_1_253' title='bbox 323 2707 351 2745; x_wconf 90' lang='lat'>4</span> <span class='ocrx_word' id='word_1_254' title='bbox 382 2701 531 2759; x_wconf 75' lang='lat' dir='ltr'>possit</span> <span class='ocrx_word' id='word_1_255' title='bbox 560 2700 606 2744; x_wconf 99' lang='lat' dir='ltr'><strong><em>A</em></strong></span> <span class='ocrx_word' id='word_1_256' title='bbox 629 2703 644 2758; x_wconf 84' lang='grc' dir='ltr'>ΙΙ</span> <span class='ocrx_word' id='word_1_257' title='bbox 668 2705 693 2744; x_wconf 84' lang='grc'>5</span> <span class='ocrx_word' id='word_1_258' title='bbox 727 2700 869 2744; x_wconf 80' lang='lat' dir='ltr'>ceteri</span> <span class='ocrx_word' id='word_1_259' title='bbox 899 2700 1054 2757; x_wconf 80' lang='lat' dir='ltr'>deput.</span> <span class='ocrx_word' id='word_1_260' title='bbox 1080 2699 1146 2743; x_wconf 89' lang='lat' dir='ltr'>A¹</span> <span class='ocrx_word' id='word_1_261' title='bbox 1170 2700 1185 2756; x_wconf 83' lang='grc' dir='ltr'>Ι]</span> <span class='ocrx_word' id='word_1_262' title='bbox 1209 2704 1234 2743; x_wconf 88' lang='grc'>9</span> <span class='ocrx_word' id='word_1_263' title='bbox 1266 2702 1319 2743; x_wconf 80' lang='lat' dir='ltr'>ut</span> <span class='ocrx_word' id='word_1_264' title='bbox 1341 2699 1493 2743; x_wconf 81' lang='lat' dir='ltr'>editur</span> <span class='ocrx_word' id='word_1_265' title='bbox 1512 2698 1570 2753; x_wconf 80' lang='grc' dir='ltr'>Ο,-</span> <span class='ocrx_word' id='word_1_266' title='bbox 1604 2697 1737 2752; x_wconf 83' lang='lat' dir='ltr'>Quod</span> <span class='ocrx_word' id='word_1_267' title='bbox 1768 2696 1888 2742; x_wconf 67' lang='lat' dir='ltr'>dona.</span> 
     </span>
     <span class='ocr_line' id='line_1_39' title="bbox 205 2755 1888 2817; baseline -0.002 -13"><span class='ocrx_word' id='word_1_268' title='bbox 205 2775 297 2806; x_wconf 89' lang='lat' dir='ltr'>non</span> <span class='ocrx_word' id='word_1_269' title='bbox 327 2760 411 2807; x_wconf 74' lang='lat' dir='ltr'>int.</span> <span class='ocrx_word' id='word_1_270' title='bbox 443 2761 532 2805; x_wconf 86' lang='lat' dir='ltr'>Dei</span> <span class='ocrx_word' id='word_1_271' title='bbox 559 2774 586 2804; x_wconf 85' lang='lat' dir='ltr'><strong><em>v</em></strong></span> <span class='ocrx_word' id='word_1_272' title='bbox 609 2762 625 2817; x_wconf 78' lang='grc' dir='ltr'>ΙΙ</span> <span class='ocrx_word' id='word_1_273' title='bbox 650 2763 703 2803; x_wconf 88' lang='grc'>18</span> <span class='ocrx_word' id='word_1_274' title='bbox 737 2760 809 2803; x_wconf 78' lang='lat' dir='ltr'>est</span> <span class='ocrx_word' id='word_1_275' title='bbox 838 2772 922 2803; x_wconf 86' lang='lat' dir='ltr'>om.</span> <span class='ocrx_word' id='word_1_276' title='bbox 953 2759 999 2803; x_wconf 90' lang='lat' dir='ltr'><strong><em>A</em></strong></span> <span class='ocrx_word' id='word_1_277' title='bbox 1021 2761 1037 2815; x_wconf 82' lang='grc' dir='ltr'>ΙΙ</span> <span class='ocrx_word' id='word_1_278' title='bbox 1061 2764 1115 2803; x_wconf 88' lang='grc'>19</span> <span class='ocrx_word' id='word_1_279' title='bbox 1149 2771 1288 2813; x_wconf 82' lang='lat' dir='ltr'>quam</span> <span class='ocrx_word' id='word_1_280' title='bbox 1319 2758 1387 2801; x_wconf 85' lang='lat' dir='ltr'>Al</span> <span class='ocrx_word' id='word_1_281' title='bbox 1419 2758 1464 2813; x_wconf 81' lang='lat' dir='ltr'>(l.</span> <span class='ocrx_word' id='word_1_282' title='bbox 1498 2762 1527 2802; x_wconf 85' lang='lat'><strong><em>6</em></strong></span> <span class='ocrx_word' id='word_1_283' title='bbox 1559 2771 1594 2802; x_wconf 89' lang='lat' dir='ltr'>c.</span> <span class='ocrx_word' id='word_1_284' title='bbox 1626 2762 1656 2802; x_wconf 86' lang='lat'><em>9</em></span> <span class='ocrx_word' id='word_1_285' title='bbox 1689 2755 1888 2801; x_wconf 78' lang='lat' dir='ltr'>scurrili-</span> 
     </span>
     <span class='ocr_line' id='line_1_40' title="bbox 205 2814 1886 2875; baseline -0.002 -12"><span class='ocrx_word' id='word_1_286' title='bbox 205 2820 294 2864; x_wconf 72' lang='lat' dir='ltr'>tati</span> <span class='ocrx_word' id='word_1_287' title='bbox 322 2819 538 2864; x_wconf 81' lang='lat' dir='ltr'>mimicae</span> <span class='ocrx_word' id='word_1_288' title='bbox 561 2833 703 2875; x_wconf 86' lang='lat' dir='ltr'>quam</span> <span class='ocrx_word' id='word_1_289' title='bbox 727 2818 913 2862; x_wconf 81' lang='lat' dir='ltr'>diuinae</span> <span class='ocrx_word' id='word_1_290' title='bbox 945 2818 1204 2863; x_wconf 74' lang='lat' dir='ltr'>consonant</span> <span class='ocrx_word' id='word_1_291' title='bbox 1235 2815 1472 2874; x_wconf 70' lang='lat' dir='ltr'>dignitati)</span> <span class='ocrx_word' id='word_1_292' title='bbox 1481 2833 1498 2870; x_wconf 89' lang='lat'>‚·</span> <span class='ocrx_word' id='word_1_293' title='bbox 1528 2830 1622 2861; x_wconf 89' lang='lat' dir='ltr'>non</span> <span class='ocrx_word' id='word_1_294' title='bbox 1652 2814 1846 2861; x_wconf 76' lang='lat' dir='ltr'><strong><em>A²KFv</em></strong></span> <span class='ocrx_word' id='word_1_295' title='bbox 1874 2815 1886 2871; x_wconf 75' lang='grc' dir='ltr'>ΙΙ</span> 
     </span>
     <span class='ocr_line' id='line_1_41' title="bbox 207 2876 1028 2935; baseline -0.002 -13"><span class='ocrx_word' id='word_1_296' title='bbox 207 2883 261 2922; x_wconf 81' lang='lat'>22</span> <span class='ocrx_word' id='word_1_297' title='bbox 295 2878 512 2935; x_wconf 72' lang='lat' dir='ltr'>opinione</span> <span class='ocrx_word' id='word_1_298' title='bbox 543 2879 588 2922; x_wconf 92' lang='lat' dir='ltr'><strong><em>A</em></strong></span> <span class='ocrx_word' id='word_1_299' title='bbox 611 2880 627 2935; x_wconf 79' lang='lat' dir='ltr'>ss</span> <span class='ocrx_word' id='word_1_300' title='bbox 651 2882 706 2923; x_wconf 82' lang='lat'>28</span> <span class='ocrx_word' id='word_1_301' title='bbox 737 2876 929 2921; x_wconf 73' lang='lat' dir='ltr'>traxisse</span> <span class='ocrx_word' id='word_1_302' title='bbox 963 2877 1028 2921; x_wconf 83' lang='lat' dir='ltr'>A¹</span> 
     </span>
    </p>
   </div>
  </div>
 </body>
</html>
