2020 3122
570 157 636 188 m:
662 156 899 189 cn'rrA'rE
923 159 1011 190 Dm
1034 160 1075 191 11.
1099 161 1167 192 1x.
1193 161 1229 193 c.
1254 163 1284 194 o.
1310 163 1361 194 ιο.
1695 151 1795 203 381

127 266 419 317 caelestibus
469 269 520 315 in
570 274 708 331 parte
758 270 1000 317 serviente
1049 273 1320 338 coniuncti⁷
1368 290 1480 323 cum
1519 274 1800 324 hominibus

125 348 287 391 autem
327 339 650 389 terrestribus
690 343 739 388 in
778 349 918 405 parte
959 343 1238 394 dominante
1279 348 1376 396 sint
1414 345 1621 396 miseri?
1684 348 1798 397 Cor-

122 431 217 480 pus
257 416 436 479 quippe
471 429 668 463 servum
702 421 791 480 est,
830 416 959 464 sicut
998 418 1143 465 etiam
1185 418 1443 469 Sallustius
1483 423 1566 470 ait:
1608 423 1800 487 „Animi

125 491 348 555 imperiO,
387 490 611 552 corporis
644 490 844 537 servitio
876 491 1029 552 magis
1061 488 1293 541 utimur.“
1366 493 1598 543 Adiunxit
1637 503 1800 544 autem

125 563 229 612 ille:
277 562 531 629 „Alterum
576 561 718 610 nobis
758 577 872 611 cum
911 561 1025 628 diis,
1073 563 1280 613 alterum
1321 581 1432 614 cum
1471 567 1628 616 beluis
1668 584 1797 616 com-

122 652 269 685 mune
311 631 429 702 est“,
469 637 698 700 quoniam
724 635 783 684 de
823 635 1103 685 hominibus
1142 637 1451 705 loquebatur,
1490 640 1668 703 quibus
1708 644 1798 690 sic-

119 717 174 759 ut
219 709 379 758 beluis
421 709 624 758 mortale
666 725 846 774 corpus
880 717 967 758 est.
1043 710 1131 759 Isti
1162 718 1340 777 autem,
1381 727 1504 776 quos
1542 716 1672 762 inter
1711 731 1800 763 nos

121 791 168 833 et
208 783 325 833 deos
366 783 660 832 mediatores
708 782 849 832 nobis
899 783 1176 848 philosophi
1214 785 1555 851 providerunt,
1594 795 1798 850 possunt

123 857 321 921 quidem
368 857 530 906 dicere
580 857 640 906 de
681 859 841 906 animo
883 863 932 906 et
972 873 1202 922 corpore:
1249 859 1469 909 Alterum
1509 859 1649 909 nobis
1690 876 1800 910 cum

125 932 241 995 diis,
295 931 502 980 alterum
559 947 673 980 cum
726 930 1008 980 hominibus
1064 947 1322 982 commune
1364 940 1459 999 est3
1515 934 1622 999 sed,
1673 936 1800 983 sicut

124 1005 237 1070 dixi,
276 1012 524 1069 tamquam
555 1007 606 1053 in
637 1020 925 1069 perversum
965 1005 1099 1069 ligati
1139 1014 1284 1070 atque
1325 1009 1565 1073 suspensi,
1605 1023 1799 1056 servum

123 1094 303 1148 corpus
336 1095 447 1128 cum
481 1079 572 1128 diis
611 1078 783 1145 beatiS,
823 1078 1073 1127 dominum
1115 1082 1330 1129 animmn
1370 1096 1482 1129 cum
1521 1081 1800 1129 hominihus

126 1154 340 1218 miseris⁷
386 1161 524 1217 parte
564 1153 799 1201 inferiore
840 1152 1058 1219 exaltati,
1099 1155 1354 1217 superlore
1395 1154 1583 1203 deiecti.
1661 1154 1799 1203 Unde

125 1227 317 1275 etiamsi
364 1228 623 1290 quisquam
670 1233 874 1291 propter
919 1226 1013 1275 hoc
1055 1242 1139 1275 eos
1177 1229 1422 1291 putaverit
1462 1230 1799 1276 aeternitatem

122 1299 302 1348 habere
344 1315 457 1349 cum
504 1300 618 1366 diis,
666 1302 779 1364 quia
818 1300 949 1349 nulla
989 1307 1171 1366 morte7
1218 1303 1345 1349 sicut
1385 1301 1664 1350 animalium
1703 1309 1799 1350 ter-

123 1375 373 1440 restrium,
413 1375 560 1422 animi
586 1389 758 1423 eorum
785 1374 1042 1423 solvuntur
1075 1390 1101 1422 a
1133 1390 1363 1439 corpore:
1405 1390 1495 1423 nec
1529 1377 1598 1423 sic
1640 1377 1800 1423 existi-

108 1447 356 1496 mandum
406 1455 481 1496 est
529 1464 700 1497 eorum
749 1463 930 1513 corpus
969 1455 1216 1512 tamquam
1255 1448 1608 1498 honoratorum
1647 1456 1801 1497 acter-

125 1536 242 1570 num
282 1521 575 1587 vehiculum,
616 1522 700 1570 sed
742 1529 999 1570 aeternum
1037 1521 1287 1570 vinculum
1328 1519 1679 1571 damnatorum.

820 1680 1013 1734 CAPUT
1054 1681 1117 1733 X.

131 1789 274 1846 Quod
308 1790 583 1836 seeundum
617 1789 805 1837 Plotini
839 1791 1137 1837 sententiam
1170 1790 1331 1836 minus
1371 1789 1543 1835 miseri
1579 1789 1678 1834 sint
1716 1787 1799 1834 leo—
1864 1798 1881 1835 <i

166 1863 320 1927 mines·
361 1864 409 1909 ‘ln
452 1876 668 1923 corpore
706 1865 911 1911 mortali
947 1878 1094 1923 quam
1138 1865 1402 1911 daemones
1442 1863 1492 1909 in
1534 1866 1752 1908 aeterno.

151 1968 154 1969 ’
197 1969 204 1973 ’
269 1963 492 2013 Plotinus
541 1972 674 2013 certe
723 1973 919 2014 nostrae
968 1966 1230 2014 memoriae
1281 1965 1452 2012 vicinis
1498 1962 1802 2027 temporibus

128 2037 380 2086 Platonem
413 2040 592 2086 ceteriS
626 2039 946 2089 excellentius
978 2039 1276 2088 intellexisse
1308 2036 1547 2086 laudatur.
1611 2035 1658 2084 Is
1691 2051 1801 2084 cum

128 2111 187 2159 dc
219 2111 445 2160 humanis
478 2114 652 2160 animis
685 2120 874 2177 ageret:
911 2113 1103 2180 „Pater,
1143 2113 1317 2177 inquit,
1356 2112 1638 2160 misericors
1674 2125 1800 2157 mor-

128 2184 240 2249 talia
278 2185 373 2234 illis
411 2186 569 2234 vincla
608 2182 862 2235 faciebat.“
937 2187 1009 2235 Ita
1047 2186 1140 2234 hoc
1179 2187 1363 2251 ipsum,
1403 2184 1533 2248 quod
1573 2182 1801 2231 mortales

126 2265 240 2307 sunt
286 2259 509 2308 homines
550 2275 780 2326 corpore7
828 2261 885 2309 ad
934 2259 1321 2308 misericordiam
1361 2257 1449 2306 Dei
1494 2258 1646 2321 patris
1692 2271 1799 2320 per-

126 2333 283 2380 tinere
324 2332 590 2382 arbitratus
624 2342 719 2399 est,
759 2350 820 2382 ne
854 2349 1049 2399 semper
1086 2333 1234 2382 huius
1265 2334 1392 2380 vitae
1433 2332 1628 2379 miseria
1667 2337 1799 2377 tene-

129 2414 314 2454 rentur.
399 2405 500 2455 Hac
548 2408 884 2456 misericordia
931 2408 1129 2471 indigna
1179 2406 1389 2455 iudicata
1444 2410 1518 2452 est
1571 2404 1800 2466 iniquitas

128 2478 440 2546 daemonum7
496 2496 618 2544 quae
666 2482 717 2528 in
768 2483 915 2530 animi
969 2482 1148 2546 passivi
1194 2481 1389 2527 miseria
1443 2492 1540 2525 non
1598 2474 1799 2523 mortale

245 2608 288 2661 3)
321 2605 417 2650 Cat.
454 2613 491 2650 1.
555 2610 626 2663 25)
659 2608 774 2652 Eun.
807 2613 847 2662 4,
881 2613 920 2661 3,
955 2613 1022 2650 12.

247 2774 272 2812 ὓ
312 2774 352 2812 et
392 2774 445 2812 10
485 2784 584 2813 esse
623 2770 677 2812 K
717 2772 731 2825 Η
778 2774 802 2812 8
846 2768 1150 2825 prodiderunt
1187 2767 1240 2809 K
1282 2768 1295 2821 Η
1344 2771 1394 2807 13
1435 2769 1486 2806 ut
1525 2763 1675 2805 editu-r
1714 2774 1799 2823 mss

129 2827 313 2876 (Madv.
348 2828 425 2871 Gr.
457 2832 552 2872 237
585 2830 668 2883 bl),·.
692 2829 826 2884 trumo
858 2833 966 2883 post
1003 2825 1183 2870 miseris
1222 2824 1503 2868 ‘inserebatur
1534 2821 1755 2863 habentes
1786 2820 1799 2875 l}

130 2890 186 2927 25
217 2884 371 2930 uincla
405 2886 562 2930 (ῪΑῙΚ

1832 580 1857 618 <21

1835 945 1888 983 10

1835 1312 1887 1350 15
