2020 3122
557 150 622 180 DE
649 149 886 181 CIVITATE
911 151 999 182 Dm
1023 152 1063 182 L.
1089 152 1154 183 xl.
1180 152 1216 183 o.
1240 154 1293 185 27.
1656 139 1763 191 499

91 268 140 310 et
179 259 272 309 sibi
310 261 576 309 miserrimi
615 268 852 325 apparent
891 269 940 310 et
978 262 1120 326 plane
1162 271 1276 311 sunt
1315 270 1362 312 et
1403 279 1499 311 nou
1541 262 1699 312 solum
1738 278 1764 312 a

92 333 409 400 sapientibUS‚
449 336 679 398 quoniam
719 334 871 400 stulti,
910 350 1080 383 verum
1122 343 1169 384 et
1208 336 1268 384 ab
1307 337 1397 402 his,
1438 338 1522 400 qui
1561 351 1613 385 se
1652 336 1762 385 hea-

89 415 167 457 tos
204 414 401 473 putant,
447 409 615 456 miseri
654 407 956 474 iudicantur,
1004 411 1115 472 quia
1162 425 1404 474 pauperes
1443 417 1589 474 atque
1629 426 1762 459 men-

89 481 185 531 dici
239 488 382 547 sunt,
438 482 479 529 si
533 483 644 545 quis
698 481 1093 530 inmortalitatem
1149 482 1311 548 daret,
1366 498 1461 547 qua
1515 499 1604 532 nec
1659 486 1764 548 ipsa

86 557 283 604 miseria
307 561 600 621 moreretur,
631 557 883 619 proposito
910 554 1002 603 sibi
1027 555 1172 621 quod,
1212 558 1254 604 si
1284 559 1334 604 in
1369 557 1535 605 eadem
1567 559 1763 607 miseria

90 644 283 694 semper
323 644 432 677 esse
472 628 682 694 nollent,
723 628 843 677 nulli
883 635 931 677 et
970 644 1212 693 nusquam
1254 637 1420 678 essent
1458 631 1637 696 futuri,
1678 633 1763 681 sed

87 704 221 751 omni
275 702 420 751 modo
473 704 706 769 perituri,
759 703 981 767 profecto
1037 702 1314 752 exultarent
1368 703 1547 752 laetitia
1599 712 1647 752 et
1694 707 1763 754 sic

86 791 281 840 semper
337 776 574 840 eligerent
629 792 736 825 esse
800 791 945 841 quam
1000 779 1198 825 omnino
1247 792 1344 824 non
1407 792 1529 825 esse.
1606 776 1763 826 Huius

84 851 158 898 rei
190 852 330 898 testis
363 857 439 898 est
470 851 758 898 notissimus
795 866 970 899 sensus
1001 850 1212 899 illorum.
1289 850 1426 899 Unde
1469 852 1598 898 enim
1639 853 1764 899 mori

85 930 311 972 metuunt
366 931 414 972 et
470 923 656 972 malunt
708 925 759 972 in
809 923 888 972 illa
938 939 1170 973 aerumna
1221 925 1408 990 vivere,
1464 939 1608 988 quam
1657 939 1764 973 eam

83 1004 242 1045 morte
282 997 438 1063 finire,
477 999 572 1046 nisi
605 999 718 1061 quia
759 1000 875 1046 satis
915 1004 1117 1062 apparet
1156 1013 1301 1061 quam
1340 998 1551 1061 refugiat
1591 1004 1763 1047 natura

83 1085 182 1118 non
238 1067 383 1119 esse?
436 1070 594 1135 Atque
651 1071 761 1119 ideo
812 1087 925 1120 cum
973 1087 1024 1119 se
1065 1073 1292 1120 noverint
1331 1086 1439 1119 esse
1481 1073 1762 1138 morituros,

82 1159 172 1207 pro
206 1159 378 1208 magno
404 1143 643 1193 beneficio
676 1145 768 1193 sibi
807 1145 932 1193 hanc
971 1145 1172 1209 inpendi
1213 1145 1597 1193 misericordiam
1638 1145 1761 1193 desi-

43 1216 277 1283 -derant‚
324 1225 379 1266 ut
426 1218 673 1282 aliquanto
719 1218 1010 1283 productius
1058 1221 1107 1266 in
1157 1218 1327 1267 eadem
1367 1220 1563 1266 miseria
1602 1220 1792 1267 vivant!

82 1291 367 1355 tardiusque
417 1294 702 1340 moriantur.
789 1292 969 1341 Procul
1023 1291 1172 1340 dubio
1227 1307 1344 1355 ergo
1398 1292 1636 1358 indicant,
1691 1294 1759 1340 in-

82 1364 442 1430 mortalitatem,
485 1365 654 1414 saltem
688 1365 832 1414 talem
874 1381 996 1430 quae
1039 1381 1135 1414 non
1176 1365 1350 1413 habeat
1390 1366 1538 1413 finem
1577 1365 1762 1413 mendi-

83 1440 270 1505 citatiS,
319 1445 498 1502 quanta
545 1439 870 1502 gratulatione
920 1441 1242 1503 susciperent.
1323 1435 1485 1496 Quid?
1540 1439 1763 1487 animalia

82 1514 242 1560 omnia
277 1514 420 1560 etiam
461 1512 783 1579 inrationalia‚
823 1513 1002 1577 quibus
1042 1513 1208 1561 datum
1250 1527 1348 1560 non
1387 1519 1462 1561 est
1500 1514 1591 1561 ista
1634 1514 1761 1576 cogi—

81 1593 200 1646 tare,
242 1585 301 1634 ab
333 1587 570 1635 inmensis
602 1586 899 1635 draconibus
930 1602 1089 1650 usque
1129 1586 1186 1635 ad
1227 1587 1429 1649 exiguos
1469 1586 1761 1635 vermiculos

83 1674 246 1708 nonne
287 1675 339 1707 se
380 1675 488 1708 esse
521 1659 642 1708 velle
684 1667 829 1724 atque
870 1660 932 1709 ob
972 1659 1064 1708 hoc
1103 1662 1359 1708 interitum
1399 1660 1568 1723 sugere
1609 1661 1760 1708 omni·

85 1731 175 1780 bus
231 1732 408 1797 quibus
474 1741 683 1798 possunt
746 1733 961 1782 motibus
1024 1730 1275 1782 indicant?
1353 1730 1516 1790 Quid?
1563 1732 1761 1781 arbusta

83 1821 352 1871 omnesque
393 1807 620 1873 fruticeS‚
668 1807 848 1871 quibus
887 1807 1051 1856 nullus
1092 1814 1166 1855 est
1206 1822 1381 1855 sensus
1421 1806 1476 1854 ad
1518 1807 1760 1855 vitandam

82 1880 339 1928 manifesta
384 1882 600 1929 motione
648 1882 940 1946 perniciem,
995 1896 1158 1929 nonne
1211 1887 1265 1929 ut
1314 1881 1364 1928 in
1415 1894 1559 1928 auras
1599 1887 1761 1929 tutum

81 1955 348 2002 cacuminis
395 1969 598 2017 germen
646 1957 891 2021 emittant,
939 1953 1069 2002 aliud
1109 1961 1269 2003 terrae
1310 1953 1488 2002 radicis
1528 1953 1760 2018 adfigunt,

80 2041 177 2090 quo
206 2027 491 2076 alimentum
523 2027 722 2076 trahant
753 2034 898 2091 atque
930 2029 996 2076 ita
1030 2042 1175 2076 suum
1214 2026 1426 2091 quodam
1465 2027 1608 2075 modo
1650 2041 1758 2076 esse

80 2097 408 2149 conservent?
469 2100 579 2165 Ipsa
631 2108 882 2165 postremo
938 2116 1168 2166 corpora,
1224 2099 1404 2164 quibus
1450 2115 1549 2149 non
1601 2100 1759 2149 solum

80 2188 255 2222 sensus
267 2214 281 2240 ‚
328 2174 414 2222 sed
455 2189 545 2222 nec
587 2174 681 2222 ulla
722 2174 894 2222 saltem
933 2174 1178 2223 seminalis
1220 2182 1295 2223 est
1334 2176 1450 2239 vita,
1489 2176 1556 2222 ita
1598 2182 1759 2223 tamen

78 2246 154 2295 vel
193 2247 399 2296 exiliunt
444 2250 494 2296 in
536 2263 750 2312 superna
790 2248 862 2297 vel
903 2249 953 2296 in
992 2250 1088 2296 ima
1128 2247 1434 2296 descendunt
1472 2247 1548 2296 vel
1578 2247 1757 2295 libran—

78 2326 160 2369 tur
199 2323 250 2369 in
282 2321 472 2386 mediiS,
512 2329 567 2370 ut
599 2323 864 2370 essentiam
905 2337 1056 2386 suam,
1097 2320 1181 2370 ubi
1221 2321 1492 2370 secundum
1535 2328 1757 2370 naturam

75 2402 284 2457 possunt
322 2409 455 2459 esse,
494 2395 785 2444 custodiant.

225 2467 325 2516 lam
364 2483 480 2516 vero
521 2484 666 2517 nosse
707 2475 946 2532 quantum
985 2476 1176 2517 ametur
1216 2483 1458 2532 quamque
1500 2467 1597 2515 falli
1637 2467 1758 2515 nolit

75 2538 287 2589 humana
334 2548 530 2608 natura,
576 2541 651 2590 vel
689 2542 804 2590 hinc
843 2542 1060 2606 intellegi
1098 2549 1282 2607 potest,
1331 2541 1460 2604 quod
1501 2540 1757 2588 lamentari

77 2616 286 2678 quisque
349 2630 463 2663 sana
526 2623 688 2664 mente
751 2615 933 2665 mavult
994 2631 1138 2679 quam
1200 2615 1371 2663 laetari
1425 2615 1474 2661 in
1530 2614 1753 2661 amentia.

196 2761 249 2799 18
281 2756 580 2801 inrationalia
621 2757 715 2810 Vv;
755 2756 1104 2801 inrationabilia
1136 2756 1370 2799 AFI'arr.
1412 2756 1427 2809 ΙΙ
1466 2759 1522 2796 24
1555 2753 1754 2797 cacumi—

74 2815 145 2858 nis
187 2815 323 2869 V²A,·
354 2815 547 2860 caminis
590 2815 676 2868 V¹;
709 2815 924 2859 culminis
956 2830 981 2858 υ
1020 2817 1035 2871 ΙΙ
1070 2815 1198 2858 aliud
1231 2849 1238 2856 .
1273 2850 1281 2859 .
1315 2811 1482 2856 radicis
1526 2811 1752 2857 VAParr.

77 2875 188 2918 mell.
219 2877 390 2931 (proyr.
416 2888 467 2930 p.
500 2878 604 2930 16),·
635 2873 762 2918 aliud
797 2909 806 2918 .
842 2911 850 2919 .
884 2873 1061 2918 radices
1094 2873 1166 2926 F,·
1198 2873 1336 2916 altius
1370 2905 1378 2913 .
1414 2906 1422 2915 .
1449 2870 1627 2915 radices
1659 2884 1685 2913 υ

1309 2944 1401 2988 32*

1797 932 1852 972 10

1796 1300 1850 1339 15

1795 1668 1849 1707 20

1791 2034 1848 2074 25

1789 2401 1846 2441 30
