2038 3152
594 181 660 211 m:
684 180 927 212 CIVITATE
949 181 1038 213 Dm
1060 181 1102 212 L.
1126 182 1159 214 1.
1185 182 1222 214 c.
1246 185 1299 213 11.
1325 183 1377 215 12.
1743 170 1808 222 :21

131 302 261 351 facit.
338 296 509 360 Neque
568 295 697 342 enim
752 292 882 342 aliud
934 293 1110 343 melius
1160 302 1210 343 et
1259 293 1388 342 aliud
1437 295 1676 361 deteriUS,
1731 303 1815 345 aut

130 373 262 425 aliud
311 371 469 420 maius
523 374 573 416 et
618 366 750 416 aliud
796 366 995 417 brevius
1042 374 1140 434 est,
1188 367 1319 432 quod
1357 369 1452 417 iam
1491 369 1676 433 pariter
1715 384 1815 418 non

130 454 218 498 est.
296 442 426 503 Quid
477 447 644 490 autem
695 442 926 508 interest,
982 456 1079 505 quo
1126 443 1300 490 mortis
1347 457 1528 506 genere
1574 443 1671 491 vita
1721 444 1815 491 ista

130 523 344 585 finiatur,
383 514 578 582 quando
602 514 698 580 ille,
739 516 819 564 cui
842 515 1027 581 finitur,
1066 517 1249 565 iterum
1282 517 1407 564 mori
1446 531 1546 564 non
1586 512 1815 580 cogitur?

129 595 253 645 Cum
277 599 443 642 autem
465 590 734 652 unicuique
761 588 1041 638 mortalium
1073 587 1164 637 sub
1205 590 1462 638 cotidianis
1501 591 1626 638 vitae
1665 590 1813 639 huius
1845 597 1871 637 5

131 667 325 719 casibus
364 661 749 713 innumerabiles
774 669 959 711 mortes
1000 663 1212 726 quodam
1250 663 1394 712 modo
1436 665 1813 730 comminentur,

129 740 362 808 quamdiu
385 739 632 787 incertum
658 743 733 785 est
771 751 1012 800 quaenam
1050 751 1222 786 earum
1259 743 1467 786 ventura
1506 739 1590 786 sit:
1629 752 1813 801 quaero

127 823 300 867 utrum
331 813 485 862 satius
518 811 581 859 sit
613 824 761 860 unam
798 812 993 875 perpeti
1031 810 1287 859 moriendo
1327 826 1388 860 an
1429 826 1598 860 omnes
1639 812 1812 859 timere

127 887 348 939 vivendo,
431 884 534 934 Nec
565 886 738 948 ignoro
773 899 919 948 quam
959 886 1106 934 citius
1146 884 1355 949 eligatur
1394 884 1479 934 diu
1518 886 1680 933 vivere
1722 883 1813 933 sub

128 966 307 1014 timore
352 966 427 1009 tot
472 959 706 1008 mortium
762 973 907 1023 quam
956 958 1108 1007 semel
1154 959 1410 1008 moriendo
1458 958 1642 1008 nullam
1682 958 1815 1007 dein·
1850 967 1904 1007 10

130 1052 247 1102 ceps
286 1032 566 1084 formidare.
645 1030 742 1081 Sed
790 1031 920 1081 aliud
967 1039 1043 1081 est
1093 1032 1225 1096 quod
1265 1034 1428 1082 carnis
1467 1048 1643 1082 sensus
1682 1032 1815 1081 infir—

129 1113 276 1160 miter
313 1107 516 1173 pavidus
563 1105 767 1172 refugit,
817 1106 947 1154 aliud
994 1105 1124 1170 quod
1174 1109 1353 1156 mentis
1392 1108 1516 1156 ratio
1557 1106 1817 1171 diligenter

129 1182 384 1234 enucleata
431 1180 690 1229 convincit.
767 1179 890 1228 Mala
937 1194 1070 1228 mors
1118 1180 1333 1244 putanda
1380 1196 1478 1229 non
1527 1186 1623 1246 est,
1670 1195 1817 1244 quam

128 1258 256 1308 bona
293 1257 391 1304 vita
420 1254 762 1319 praecesserit.
839 1252 1010 1317 Neque
1051 1255 1182 1302 enim
1223 1254 1340 1303 facit
1376 1254 1552 1303 malam
1592 1260 1817 1320 mortem,

129 1333 224 1382 nisi
270 1328 405 1395 quod
451 1328 678 1392 sequitur
725 1334 948 1376 mortem.
1026 1327 1134 1376 Non
1186 1329 1351 1392 itaque
1391 1328 1602 1377 multum
1642 1342 1815 1376 curan·
1851 1334 1906 1374 15

129 1406 247 1456 dum
294 1409 370 1453 est
416 1403 510 1467 eiS,
558 1402 644 1465 qui
689 1402 970 1450 necessario
1019 1402 1250 1451 morituri
1289 1408 1427 1468 sunt,
1474 1401 1591 1466 quid
1632 1400 1820 1450 accidat

130 1487 186 1530 ut
223 1478 522 1543 moriantur,
562 1474 650 1524 sed
689 1475 945 1525 moriendo
985 1491 1082 1540 quo
1123 1477 1196 1524 ire
1236 1482 1489 1540 cogantur.
1568 1474 1692 1524 Cum
1729 1476 1816 1539 igi—

130 1562 214 1604 tur
269 1550 536 1601 Christiani
596 1551 825 1599 noverint
884 1549 1028 1618 longe
1083 1549 1339 1599 meliorem
1394 1550 1547 1599 fuisse
1602 1549 1820 1614 religiosi

129 1627 361 1694 pauperis
415 1630 627 1672 mortem
679 1625 810 1673 inter
856 1622 1150 1688 lingentium
1201 1639 1378 1673 canum
1428 1623 1619 1688 linguas
1674 1637 1818 1687 quam

129 1702 268 1766 impii
318 1699 482 1748 divitis
531 1699 583 1746 in
632 1712 854 1763 purpura
909 1705 958 1747 et
1007 1697 1180 1765 bysso,
1231 1697 1477 1747 horrenda
1514 1696 1597 1746 illa
1635 1711 1815 1762 genera
1847 1705 1892 1744 26

131 1775 366 1825 mortium
405 1771 523 1837 quid
561 1773 770 1821 mortuis
810 1772 1075 1838 offuerunt,
1116 1773 1201 1837 qui
1238 1771 1364 1821 bene
1403 1767 1672 1820 vixerunt?

755 1964 758 1967 '
801 1958 1000 2014 CAPUT
1032 1960 1151 2014 XII.

171 2071 247 2119 De
284 2071 546 2132 sepultura
586 2070 922 2117 humanorum
963 2082 1255 2131 corporum,
1295 2082 1427 2129 quae
1473 2068 1775 2116 Christianis

501 2144 701 2191 etiamsi
731 2141 897 2204 fuerit
934 2148 1120 2204 neqata
1159 2144 1235 2191 m‘l
1271 2143 1460 2191 adimit.

280 2246 341 2295 At
380 2247 512 2294 enim
550 2246 602 2294 in
641 2251 775 2295 tanta
823 2252 985 2310 strage
1033 2245 1326 2294 cadaverum
1365 2259 1457 2294 nec
1498 2243 1696 2309 sepeliri
1733 2258 1817 2307 po·
1852 2251 1905 2290 25

111 2326 351 2370 *tuerunt
411 2318 585 2384 Neque
617 2319 752 2368 istud
782 2321 862 2384 pia
899 2319 1021 2369 fides
1059 2320 1268 2369 nimium
1307 2318 1608 2384 reformidat,
1647 2323 1820 2365 tenens

133 2393 440 2460 praedictum
487 2407 580 2442 nec
628 2392 944 2443 absumentes
981 2392 1164 2443 bestias
1204 2393 1564 2442 resurrecturis
1604 2391 1819 2455 corpori—

135 2467 229 2517 bus
268 2467 523 2533 offuturaS,
564 2481 776 2531 quorum
815 2467 1020 2533 capillus
1061 2468 1234 2532 capitis
1273 2481 1373 2515 non
1411 2464 1606 2531 peribit.
1675 2463 1819 2512 Nullo

133 2540 278 2590 modo
317 2540 506 2590 diceret
543 2542 753 2590 veritas:·
785 2542 946 2591 Nolite
985 2543 1162 2591 timere
1200 2555 1298 2602 eos,
1337 2542 1428 2601 qm·
1463 2553 1648 2602 corpus
1687 2539 1816 2587 occi-

135 2617 280 2675 dunt,
321 2617 541 2664 animam
581 2620 747 2665 autem
786 2629 885 2664 nou
920 2620 1133 2678 possunt
1169 2616 1426 2675 occidere,
1477 2613 1517 2661 si
1556 2612 1817 2675 quicquam
1851 2617 1908 2657 30

253 2758 328 2813 20)
360 2757 439 2800 Le.
476 2762 544 2814 16,
578 2761 631 2801 19
666 2771 764 2813 sqq.
827 2758 902 2814 28)
933 2756 1011 2801 Le.
1045 2762 1116 2814 21,
1151 2761 1218 2801 18.
1280 2756 1355 2811 30>
1387 2754 1468 2797 Mt.
1505 2757 1572 2807 10,
1605 2756 1674 2795 28.

255 2922 280 2961 9
313 2917 448 2962 citius
479 2932 569 2963 mss
600 2920 645 2976 (l.
678 2924 708 2964 8
740 2932 775 2964 c.
809 2922 873 2964 23
906 2917 1052 2963 Citius
1085 2917 1210 2962 enim
1240 2917 1330 2972 fit);
1362 2913 1555 2958 inertius
1588 2927 1611 2956 v
