2020 3122
409 146 435 167 ο
566 147 633 178 m:
657 144 895 178 mvltrA'rE
918 147 1005 178 Dm
1029 148 1072 180 L.
1098 148 1188 180 vn.
1214 148 1251 182 c.
1275 149 1306 183 5.
1331 150 1363 182 6.
1690 138 1792 190 281

118 261 210 310 ista
265 258 519 307 doctrinae
574 256 830 321 loquacius
886 264 935 306 et
989 258 1162 308 elatius
1216 260 1540 324 praedicares,
1624 261 1795 310 Anima

118 340 203 382 tua
248 339 414 381 tamen
460 337 559 380 tam
607 330 748 379 docta
796 336 846 379 et
884 332 1139 395 ingeniosa
1179 327 1290 397 (ubi
1328 340 1376 382 te
1416 334 1625 384 multum
1666 335 1796 383 dole-

117 400 252 472 mus)
289 419 380 470 per
418 404 539 454 haec
579 405 810 469 mysteria
850 404 1103 453 doctrinae
1143 406 1202 454 ad
1241 405 1397 456 Deum
1437 422 1597 473 suum,
1634 408 1683 457 id
1723 415 1800 457 est

119 495 144 529 a
177 494 272 544 quo
304 478 431 527 sacta
463 484 553 542 est,
592 493 691 526 non
725 493 838 527 cum
871 493 968 542 quo
1009 478 1134 527 sacta
1175 485 1271 544 est3
1310 495 1401 528 nec
1441 482 1582 530 cuius
1621 484 1798 547 portic,

119 553 202 602 sed
251 553 393 601 cuius
442 551 658 600 conditio
707 558 803 618 est3
850 567 942 600 nec
984 553 1068 615 qui
1107 558 1184 601 est
1222 554 1441 601 omnium
1481 556 1661 621 anima,
1712 555 1797 604 sed

119 628 202 692 qui
239 626 357 674 fecit
395 640 590 674 omnem
645 627 878 691 animam,
933 640 1030 689 quo
1072 625 1174 674 solo
1214 625 1508 675 inlustrante
1548 629 1707 676 anima
1745 629 1800 677 fit

118 699 280 766 beata,
328 701 370 747 si
409 700 516 748 eius
555 701 738 762 gratiae
779 714 879 748 non
919 700 983 748 sit
1022 700 1236 765 ingrata,
1283 699 1416 748 nullo
1457 701 1600 749 modo
1640 703 1802 765 potuit

117 773 389 839 pervenire.
474 771 653 821 Verum
716 774 811 821 ista
872 774 1103 837 mysteria
1165 772 1417 822 doctrinae
1482 773 1642 837 qualia
1705 776 1802 826 sint

119 848 385 912 quantique
433 845 715 912 pendenda,
764 862 888 910 quae
929 853 1208 911 sequuntur
1248 847 1523 896 ostendent.
1601 847 1802 896 Fatetur

118 921 316 970 interim
346 921 420 968 vir
450 921 542 968 iste
575 919 892 970 doctissimus
933 922 1145 969 animam
1184 921 1355 970 mundi
1395 937 1450 970 ac
1489 928 1654 986 partes
1695 922 1801 970 eius

119 1009 226 1043 csse
265 1008 410 1042 veros
464 993 604 1059 deos3
650 994 781 1042 unde
828 994 1133 1058 intellegitur
1171 1001 1325 1044 totam
1366 997 1472 1044 eius
1512 994 1804 1061 theologian,

119 1083 224 1117 eam
262 1069 419 1132 ipsam
444 1067 632 1116 scilicet
663 1068 950 1133 naturalem,
990 1069 1070 1117 cui
1108 1067 1378 1132 plurimum
1416 1068 1606 1134 tribuit,
1644 1084 1803 1133 usque

119 1141 176 1190 ad
216 1143 405 1190 animae
453 1140 705 1190 rationalis
753 1148 980 1191 naturam
1020 1157 1073 1190 se
1115 1142 1381 1191 extendere
1420 1144 1655 1207 potuisse.
1733 1142 1803 1191 De

119 1214 330 1265 naturali
369 1216 500 1263 enim
546 1217 842 1279 paucissima
887 1215 1229 1280 praeloquitur
1267 1218 1319 1264 in
1357 1216 1451 1265 hoc
1490 1215 1615 1265 libro
1657 1232 1802 1281 quem

121 1289 179 1338 de
220 1289 314 1338 diis
339 1288 536 1337 selectis
561 1288 791 1338 ultimum
830 1291 1051 1355 scripsit3
1090 1292 1142 1338 in
1183 1305 1279 1354 quo
1319 1289 1594 1338 videbimus
1634 1297 1802 1339 utrum

118 1378 208 1428 per
245 1363 681 1427 interpretationes
719 1362 1077 1428 physiologicas
1118 1363 1176 1411 ad
1217 1363 1342 1413 hanc
1383 1363 1655 1412 naturalem
1694 1379 1804 1429 pos-

121 1437 183 1486 sit
220 1436 412 1486 referre
451 1435 657 1486 civilem.
735 1436 876 1494 Quod
917 1438 959 1485 si
996 1439 1231 1502 potuerit,
1270 1444 1372 1487 tota
1411 1436 1649 1487 naturalis
1689 1439 1807 1486 erit:

121 1517 170 1559 et
193 1509 308 1575 quid
342 1525 467 1575 opus
499 1516 605 1559 erat
638 1509 697 1559 ab
723 1526 780 1559 ea
805 1510 996 1559 civilem
1036 1518 1171 1560 tanta
1197 1526 1315 1560 cura
1354 1510 1685 1560 distinctionis
1726 1510 1806 1559 ab·

120 1580 359 1648 iungere?
428 1583 479 1632 Si
512 1590 676 1633 autem
709 1591 846 1634 recto
888 1583 1174 1633 discrimine
1214 1591 1436 1649 separata
1476 1591 1573 1634 est:
1614 1584 1808 1649 quando

121 1672 212 1706 nec
235 1659 329 1707 ista
367 1672 483 1706 vera
522 1664 598 1706 est
638 1673 762 1722 quae
802 1657 873 1707 illi
911 1658 1149 1719 naturalis
1188 1658 1349 1723 placet
1388 1653 1638 1724 (pervenit
1677 1660 1805 1707 enim

122 1746 278 1796 usque
320 1730 380 1779 ad
427 1732 659 1798 animam,
706 1747 806 1780 non
853 1747 1011 1796 usque
1061 1732 1119 1780 ad
1158 1747 1331 1781 verum
1370 1731 1527 1780 Deum
1568 1733 1652 1796 qui
1692 1732 1810 1780 fecit

124 1811 174 1854 et
219 1800 479 1871 animam),
534 1812 716 1869 quanto
780 1812 856 1854 est
902 1805 1139 1854 abiectior
1186 1812 1235 1854 et
1281 1805 1448 1854 salsior
1495 1807 1587 1854 ista
1639 1804 1808 1871 civiliS,

125 1893 248 1942 quae
288 1880 498 1927 maxime
533 1880 663 1927 circa
703 1894 969 1944 corporum
1010 1886 1086 1928 est
1125 1886 1362 1944 occupata
1402 1886 1642 1945 naturam,
1682 1880 1808 1927 sicut

123 1953 257 2016 ipsae
296 1953 732 2016 interpretationes
774 1954 894 2019 eiuS,
934 1968 993 2001 ex
1034 1952 1214 2017 quibus
1255 1952 1493 2017 quaedam
1533 1953 1810 2001 necessaria

127 2039 514 2074 commemorare
562 2040 639 2074 me
690 2032 907 2092 oportet,
971 2032 1104 2074 tanta
1152 2026 1211 2075 ab
1257 2028 1379 2091 ipsis
1434 2027 1706 2090 exquisitae
1761 2032 1810 2074 et

126 2099 406 2148 enucleatae
447 2097 699 2163 diligentia
739 2099 1162 2149 demonstrabunt.

808 2227 1006 2282 CAPUT
1040 2229 1135 2282 VI.

128 2322 203 2371 De
241 2323 473 2384 opinione
516 2321 775 2381 Varr0m’8,
816 2336 917 2382 qua
958 2323 1242 2371 arbitratus
1281 2327 1355 2370 est
1393 2322 1552 2370 Deum
1593 2323 1812 2369 animam

157 2409 262 2444 esse
299 2397 486 2455 mundi,
527 2396 616 2456 qui
653 2400 819 2443 tamen
860 2397 911 2444 in
946 2397 1183 2458 partibus
1220 2398 1325 2444 suis
1363 2396 1550 2443 habeat
1588 2396 1783 2443 animas

466 2471 662 2529 multaS,
702 2483 919 2529 quarum
960 2471 1132 2518 divina
1173 2474 1363 2518 natura
1401 2470 1478 2516 sit.

274 2556 403 2605 Dicit
448 2570 565 2619 ergo
622 2555 752 2605 idem
799 2554 1159 2606 Varroadhuc
1208 2556 1268 2605 de
1315 2554 1525 2604 naturali
1571 2553 1811 2616 theologia

129 2629 455 2695 praeloquens
495 2629 642 2678 deum
682 2644 734 2678 se
775 2628 1004 2680 arbitrari
1044 2645 1153 2679 esse
1193 2631 1402 2678 animam
1442 2626 1626 2692 mundi,
1666 2640 1811 2689 quem

250 2762 304 2800 14
343 2771 481 2813 quem
516 2792 526 2801 .
558 2793 568 2802 .
600 2756 819 2800 ultimum
858 2758 1024 2813 scripsi
1063 2761 1103 2800 et
1143 2756 1375 2800 verborum
1408 2754 1610 2798 ordinem
1639 2751 1813 2794 mutavi

131 2815 208 2869 (cf.
225 2819 335 2870 273,
350 2820 409 2860 15
425 2819 534 2872 sq.);
549 2815 598 2859 in
614 2817 703 2860 hoc
719 2815 860 2871 libro;
877 2816 927 2859 in
943 2830 1034 2872 quo
1060 2851 1069 2859 .
1098 2850 1107 2859 .
1134 2814 1330 2867 civilem,
1364 2825 1504 2868 quam
1529 2846 1537 2855 .
1566 2844 1575 2853 .
1600 2809 1812 2853 ultimam

133 2872 316 2930 scripsit,
344 2888 370 2918 v
393 2875 409 2931 ΙΙ
433 2879 489 2918 24
521 2874 779 2919 necessaria.
809 2889 922 2929 mss;
951 2872 1210 2918 necessario
1243 2886 1268 2916 v
1291 2874 1307 2928 ΙΙ
1330 2876 1383 2915 31
1418 2870 1570 2914 adhuc
1601 2882 1682 2913 om.
1715 2869 1759 2910 A

1837 932 1891 971 10

1839 1299 1892 1339 15

1840 1668 1895 1707 20

1842 2034 1895 2074 25

1843 2476 1899 2515 30
