2020 3122
164 1079 218 1118 10

166 1445 220 1485 15

166 1813 222 1853 20

169 2209 224 2248 25

164 2635 222 2675 30

244 136 358 189 '188
939 145 974 180 S.
997 145 1276 182 AUGUSTmI

254 258 374 316 Quis
414 264 580 308 autem
626 258 851 308 infirmus
900 265 950 307 et
995 258 1224 308 indoctus
1273 257 1500 308 evaderet
1546 257 1694 308 simul
1739 257 1944 308 fallaces

253 340 303 381 et
339 333 591 397 principes
631 333 841 382 civitatis
882 339 932 382 et
970 327 1271 382 daemones?

853 488 1045 543 CAPUT
1083 489 1338 543 XXXIII.

261 597 407 655 Quod
444 598 633 647 iudicio
673 602 721 647 et
753 602 1000 659 potestate
1031 598 1131 647 Dei
1166 600 1276 647 verz·
1313 598 1530 646 omnium
1570 609 1746 658 requm
1786 601 1946 658 atque*

607 685 882 733 reynorum
922 672 1163 721 ordinata
1201 672 1304 720 sint
1341 676 1581 733 tempora.

400 772 533 824 Deus
564 775 716 838 igitur
747 772 827 823 ille
861 773 1107 823 felicitatis
1148 779 1320 823 auctor
1361 780 1410 823 et
1450 772 1606 839 dator,
1647 773 1762 837 quia
1800 771 1943 822 solus-

254 852 329 896 est
359 861 508 897 verus
538 846 690 911 DeuS,
727 849 834 912 ipse
875 847 957 897 dat
994 862 1146 912 regna
1184 853 1384 896 terrena
1423 852 1474 896 et
1509 845 1654 895 bonis
1695 853 1745 895 et
1782 845 1946 913 maIiS,

252 935 414 985 neque
453 921 547 970 hoc
586 928 773 970 temere
814 927 863 970 et
903 921 1042 985 quasi
1080 921 1316 987 fortuite,
1364 921 1478 985 quia
1515 919 1649 969 Deus
1688 926 1785 984 est,
1831 934 1937 969 ⁴non

252 994 475 1060 fortuna,
539 995 626 1043 sed
687 1009 778 1059 pro
840 1009 1011 1043 rerum
1065 994 1239 1043 ordine
1294 1009 1350 1043 ac
1400 1000 1682 1059 temporum
1736 992 1931 1043 occulto

251 1066 432 1133 nobiS,‘
474 1069 730 1118 notissimo
786 1067 900 1134 sibi;
955 1069 1036 1117 cui
1082 1073 1246 1117 tamen
1296 1067 1459 1117 ordini
1503 1074 1785 1132 temporum
1838 1081 1939 1116 non

251 1139 479 1191 subditus
533 1143 706 1208 servit,
760 1142 848 1191 sed
903 1157 1017 1191 eum
1070 1142 1177 1206 ipse
1229 1147 1478 1206 tamquam
1524 1141 1753 1190 dominus
1802 1141 1934 1206 regit

250 1214 631 1280 moderatorque
656 1215 896 1280 disponit:
935 1215 1220 1264 felicitatem
1243 1230 1361 1264 vero
1386 1230 1488 1264 non
1524 1215 1606 1264 dat
1638 1215 1734 1264 nisi
1771 1213 1930 1264 bonis.

250 1288 388 1337 Hanc
436 1290 567 1338 enim
614 1295 825 1353 possunt
872 1295 922 1338 et
967 1304 1067 1337 non
1114 1288 1296 1338 habere
1339 1295 1388 1338 et
1426 1288 1608 1337 habere
1650 1289 1946 1354 servienteS,

251 1369 462 1427 possunt
501 1368 550 1411 et
597 1377 697 1411 non
746 1361 929 1411 habere
970 1370 1019 1411 et
1057 1361 1240 1411 habere
1280 1369 1566 1427 regnantes;
1609 1377 1734 1425 quae
1773 1368 1938 1410 tamen

252 1435 397 1500 plena
451 1438 502 1484 in
554 1451 608 1484 ea
660 1437 757 1484 vita
812 1437 928 1501 erit,
982 1435 1068 1484 ubi
1114 1450 1259 1484 nemo
1307 1437 1404 1484 iam
1452 1437 1646 1484 serviet.
1724 1434 1787 1484 Et
1825 1434 1938 1484 ideo

252 1524 405 1573 regna
451 1516 649 1558 terrena
698 1515 746 1558 et
791 1508 937 1558 bonis
983 1509 1042 1558 ab
1089 1508 1171 1558 illo
1213 1509 1391 1558 dantur
1431 1516 1481 1558 et
1520 1509 1658 1558 malis
1668 1546 1682 1574 ,
1727 1523 1791 1558 ne
1831 1510 1938 1558 eius

254 1582 472 1631 cultores
526 1582 684 1632 adhuc
741 1585 794 1631 in
847 1590 1085 1647 provectu
1142 1584 1291 1631 animi
1343 1582 1534 1647 parvuli
1587 1582 1708 1631 haec
1763 1581 1823 1631 ab
1878 1596 1944 1631 6ο

254 1671 459 1705 munera
498 1658 639 1720 quasi
685 1671 914 1720 magnum
965 1656 1149 1721 aliquid
1189 1658 1554 1721 concupiscant.
1630 1655 1694 1704 Et
1731 1655 1826 1704 hoc
1863 1662 1942 1704 est

254 1736 617 1779 sacramentum
639 1731 821 1779 veteris
846 1732 1143 1794 testamenti,
1181 1729 1268 1779 ubi
1307 1730 1557 1779 occultum
1597 1735 1702 1778 erat
1739 1743 1950 1796 novum,
2019 1795 2020 1798 Ἴ

255 1802 386 1867 quod
425 1802 524 1851 illic
562 1805 807 1868 promissa
846 1809 896 1853 et
935 1803 1062 1852 dona
1106 1810 1307 1853 terrena
1347 1810 1483 1870 sunt,
1529 1802 1934 1867 intellegentibus
2019 1807 2020 1837 ³

255 1882 305 1926 et
350 1884 470 1925 tunc
518 1876 847 1943 spiritalibus,
894 1878 1116 1942 quamvis
1170 1877 1390 1926 nondum
1438 1879 1491 1926 in
1541 1876 1936 1926 manifestatione

252 1949 675 2018 praedicantibus,
730 1958 781 2000 et
827 1966 951 2015 quae
998 1950 1094 2000 illis
1149 1949 1502 2016 temporalibus
1549 1949 1701 1999 rebus
1752 1949 1934 2015 signifi-

255 2029 452 2072 caretur
508 2025 795 2090 aeternitaS,
850 2031 900 2074 et
952 2026 1004 2073 in
1059 2024 1240 2089 quibus
1294 2024 1383 2074 Dei
1439 2024 1581 2073 donis
1636 2031 1769 2074 esset
1821 2037 1938 2072 vera

258 2095 480 2146 felicitas,

858 2195 1053 2251 CAPUT
1085 2196 1336 2251 XXXIV.

283 2302 361 2352 De
399 2316 559 2363 reqno
599 2303 924 2365 Iudaeorum,
963 2306 1102 2364 quod
1137 2305 1202 2353 ab
1240 2318 1341 2354 uno
1381 2309 1431 2354 et
1466 2317 1586 2354 vero
1625 2303 1731 2353 Deo
1771 2304 1915 2353 insti·

404 2381 564 2425 tutum
602 2382 755 2438 atque
792 2383 1046 2427 servatum
1085 2384 1180 2438 est,
1221 2380 1381 2428 donec
1419 2379 1472 2427 in
1511 2391 1634 2427 vera
1673 2378 1790 2427 reli-

841 2453 994 2512 ⁴qz'one
1030 2456 1340 2501 manserunt.

401 2551 573 2617 Itaque
623 2559 680 2602 ut
731 2559 1153 2616 cognoscerentur
1205 2555 1352 2602 etiam
1409 2552 1489 2602 illa
1539 2559 1740 2602 terrena
1792 2551 1944 2619 bona,

256 2623 436 2689 quihus
476 2625 595 2675 solis
630 2625 824 2676 inhiant
862 2627 947 2690 qui
985 2625 1188 2675 meliora
1227 2627 1443 2691 cogitare
1483 2641 1585 2676 non
1621 2633 1846 2693 possunt,
1883 2627 1936 2675 in

253 2700 408 2762 ipsius
447 2700 597 2748 unius
642 2698 730 2748 Dei
778 2714 888 2749 esse
934 2701 1094 2764 posita
1132 2705 1398 2766 potestate,
1436 2715 1536 2749 non
1578 2701 1628 2749 in
1668 2698 1939 2750 multorum

370 2875 396 2915 8
429 2869 622 2916 fortuito
650 2870 806 2925 0AK;
835 2869 1033 2916 fortuitu
1062 2884 1089 2916 v
1111 2872 1129 2928 ss
1154 2875 1206 2914 17
1239 2871 1297 2915 ab
1330 2884 1384 2916 eo
1416 2884 1498 2916 om.
1525 2871 1582 2917 0¹
