2020 3122
549 162 617 194 DE
640 161 877 216 CIVITATE
901 163 988 195 DEI
1012 163 1053 196 L.
1077 164 1144 197 1x.
1170 165 1207 198 c.
1233 167 1266 198 4.
1651 153 1758 208 373

78 274 192 323 nula
232 288 319 322 sua
360 273 514 322 Stoici
545 272 757 337 Epicteti
796 273 992 341 librum,
1031 277 1082 324 in
1123 292 1219 340 quo
1260 292 1317 325 ea
1356 279 1538 341 scripta
1578 286 1758 344 essent,

79 362 202 412 quae
259 353 594 411 congruerent
655 347 868 396 decretis
924 347 1135 397 Zenonis
1191 356 1239 397 et
1294 350 1578 418 Chrysippi,
1632 367 1755 416 quos

70 412 228 470 'fuisse
256 420 536 470 Stoicorum
567 422 818 485 principes
851 422 1088 471 novimus
1159 423 1213 470 ln
1247 438 1303 471 eo
1336 423 1462 472 libro
1495 440 1547 473 56
1579 425 1756 490 legisse

77 496 195 544 dicit
244 494 298 543 A.
345 493 529 544 Gellius
574 493 669 543 hoc
718 494 896 543 Stoicis
943 495 1210 562 placuisse,
1262 498 1392 560 quod
1443 500 1590 546 animi
1641 501 1757 565 visa,

78 584 198 633 quas
246 567 492 633 appellant
538 567 819 633 phantasias
866 583 958 617 nec
1004 570 1055 617 in
1102 575 1345 633 potestate
1386 577 1462 619 est
1499 578 1667 621 utrum
1708 579 1758 621 et

77 643 270 707 quando
325 642 545 690 incidant
599 644 782 709 animo,
838 657 952 691 cum
998 644 1202 691 veniunt
1250 659 1309 691 ex
1355 643 1660 694 terribilibus
1709 653 1758 694 et

75 715 464 765 formidabilibus
504 715 676 782 rebus,
725 731 928 765 necesse
969 722 1045 765 est
1085 718 1230 765 etiam
1270 719 1504 782 sapientis
1544 720 1758 767 animum

75 796 321 856 moveant,
368 792 435 838 ita
474 796 530 839 ut
568 790 818 855 paulisper
858 790 932 838 vel
971 796 1200 854 pavescat
1239 797 1398 857 metu,
1444 791 1520 840 vel
1559 793 1759 841 tristitia

76 863 425 929 contrahatur,
491 871 740 928 tamquam
807 864 884 913 his
954 863 1266 929 passionibus
1327 865 1759 929 praevenientibus

75 940 254 988 mentis
310 944 358 987 et
407 940 611 987 rationis
666 938 906 1003 officium3
963 953 1054 986 nec
1107 937 1218 987 ideo
1274 945 1438 988 tamen
1491 940 1543 987 in
1594 946 1757 989 mente

75 1013 183 1061 fieri
222 1013 505 1076 opinionem
536 1011 664 1078 mali,
703 1027 794 1061 nec
835 1012 1097 1076 adprobari
1134 1014 1228 1061 ista
1267 1014 1435 1077 eisque
1477 1015 1763 1062 consentiri.

75 1085 180 1134 Hoc
229 1087 359 1135 enim
407 1101 516 1134 esse
566 1086 736 1135 volunt
781 1088 832 1134 in
880 1092 1127 1151 potestate
1175 1086 1324 1150 idque
1364 1088 1606 1136 interesse
1646 1103 1758 1136 cen-

77 1166 187 1208 sent
224 1161 357 1208 inter
394 1162 611 1209 animum
652 1162 886 1224 sapientis
927 1167 976 1209 et
1016 1160 1179 1225 stulti,
1219 1161 1350 1224 quod
1390 1160 1528 1210 stulti
1567 1163 1758 1210 animus

77 1233 262 1283 eisdem
293 1233 605 1298 passionibus
638 1234 768 1283 cedit
808 1241 953 1298 atque
994 1234 1333 1284 adcommodat
1370 1237 1550 1283 mentis
1590 1235 1760 1284 adsen-

77 1323 208 1373 sum3
256 1310 490 1372 sapientis
539 1314 724 1374 autem,
781 1311 1000 1373 quamvis
1056 1324 1137 1357 eas
1186 1310 1478 1358 necessitate
1530 1311 1758 1375 patiatur,

76 1383 258 1430 retinet
297 1389 462 1430 tamen
501 1382 561 1430 de
600 1382 692 1443 his,
735 1398 858 1446 quae
900 1382 1130 1447 adpetere
1171 1383 1247 1431 vel
1287 1384 1456 1447 fugere
1497 1382 1758 1432 rationabi-

76 1455 188 1506 liter
228 1455 397 1522 debet,
443 1471 608 1505 veram
657 1462 706 1505 et
754 1456 979 1506 stabilem
1025 1458 1320 1505 inconcussa
1359 1463 1524 1507 mente
1564 1463 1759 1505 senten-

76 1531 206 1578 tiam.
283 1529 415 1578 Haec
461 1537 517 1578 ut
561 1533 700 1594 potui
746 1546 845 1579 non
893 1530 1092 1595 quidem
1140 1530 1443 1580 commodius
1490 1531 1542 1579 A.
1590 1530 1760 1596 Gellio,

78 1603 162 1652 sed
204 1610 338 1652 certe
383 1603 582 1652 brevius
623 1611 687 1671 et,
726 1611 782 1653 ut
820 1611 962 1670 pute,
1008 1605 1202 1669 planius
1242 1607 1468 1671 exposui,
1516 1620 1640 1668 quae
1679 1604 1760 1652 ille

78 1693 130 1725 se
169 1679 219 1725 in
259 1677 472 1742 Epicteti
520 1677 646 1726 libro
685 1678 863 1743 legisse
905 1685 1256 1727 commemorat
1295 1693 1408 1727 eum
1448 1693 1508 1726 ex
1548 1678 1759 1726 decretis

79 1750 358 1800 Stoicorum
399 1752 578 1800 dixisse
620 1758 765 1816 atque
806 1755 1035 1801 sensisse.

227 1824 360 1882 Quae
393 1827 436 1874 si
467 1827 534 1874 ita
573 1833 703 1891 sunt,
736 1834 827 1875 >aut
864 1826 988 1874 nihil
1025 1832 1109 1874 aut
1147 1841 1301 1889 paene
1341 1825 1462 1874 nihil
1502 1825 1648 1873 distat
1686 1826 1758 1872 in-

78 1905 152 1947 ter
208 1898 488 1948 Stoicorum
542 1900 849 1964 aliorumque
903 1899 1310 1964 philosophorum
1364 1900 1645 1963 opinionem
1700 1898 1758 1946 de

75 1973 386 2036 passionibus
434 1979 483 2021 et
528 1973 985 2037 perturbationibus
1033 1975 1331 2038 animorum3
1378 1974 1578 2036 utrique
1629 1973 1758 2020 enim

76 2052 293 2094 mentem
332 2048 673 2110 rationemque
721 2048 958 2111 sapientis
997 2046 1055 2094 ab
1098 2061 1266 2095 earum
1306 2046 1637 2095 dominatione
1677 2046 1757 2094 de-

77 2119 298 2169 fendunt.
376 2120 438 2168 Et
484 2120 594 2168 ideo
643 2121 850 2169 fortasse
900 2121 1072 2169 dicunt
1119 2135 1200 2169 eas
1247 2122 1299 2168 in
1348 2121 1620 2185 sapientem
1659 2135 1759 2168 non

79 2193 251 2242 cadere
287 2194 453 2259 Stoici,
494 2196 606 2258 quia
639 2209 949 2258 nequaquam
982 2197 1088 2243 eius
1122 2195 1425 2260 sapientiam,
1461 2209 1556 2258 qua
1587 2195 1758 2258 utique

79 2269 272 2331 sapiens
324 2275 420 2334 est,
468 2268 566 2316 ullo
617 2284 786 2316 errore
836 2267 1125 2316 obnubilant
1173 2274 1256 2316 aut
1301 2267 1408 2317 labe
1451 2267 1757 2316 subvertunt.

77 2341 318 2391 Accidunt
349 2349 512 2391 autem
546 2343 706 2390 animo
747 2343 981 2406 sapientis
1021 2342 1148 2391 salva
1188 2343 1452 2391 serenitate
1493 2342 1757 2406 sapientiae

77 2421 281 2479 propter
334 2416 436 2482 illa,
491 2431 614 2480 quae
679 2416 932 2464 commoda
993 2416 1069 2464 vel
1130 2416 1440 2464 incommoda
1501 2413 1758 2479 appellant,

80 2491 298 2551 quamvis
346 2505 401 2538 ea
448 2490 606 2538 nolint
653 2490 817 2539 dicere
865 2489 992 2538 bona
1039 2490 1114 2538 vel
1160 2490 1298 2538 mala.
1375 2489 1496 2537 Nam
1535 2487 1755 2552 profecto

81 2564 121 2610 si
153 2562 292 2611 nihili
322 2563 562 2627 penderet
595 2579 676 2612 eas
709 2579 788 2612 res
820 2564 900 2612 ille
933 2563 1269 2629 philosophUS,
1310 2578 1429 2626 quas
1463 2563 1757 2610 amissurum

83 2650 135 2683 se
175 2637 430 2701 naufragio
482 2637 746 2704 sentiebat,
795 2639 940 2686 sicuti
989 2643 1064 2686 est
1108 2639 1205 2685 vita
1250 2639 1343 2685 ista
1382 2635 1610 2697 salusque
1652 2647 1756 2680 cor-

79 2711 235 2772 poris:
282 2726 380 2758 non
419 2713 485 2759 ita
524 2711 644 2759 illud
684 2711 960 2775 periculum
999 2711 1427 2775 perhorresceret,
1466 2714 1522 2755 ut
1559 2705 1757 2770 palloris

203 2900 254 2939 15
286 2910 376 2952 sqq.
412 2896 643 2952 sapientes
675 2928 691 2944 .
724 2932 732 2940 .
766 2896 1004 2952 patiantur
1034 2895 1236 2938 retinent
1268 2927 1278 2937 .
1312 2927 1321 2937 .
1356 2893 1525 2936 debent
1555 2890 1652 2934 AF

1796 951 1847 988 10

1795 1318 1846 1357 15

1793 1686 1848 1725 20

1792 2054 1846 2093 25

1790 2422 1845 2460 30
