2038 3152
149 963 201 1002 10

150 1787 205 1827 20

152 2184 206 2223 25

151 2552 207 2591 30

235 165 306 218 32
906 175 940 209 S.
965 176 1238 210 Aucosrmr

233 290 454 338 Romani.
530 289 715 354 Nempe
763 296 875 354 post
913 296 1193 355 perpetrata
1234 290 1449 339 facinora
1488 305 1579 339 nec
1620 304 1915 354 quemquam

235 363 499 413 scelestum
551 363 885 412 indemnatum
937 365 1122 428 inpune
1172 363 1396 412 voluistis
1447 363 1619 413 occidi.
1698 363 1750 412 Si
1797 378 1915 428 ergo

235 437 293 486 ad
332 443 552 486 vestrum
576 437 813 486 iudicium
845 438 1103 502 quisquam
1142 437 1358 486 deferret
1396 436 1490 486 hoc
1530 438 1717 486 crimen
1755 435 1915 486 vobis-

240 526 335 575 que
358 510 655 577 probaretur
679 525 780 559 non
803 510 960 560 solum
986 510 1329 577 indemnatam,
1365 526 1537 560 verum
1562 511 1710 560 etiam
1733 520 1915 560 castam

236 591 286 634 et
308 586 624 633 innocentem
648 584 958 634 interfectam
997 600 1106 634 esse
1146 584 1418 650 mulierem,
1458 600 1622 633 nonne
1664 599 1793 652 eum,
1832 586 1917 649 qui

233 657 284 707 id
322 659 546 724 fecisset,
585 659 844 707 severitate
885 673 1102 723 congrua
1140 655 1461 723 plecteretis?
1536 657 1640 707 Hoc
1681 658 1798 707 fecit
1835 657 1917 707 illa

233 730 483 797 Lucretia3
536 730 641 798 illa,
696 730 777 780 illa
830 733 901 780 sic
963 731 1242 796 praedicata
1303 731 1531 781 Lucretia
1586 733 1917 796 innocentem,

234 811 431 871 castam,
470 806 567 854 vim
605 820 891 870 perpessam
915 804 1194 855 Lucretiam
1233 807 1438 870 insuper
1477 807 1742 855 interemit.
1797 805 1916 855 Pro-

234 880 358 929 ferte
406 880 715 928 sententiam.
793 879 935 937 Quod
983 881 1024 927 si
1069 885 1332 944 propterea
1380 894 1479 927 non
1517 881 1726 944 potestis
1738 919 1752 945 ,
1803 881 1917 944 quia

234 969 334 1002 non
374 959 499 1002 astat
537 967 684 1017 quam
728 954 906 1017 punire
944 954 1167 1018 possitiS,
1214 967 1303 1001 cur
1352 952 1740 1002 interfectricem
1777 955 1916 1002 inno-

235 1028 392 1076 centis
433 1032 483 1075 et
522 1032 683 1075 castae
708 1032 843 1074 tanta
880 1025 1245 1090 praedicatione
1283 1022 1528 1075 laudatis?
1584 1025 1741 1084 Quam
1780 1032 1915 1076 certe

234 1100 363 1165 apud
402 1101 622 1148 infernos
649 1099 838 1148 iudices
863 1100 1010 1148 etiam
1048 1099 1184 1164 taleS,
1225 1099 1394 1164 quales
1432 1105 1692 1164 poetarum
1729 1106 1916 1150 vestro·

234 1188 346 1223 rum
386 1172 685 1222 carminibus
726 1175 1041 1238 cantitantur,
1082 1173 1214 1222 nulla
1253 1175 1442 1222 ratione
1483 1172 1762 1239 defenditiS,
1802 1189 1916 1222 con-

235 1249 458 1297 stitutam
498 1246 686 1296 scilicet
725 1248 856 1296 inter
894 1246 1029 1311 illos,

943 1351 1027 1412 qui
1067 1350 1162 1398 sibi
1198 1351 1357 1398 letum

382 1425 609 1473 Insontes
649 1439 887 1486 peperere
924 1439 1076 1471 manu
1114 1424 1371 1485 lucemque
1411 1424 1576 1485 perosi

382 1498 640 1547 Proiecere
680 1498 888 1560 animas3

236 1603 316 1650 cui
355 1600 413 1649 ad
454 1615 667 1664 superna
706 1599 868 1649 redire
909 1600 1128 1665 cupienti

382 1704 479 1752 Fas
520 1704 704 1764 obstat,
743 1704 1003 1765 tristisque
1042 1703 1186 1765 palus
1225 1703 1507 1752 inamabilis
1547 1704 1709 1753 undae

381 1778 603 1840 Adligat.

237 1881 310 1928 An
350 1879 476 1929 forte
515 1879 626 1928 ideo
667 1878 734 1928 ibi
775 1886 885 1928 non·
912 1886 1007 1945 est,
1055 1881 1170 1943 quia
1208 1894 1307 1927 non
1346 1881 1616 1946 insontem,
1666 1881 1752 1930 sed
1792 1880 1916 1929 male

238 1953 331 2002 sibi
370 1954 616 2002 consciam
656 1969 707 2002 se
747 1949 992 2018 peremit?
1055 1952 1183 2010 Quid
1223 1954 1265 2001 si
1303 1955 1433 2002 enim
1473 1947 1631 2020 (quod
1669 1955 1775 2019 ipsa
1813 1960 1918 2003 tan-

237 2026 488 2076 tummodo
521 2042 666 2075 nosse
700 2020 917 2094 poterat)
959 2027 1180 2091 quamvis
1215 2027 1381 2076 iuveni
1419 2026 1660 2076 violenter
1698 2029 1919 2077 inruenti

241 2102 388 2150 etiam
428 2115 516 2149 sua
561 2099 763 2149 libidine
810 2099 989 2149 inlecta
1038 2101 1289 2149 consensit
1334 2100 1480 2164 idque
1520 2102 1572 2149 in
1613 2115 1665 2149 se
1703 2103 1917 2166 puniens

239 2175 305 2223 ita
344 2172 520 2240 doluit,
567 2179 622 2222 ut
670 2179 828 2223 morte
875 2179 1072 2238 putaret
1118 2170 1449 2238 expiandum?
1511 2173 1816 2239 Quamquam
1855 2190 1917 2223 ne

239 2249 310 2296 sic
351 2246 550 2311 quidem
582 2262 635 2295 se
675 2246 901 2296 occidere
934 2246 1118 2311 debuit,
1158 2248 1200 2295 si
1239 2247 1544 2296 fructuosam
1581 2254 1750 2312 posset
1788 2248 1918 2313 apud

240 2321 358 2370 deos
398 2320 546 2369 falsos
571 2336 714 2385 agere
739 2321 1103 2385 paenitentiam.
1180 2319 1362 2369 Verum
1400 2327 1563 2369 tamen
1604 2322 1646 2369 si
1685 2321 1811 2370 forte
1850 2323 1918 2370 ita

240 2401 315 2443 est
355 2393 627 2458 falsumque
676 2400 751 2443 est
788 2393 929 2460 illud,
977 2394 1107 2458 quod
1155 2393 1252 2442 duo
1292 2394 1495 2443 fuerunt
1534 2400 1582 2443 et
1622 2393 1918 2444 adulterium

239 2482 369 2516 unus
416 2467 632 2534 admisit,
680 2467 766 2516 sed
812 2469 977 2532 potius
1021 2466 1162 2516 ambo
1212 2466 1508 2516 adulterium
1547 2469 1917 2534 commiserunt,

238 2556 368 2590 unus
408 2541 665 2590 manifesta
703 2542 977 2607 invasione,
1017 2540 1171 2590 altera
1208 2539 1388 2589 latente
1430 2542 1779 2591 consensione:
1818 2557 1917 2591 non

356 2655 430 2710 20)
462 2655 574 2698 Aen.
608 2659 649 2709 6,
680 2658 767 2698 434
798 2668 893 2710 sqq.

360 2792 382 2830 7
416 2786 500 2829 illa
529 2785 612 2830 illa
643 2786 753 2839 Kv‚·
783 2785 868 2830 illa.
898 2785 996 2828 AF
1014 2787 1029 2842 ΙΙ
1061 2789 1115 2829 19
1146 2784 1386 2841 tristisque
1419 2823 1427 2831 .
1463 2821 1471 2829 .
1505 2787 1653 2831 undae
1688 2785 1918 2839 GA¹K¹0‚·

238 2844 476 2900 tristisque
510 2881 519 2889 .
556 2880 565 2889 .
597 2845 722 2888 unda.
752 2843 964 2898 A2K²F;
1004 2845 1218 2900 tristique
1254 2879 1263 2887 .
1299 2880 1307 2888 .
1340 2844 1464 2888 unda,
1498 2846 1636 2891 Parr.
1669 2847 1767 2891 rell.
1805 2848 1822 2902 11
1859 2850 1917 2890 25

199 2963 208 2973 ὁ
239 2917 296 2946 ne
330 2903 508 2956 GAK¹;
538 2918 622 2948 nec
654 2903 919 2959 K²Fv1130
949 2903 1062 2961 non]
1097 2917 1179 2947 nec
1211 2904 1255 2946 A
