2020 3122
562 143 629 174 DE
653 141 891 175 cnm-Are
914 142 1003 174 Dm
1026 142 1068 174 L.
1093 143 1180 175 XII.
1205 143 1244 176 c.
1270 144 1325 176 16.
1663 132 1768 184 537

87 259 351 319 propterea
407 268 603 318 semper
667 253 820 302 fuisse
884 252 1139 319 dicantur,
1194 256 1308 318 quia
1363 256 1496 303 omni
1550 261 1770 319 tempore

89 328 315 394 suerunt,
354 333 404 376 et
448 333 710 392 propterea
756 327 890 374 omni
937 333 1159 391 tempore
1208 328 1430 388 fuerunt,
1486 330 1599 392 quia
1638 329 1770 378 nullo

88 400 234 450 modo
283 402 390 450 sine
435 399 512 448 his
559 402 664 464 ipsa
711 405 934 464 tempora
981 415 1089 448 esse
1137 407 1421 465 potuerunt.
1498 401 1591 451 Ubi
1642 405 1773 451 enim

88 474 220 524 nulla
277 479 504 523 creatura
544 480 641 540 est,
703 475 845 522 cuius
907 473 1226 523 mutabilibus
1281 475 1495 524 motibus
1550 483 1772 541 tempora

86 554 410 615 peragantur,
465 554 687 612 tempora
734 549 933 595 omnino
990 562 1100 595 esse
1152 564 1248 595 non
1295 556 1524 614 possunt3
1580 565 1635 598 ac
1681 566 1771 614 per
1802 560 1828 599 5

87 621 181 671 hoc
237 623 330 671 etsi
391 636 587 686 semper
640 621 872 686 fuerunt,
928 622 1080 669 creati
1134 627 1280 687 sunt,
1333 637 1424 670 nec
1487 625 1528 671 si
1575 638 1771 688 semper

88 695 312 762 fuerunt,
359 695 469 744 ideo
511 694 733 744 Creatori
779 696 1029 744 coaeterni
1076 702 1205 743 sunt.
1282 694 1365 743 Ille
1407 697 1537 744 enim
1577 711 1771 761 semper

89 769 182 818 fuit
237 770 527 818 aeternitate
583 768 879 834 inmutabili3
937 770 1019 817 isti
1082 776 1246 817 autem
1309 769 1425 817 facti
1487 776 1623 835 sunt3
1685 771 1771 818 sed

94 842 205 891 ideo
262 858 457 907 semper
512 843 663 891 fuisse
720 842 982 908 dicuntur,
1037 845 1148 906 quia
1204 844 1338 891 omni
1391 849 1613 907 tempore
1669 844 1771 892 sue-

88 922 228 982 runt,
284 918 388 964 sine
445 915 623 980 quibus
680 922 903 981 tempora
950 916 1083 964 nullo
1131 916 1276 964 modo
1326 931 1434 965 esse
1479 923 1859 982 potuerunt310

89 997 284 1055 tempus
318 996 482 1038 autem
515 991 747 1054 quoniam
779 989 1104 1038 mutabilitate
1138 991 1449 1055 transcurrit,
1489 992 1771 1039 aeternitati

88 1063 365 1112 inmutabili
424 1078 522 1111 non
586 1070 749 1128 potest
810 1079 918 1112 esse
983 1069 1314 1112 coaeternum.
1399 1063 1467 1111 Ac
1528 1079 1618 1128 per
1679 1064 1772 1112 hoc

91 1139 282 1186 etiamsi
334 1137 660 1186 inmortalitas
714 1135 1003 1202 angelorum
1057 1152 1156 1185 non
1204 1138 1381 1185 transit
1435 1139 1484 1185 in
1535 1145 1774 1203 tempore,

90 1226 182 1260 nec
228 1213 494 1276 praeterita
552 1217 627 1259 est
682 1212 821 1275 quasi
866 1213 967 1259 iam
1014 1226 1112 1259 non
1153 1212 1245 1275 sit,
1291 1225 1383 1258 nec
1424 1211 1589 1260 futura
1630 1213 1771 1275 quasi

90 1284 311 1334 nondum
358 1287 443 1333 sit:
490 1291 653 1333 tamen
703 1299 873 1332 eorum
915 1292 1100 1351 motus,
1152 1283 1332 1348 quibus
1387 1290 1608 1348 tempora
1662 1300 1771 1349 per-
1807 1294 1859 1333 15

91 1364 320 1425 aguntur,
360 1374 419 1406 ex
452 1358 620 1407 futuro
652 1359 703 1406 in
726 1360 1050 1423 praeteritum
1090 1365 1362 1422 transeunt,
1403 1364 1450 1406 et
1492 1358 1600 1406 ideo
1628 1357 1775 1406 Crea-

92 1434 215 1499 tori,
268 1434 319 1480 in
373 1433 514 1480 cuius
571 1438 705 1481 motu
761 1431 1024 1480 dicendum
1073 1447 1171 1480 non
1222 1437 1298 1480 est
1338 1430 1412 1478 vel
1454 1432 1604 1480 fuisse
1646 1431 1777 1495 quod

91 1508 188 1554 iam
221 1521 318 1554 non
353 1507 430 1572 sit,
469 1504 546 1553 vel
579 1506 803 1554 futurum
836 1520 945 1554 esse
979 1505 1108 1570 quod
1149 1505 1369 1554 nondum
1409 1507 1487 1571 sit,
1527 1507 1777 1554 coaeterni

95 1589 202 1628 esse
242 1594 342 1628 non
380 1586 603 1643 possunt.

244 1653 555 1718 Quapropter
610 1654 652 1701 si
705 1652 836 1702 Deus
892 1667 1087 1718 semper
1135 1653 1363 1701 dominus
1415 1652 1526 1718 fuit,
1582 1666 1778 1716 semper
1810 1661 1866 1701 20

94 1727 265 1776 habuit
297 1734 574 1776 creaturam
607 1742 697 1776 suo
729 1726 1002 1775 dominatui
1042 1728 1359 1791 servientem3
1400 1740 1571 1773 verum
1611 1730 1775 1773 tamen

95 1816 194 1850 non
242 1801 301 1850 de
348 1803 456 1865 ipso
503 1802 739 1866 genitam,
786 1799 872 1848 sed
919 1799 978 1848 ab
1025 1801 1133 1864 ipso
1174 1799 1233 1848 de
1274 1799 1424 1847 nihilo
1466 1800 1642 1847 factam
1683 1814 1773 1847 nec

95 1877 140 1924 ei
172 1881 503 1940 coaeternam3
543 1881 649 1923 erat
680 1875 861 1939 quippe
894 1880 1006 1922 ante
1040 1873 1184 1939 illam,
1225 1875 1444 1937 quamvis
1478 1872 1611 1921 nullo
1651 1879 1772 1921 tem-

93 1963 215 2013 pore
247 1950 353 1997 sine
383 1947 486 2014 illa;
526 1963 625 1996 non
657 1952 766 1996 eam
797 1949 954 2012 spatio
993 1954 1382 2013 transcurrente,
1422 1946 1507 1995 sed
1547 1952 1775 1995 manente

94 2023 424 2087 perpetuitate
472 2021 787 2086 praecedens
866 2020 962 2069 Sed
1011 2021 1103 2069 hoc
1154 2023 1195 2069 si
1234 2019 1539 2084 respondero
1580 2021 1651 2068 eis
1692 2021 1777 2083 qui
1807 2028 1863 2069 25

95 2097 380 2161 requirunt,
434 2110 533 2159 quo
587 2094 731 2143 modo
787 2109 983 2159 semper
1030 2101 1246 2160 creator,
1300 2109 1496 2158 semper
1551 2093 1778 2142 dominus

99 2169 204 2235 ruit,
245 2171 287 2218 si
327 2175 553 2218 creatura
585 2170 806 2218 serviens
845 2183 944 2216 non
984 2183 1180 2232 semper
1219 2168 1333 2233 fuit3
1373 2174 1456 2216 aut
1496 2183 1593 2231 quo
1633 2166 1778 2215 modo

99 2249 263 2292 creata
294 2249 452 2292 estet
482 2258 581 2291 non
619 2244 785 2307 potius
825 2244 1037 2291 creatori
1077 2247 1336 2290 coaeterna
1376 2247 1465 2306 est,
1505 2243 1546 2290 si
1586 2255 1781 2304 semper

98 2316 212 2366 fuit:
267 2331 442 2365 vereor
494 2331 557 2364 ne
612 2315 802 2364 facilius
852 2316 1043 2364 iudicer
1098 2315 1355 2364 adfirmare
1410 2314 1542 2379 quod
1597 2315 1780 2378 nesci0,

99 2405 247 2454 quam
290 2389 469 2439 docere
511 2389 642 2454 quod
685 2391 801 2438 scio,
877 2389 1044 2438 Redeo
1082 2391 1234 2453 igitur
1273 2388 1330 2437 ad
1372 2388 1436 2454 id,
1476 2387 1605 2451 quod
1646 2401 1778 2435 crea·
1811 2397 1867 2435 30

98 2471 180 2512 tor
219 2470 390 2512 noster
429 2465 557 2512 scire
598 2478 689 2511 nos
729 2462 902 2528 voluit3
941 2463 1021 2511 illa
1060 2478 1201 2529 ver0,
1240 2477 1365 2526 quae
1405 2461 1480 2509 vel
1520 2461 1780 2524 sapientio-

101 2536 240 2586 ribus
278 2538 330 2585 in
369 2537 459 2585 hac
506 2538 604 2585 vita
644 2538 771 2585 scire
811 2538 1036 2601 permisit
1089 2536 1165 2584 vel
1219 2539 1418 2584 omnino
1459 2533 1691 2598 perfectis
1730 2534 1781 2580 in

103 2609 192 2658 alia
231 2611 328 2659 vita
369 2609 567 2659 scienda
608 2607 830 2676 servavit,
870 2610 999 2659 ultra
1039 2612 1167 2658 vires
1208 2623 1341 2657 meas
1381 2622 1489 2656 esse
1530 2606 1780 2654 confiteor.

106 2682 202 2731 Sed
242 2683 352 2732 ideo
391 2685 556 2747 putavi
596 2686 700 2732 sine
750 2683 1086 2732 adfirmatione
1126 2680 1399 2746 tractanda,
1446 2686 1502 2728 ut
1541 2681 1625 2743 qui
1663 2678 1783 2726 haec

225 2874 249 2913 5
282 2871 569 2926 peraguntur
610 2869 687 2926 Vn
713 2873 766 2912 15
799 2870 1031 2925 peragunt
1071 2868 1113 2910 V
