2020 3122
151 573 177 612 5

123 941 176 980 10

124 1676 179 1715 20

130 2043 184 2082 ‘25

127 2411 182 2450 30

207 146 316 198 284
879 152 913 186 s,
937 153 1212 188 Aucus'nm

207 275 401 335 noster,
453 283 566 317 cum
607 283 662 316 os
702 269 975 332 aperimuS,
1022 268 1207 317 mundo
1248 268 1420 317 similis
1459 267 1704 334 videatur3
1758 269 1890 318 unde

207 349 258 393 et
294 342 509 407 palatum
550 341 724 390 Graeci
763 336 982 406 οὐρανὸν
1022 341 1288 407 appellant,
1335 348 1385 391 et
1423 342 1674 409 nonnulli,
1714 344 1891 409 inquit,

206 422 379 480 poetae
435 415 596 464 Latini
651 414 839 464 caelum
887 422 1186 464 vocaverunt
1234 414 1476 482 palatum,
1531 431 1558 464 a
1605 431 1703 480 quo
1753 416 1890 465 hiatu
1943 462 1952 474 s

210 491 310 538 oris
359 496 407 538 et
453 489 585 538 foras
634 503 745 537 esse
794 488 981 538 aditum
1027 489 1086 538 ad
1127 489 1301 538 dentes
1340 505 1513 539 versus
1555 495 1604 538 et
1642 491 1890 538 introrsus

211 561 269 612 ad
309 563 491 612 fauces,
567 561 696 611 Ecce
749 578 844 627 quo
884 562 1158 627 perductus
1198 569 1274 611 est
1314 563 1528 612 mundus
1567 569 1773 628 propter
1811 577 1894 627 pa—

206 636 292 685 lati
344 637 504 685 nostri
557 635 849 686 vocabulum
901 636 977 684 vel
1017 635 1259 685 Graecum
1308 637 1383 686 vel
1422 639 1686 701 poeticum.
1765 635 1893 694 Quid

209 717 372 759 autem
411 709 505 758 hoc
545 709 604 759 ad
644 712 870 775 animam,
911 709 1027 774 quid
1069 709 1127 758 ad
1160 711 1309 758 vitam
1349 707 1636 759 aeternam?
1682 709 1896 775 Propter

209 783 336 832 solas
393 783 566 832 salivas
614 783 803 832 colatur
851 783 932 832 hic
984 782 1129 848 deuS,
1181 783 1360 847 quibus
1407 786 1586 849 partim
1626 783 1893 848 glutiendis

208 859 388 922 partim
421 856 692 921 expuendis
726 856 817 906 sub
851 856 984 906 caelo
1023 856 1173 921 palati
1212 864 1421 921 utraque
1462 857 1694 922 panditur
1733 857 1892 906 ianua.

211 930 338 988 Quid
380 936 455 979 est
501 945 651 995 porro
692 929 977 996 absurdius,
1025 945 1170 994 quam
1218 932 1270 979 in
1309 933 1416 995 ipso
1457 931 1640 980 mundo
1680 945 1777 979 non
1818 932 1890 978 in-

207 1005 376 1052 venire
417 1004 537 1052 duas
576 1005 747 1053 ianuas
788 1019 846 1052 ex
887 1004 1090 1052 adverso
1132 1005 1274 1070 sitas,
1313 1020 1403 1069 per
1443 1020 1565 1069 quas
1605 1004 1681 1053 vel
1721 1003 1892 1052 admit-

208 1084 279 1126 tat
310 1077 367 1125 ad
394 1093 447 1126 se
472 1076 652 1141 aliquid
688 1079 818 1126 intro
850 1077 926 1126 vel
959 1080 1150 1127 emittat
1188 1093 1213 1126 a
1254 1093 1306 1126 se
1347 1078 1493 1144 foras,
1534 1084 1582 1127 et
1621 1078 1681 1127 de
1722 1083 1894 1126 nostro

209 1166 294 1199 ore
336 1157 386 1200 et
423 1158 640 1218 gutture,
680 1166 893 1216 quorum
926 1151 1298 1200 similitudinem
1338 1153 1552 1201 mundus
1592 1167 1691 1200 non
1729 1150 1894 1216 habet,

208 1224 331 1273 velle
383 1225 554 1274 mundi
609 1225 927 1274 simulacrum
979 1240 1276 1290 componere
1323 1227 1374 1274 in
1413 1226 1528 1275 Iano
1576 1231 1782 1290 propter
1820 1239 1896 1273 so-

210 1298 311 1347 lum
350 1298 581 1365 palatum,
621 1301 763 1348 cuius
803 1299 1175 1348 similitudinem
1206 1298 1353 1348 Ianus
1393 1315 1492 1348 non
1530 1295 1717 1348 habet?
1771 1297 1896 1347 Cum

209 1387 325 1420 vero
360 1387 472 1421 eum
505 1373 693 1421 faciunt
724 1372 1116 1436 quadrifrontem
1149 1379 1199 1422 et
1230 1373 1402 1422 lanum
1441 1375 1694 1438 geminum
1733 1371 1896 1438 appel-

210 1445 338 1512 lant,
377 1446 436 1494 ad
477 1452 709 1510 quattuor
748 1446 919 1494 mundi
958 1453 1124 1511 partes
1163 1446 1257 1495 hoc
1298 1449 1717 1513 interpretantur,
1757 1447 1898 1510 quasi

211 1518 392 1582 aliquid
434 1526 625 1583 spectet
663 1520 877 1568 mundus
918 1520 1048 1569 foras
1109 1521 1239 1569 sicut
1292 1536 1383 1585 per
1423 1536 1593 1570 omnes
1634 1521 1785 1569 facies
1825 1518 1895 1568 Ia·

211 1607 318 1642 nus.
396 1592 581 1642 Deinde
634 1595 675 1642 si
727 1593 872 1642 Ianus
930 1600 1005 1643 est
1050 1594 1265 1643 mundus
1314 1601 1362 1643 et
1408 1595 1623 1644 mundus
1663 1599 1896 1658 quattuor

211 1666 434 1730 partibus
467 1673 674 1733 constat,
713 1666 888 1716 falsum
924 1674 999 1716 est
1038 1667 1356 1716 simulacrum
1388 1668 1491 1717 Iani
1522 1668 1774 1733 bifrontis3
1814 1673 1899 1715 aut

212 1741 254 1787 si
298 1747 562 1805 propterea
615 1755 787 1790 verum
838 1747 937 1806 est,
991 1743 1105 1805 quia
1151 1743 1297 1790 etiam
1352 1744 1549 1790 nomine
1592 1741 1809 1790 Orientis
1850 1746 1900 1790 et

212 1812 495 1863 Occidentis
547 1821 683 1863 totus
735 1814 860 1863 solet
913 1815 1127 1864 mundus
1178 1814 1422 1881 intellegi,
1470 1814 1736 1880 numquid,
1784 1829 1899 1863 cum

213 1886 334 1936 duas
373 1894 539 1952 partes
580 1888 696 1937 alias
736 1890 1047 1938 nominamus
1083 1888 1446 1953 Septentrionis
1487 1895 1536 1938 et
1574 1888 1764 1954 Austri,
1804 1889 1897 1936 sic-

212 1967 268 2009 ut
312 1960 382 2009 illi
429 1961 821 2025 quadrifrontem
870 1961 1042 2011 dicunt
1099 1964 1349 2027 geminum
1399 1962 1596 2028 Ianum,
1644 1964 1710 2011 ita
1766 1963 1898 2026 quis-

221 2049 366 2097 quam
398 2037 648 2098 geminum
674 2036 899 2084 dicturus
925 2043 1001 2085 est
1024 2033 1300 2085 mundum?
1338 2036 1448 2085 Non
1479 2035 1661 2085 habent
1701 2030 1900 2084 omnino

213 2107 345 2155 unde
386 2114 618 2171 quattuor
655 2111 841 2175 ianuaS,
883 2125 1006 2173 quae
1047 2110 1347 2159 intrantibus
1389 2117 1438 2158 et
1477 2109 1774 2158 exeuntibus
1813 2124 1895 2174 pa-

213 2187 363 2246 teant,
401 2182 793 2245 interpretentur
825 2182 884 2230 ad
924 2183 1096 2231 mundi
1135 2183 1520 2248 similitudinem,
1561 2185 1690 2232 sicut
1728 2183 1788 2231 de
1827 2181 1899 2230 bi-

215 2254 377 2302 fronte
426 2255 555 2317 quod
604 2255 828 2304 dicerent
880 2256 1052 2304 saltem
1099 2258 1150 2304 in
1199 2271 1284 2304 ore
1334 2256 1547 2304 hominis
1586 2258 1899 2320 invenerunt,

215 2328 311 2375 nisi
364 2326 623 2391 Neptunus
678 2329 804 2377 forte
862 2328 1119 2377 subveniat
1173 2335 1222 2377 et
1274 2331 1495 2393 porrigat
1543 2331 1756 2395 piscem,
1819 2331 1900 2378 cui

214 2406 413 2465 praeter
459 2400 645 2449 hiatum
694 2404 794 2450 oris
843 2407 893 2450 et
939 2403 1154 2466 gutturis
1203 2403 1351 2451 etiam
1399 2402 1570 2450 dextra
1610 2409 1659 2451 et
1698 2404 1898 2451 sinistra

216 2474 382 2522 fauces
421 2480 605 2538 patent.
681 2474 744 2523 Et
790 2481 954 2523 tamen
1000 2474 1125 2524 hanc
1172 2477 1435 2525 vanitatem
1482 2490 1571 2540 per
1619 2482 1691 2524 tot
1728 2477 1899 2524 ianuas

334 2632 379 2687 3)
414 2630 505 2675 Cic.
540 2630 662 2676 deor.
695 2633 789 2675 nat.
827 2636 868 2686 2,
904 2637 970 2676 18.

217 2880 250 2923 t·
285 2822 613 2924 K}spuendis
645 2823 743 2866 AF
785 2824 800 2879 ΙΙ
847 2828 903 2866 24
933 2822 1006 2866 illi
1036 2823 1179 2878 AK2,·
1225 2824 1356 2867 illum
1388 2824 1535 2869 K¹Fv
1581 2826 1597 2882 [l
1642 2829 1696 2869 27
1729 2823 1901 2868 bifron-

238 2896 254 2923 1
