2020 3122
169 941 223 981 10

170 1307 224 1347 15

171 1675 228 1715 20

171 2043 226 2083 25

175 2572 231 2611 30

253 145 358 198 194
913 153 951 188 s.
976 153 1252 188 Aueuszrrm

251 272 410 320 stione
462 267 741 332 turbatum,
791 266 923 316 unde
974 272 1024 315 et
1068 265 1272 331 Figulus
1323 264 1593 330 appellatus
1641 271 1732 314 est.
1807 263 1936 314 Dum

252 345 382 393 enim
429 349 589 391 rotam
636 340 773 405 figuli
818 342 865 389 vi
912 346 1094 404 quanta
1142 341 1304 404 potuit
1349 340 1654 406 intorsisset,
1702 344 1934 388 currente

251 417 333 466 illa
386 416 462 465 bis
517 429 726 465 numero
781 414 840 463 de
896 418 1169 463 atramento
1220 419 1470 477 tamquam
1516 427 1617 462 uno
1671 414 1778 462 eius
1827 411 1935 461 loco

252 505 441 540 summa
493 489 742 538 celeritate
803 489 1073 553 percussit3
1135 486 1311 536 deinde
1363 487 1561 536 inventa
1612 493 1728 536 sunt
1786 487 1938 552 signa,

254 579 377 628 quae
432 564 631 628 fixerat,
685 562 955 611 desistente
1009 568 1170 627 motu,
1223 575 1322 609 non
1372 575 1523 625 parvo
1577 559 1833 610 intervallo
1886 561 1939 608 in

253 644 389 687 rotae
439 636 570 686 illius
624 637 935 685 extremitate
990 634 1234 684 distantia.
1313 633 1419 700 Sic,
1447 635 1656 699 -inquit,
1706 636 1758 683 in
1805 639 1940 683 tanta

254 713 520 776 rapacitate
554 709 690 775 caeli,
730 711 920 758 etiamsi
953 708 1076 757 alter
1114 715 1227 773 post
1266 708 1475 757 alterum
1514 714 1649 758 tanta
1688 708 1939 757 celeritate

254 791 507 850 nascatur,
555 790 737 848 quanta
786 790 946 831 rotam
983 781 1059 830 bis
1099 784 1204 846 ipse
1243 783 1492 848 percussi,
1530 784 1581 830 in
1622 782 1744 831 caeli
1783 782 1940 846 spatio

254 858 522 923 plurimum
562 864 662 906 est:
700 857 814 905 hinc
855 862 983 921 sunt,
1024 857 1200 921 inquit,
1240 870 1580 919 quaecumque
1621 855 1942 905 dissimillima

254 931 581 998 perhibentur
620 932 670 978 in
715 928 936 978 moribus
977 928 1272 993 casibusque
1313 930 1635 993 geminorum.
1712 929 1817 979 Hoc
1856 929 1940 994 fig-

256 1011 478 1054 mentum
503 1003 723 1068 fragilius
749 1010 825 1052 est
850 1017 996 1067 quam
1034 1018 1162 1067 vasa,
1202 1017 1326 1066 quae
1359 1001 1440 1051 illa
1471 1004 1715 1052 rotatione
1746 1004 1942 1068 fingun-

256 1086 351 1128 tur.
423 1072 551 1127 Nam
598 1079 640 1126 si
686 1083 786 1126 tam
834 1076 1045 1126 multum
1091 1078 1142 1125 in
1190 1076 1324 1124 caelo
1370 1078 1603 1138 interest,
1655 1077 1786 1142 quod
1825 1091 1940 1126 con-

257 1150 618 1201 stellationibus
643 1150 981 1216 conprehendi
1006 1165 1106 1199 non
1143 1156 1322 1216 potest,
1360 1158 1416 1199 ut
1454 1149 1597 1199 alteri
1634 1152 1945 1216 geminorum

256 1225 504 1275 hereditas
530 1224 771 1290 obveniat,
810 1224 951 1273 alteri
976 1239 1073 1272 non
1106 1223 1353 1274 obveniat:
1394 1239 1484 1273 cur
1523 1223 1706 1274 audent
1746 1226 1942 1292 ceteriS,

257 1301 342 1363 qui
381 1301 562 1364 gemini
587 1313 686 1347 non
726 1304 857 1364 sunt,
896 1312 1009 1347 cum
1048 1299 1355 1362 inspexerint
1386 1313 1561 1348 eorum
1616 1298 1942 1349 constellatio·

258 1388 369 1439 neS‚
417 1373 530 1422 talia
569 1373 915 1437 pronuntiare,
962 1386 1090 1435 quae
1132 1370 1191 1420 ad
1229 1371 1349 1420 illud
1390 1378 1639 1422 secretum
1676 1375 1947 1440 pertinent,

260 1447 390 1511 quod
436 1461 581 1495 nemo
636 1451 801 1510 potest
855 1443 1258 1509 conprehendere
1307 1451 1357 1494 et
1402 1447 1666 1495 momentis
1707 1446 1942 1497 adnotare

259 1516 604 1569 nascentium?
658 1518 710 1567 Si
756 1525 921 1568 autem
966 1524 1230 1583 propterea
1277 1518 1390 1568 talia
1437 1519 1608 1569 dicunt
1646 1521 1698 1569 in
1734 1520 1944 1571 aliorum

259 1595 513 1658 genituriS‚
553 1594 667 1657 quia
703 1592 823 1641 haec
864 1592 923 1640 ad
962 1592 1281 1657 productiora
1320 1594 1475 1658 spatia
1513 1599 1795 1658 temporum
1832 1610 1944 1660 per-

260 1669 440 1733 tinent;
480 1673 728 1715 momenta
765 1681 882 1715 vero
920 1665 1002 1714 illa
1038 1667 1255 1730 partium
1293 1669 1610 1734 minutarum,
1651 1682 1775 1732 quae
1814 1670 1946 1718 inter

262 1756 313 1790 se
354 1742 536 1806 gemini
567 1746 777 1805 possunt
805 1738 988 1788 habere
1029 1746 1304 1806 nascenteS,
1343 1740 1495 1790 rebus
1533 1743 1750 1791 minimis
1788 1741 1945 1792 tribu·

260 1822 436 1881 untur,
484 1814 542 1863 de
592 1812 818 1878 qualibus
870 1813 1201 1863 mathematici
1239 1829 1338 1863 non
1379 1814 1539 1864 solent
1578 1815 1769 1865 consuli
1808 1810 1947 1883 (quis

261 1890 392 1937 enim
433 1887 657 1937 consulat
704 1886 897 1951 quando
938 1886 1127 1953 sedeat,
1176 1889 1370 1952 quando
1410 1887 1710 1955 deambulet,
1751 1889 1945 1954 quando

260 1962 336 2009 vel
388 1961 505 2026 quid
556 1955 879 2028 prandeat?):
930 1961 1170 2025 numquid
1221 1963 1315 2011 ista
1364 1961 1600 2029 dicimus,
1652 1962 1846 2027 quando
1894 1965 1945 2012 in

260 2034 480 2084 moribus
500 2034 732 2099 operibus
762 2033 1056 2098 casibusque
1079 2037 1389 2099 geminorum
1413 2035 1625 2101 plurima
1650 2036 1942 2102 plurimum-

261 2123 356 2172 que
397 2108 588 2157 diversa
627 2105 995 2157 monstramus?

939 2278 1133 2334 CAPUT
1165 2280 1258 2334 IV.

298 2387 374 2436 De
413 2386 551 2436 Esau
592 2391 641 2436 et
679 2387 834 2437 Iacob
869 2389 1083 2448 §eminis
1121 2391 1328 2438 maltam
1368 2391 1501 2438 inter
1538 2404 1591 2439 se
1628 2403 1822 2441 morum
1861 2396 1911 2442 et

653 2463 908 2510 actionum
947 2462 1191 2521 qualitate
1238 2463 1540 2524 disparibus.

412 2561 524 2611 Nati
572 2569 688 2612 sunt
734 2562 831 2612 duo
878 2564 1062 2627 gemini
1109 2566 1307 2628 antiqua
1353 2571 1549 2629 patrum
1590 2568 1825 2616 memoria
1864 2560 1947 2634 (ut

262 2634 322 2684 de
362 2634 639 2701 insignibus
679 2631 877 2705 loquar)
918 2638 989 2686 sic
1029 2636 1151 2686 alter
1190 2645 1302 2702 post
1341 2638 1565 2705 alterum,
1605 2646 1660 2689 ut
1697 2643 1946 2706 posterior

261 2708 477 2774 plantam
530 2711 714 2775 prioris
767 2716 974 2761 teneret.
1052 2709 1207 2760 Tanta
1259 2713 1310 2760 in
1360 2727 1533 2762 eorum
1591 2715 1685 2763 vita
1743 2714 1946 2764 fuerunt

383 2886 438 2926 16
469 2881 826 2938 praenuntiare?
858 2883 984 2938 (196,
1015 2884 1210 2939 14)1132
1242 2882 1430 2929 maioris
1462 2884 1507 2928 A
