2020 3122
245 113 354 166 584
511 96 516 102 ⁷
932 122 966 156 s.
991 123 1264 157 Acons'rmr

246 252 534 303 corporum,
586 238 638 285 in
685 234 865 300 quibus
915 235 1067 285 multa
1106 235 1227 285 dura
1266 237 1489 301 perpessi
1528 243 1665 302 sunt,
1719 236 1840 286 nihil
1876 239 1928 286 in
1984 63 2014 315 1

247 313 318 359 eis
357 310 567 360 ulterius
606 309 702 358 tale
743 310 939 358 sensuri
979 308 1370 359 desiderabiliter
1411 315 1460 358 et
1497 311 1744 374 patienter
1784 325 1926 375 expe·

245 390 392 433 ctant.
471 383 524 432 Si
571 385 702 432 enim
749 397 948 431 carnem
995 397 1133 432 suam
1172 398 1271 431 non
1312 383 1538 450 oderant,
1586 382 1780 448 quando
1821 398 1927 432 eain

246 472 362 506 suae
403 458 557 506 menti
606 457 890 505 infirmitate
937 458 1253 506 resistentem
1301 456 1508 521 spiritali
1546 458 1654 506 iure
1695 455 1925 506 coherce-

187 540 213 579 5
245 530 386 596 bant,
433 536 615 594 quanto
663 531 816 595 magis
863 545 969 579 eam
1017 529 1225 595 diligunt
1272 532 1418 579 etiam
1462 532 1619 594 ipsam
1658 529 1927 595 spiritalem

247 603 485 654 futuram!
550 603 689 653 Sicut
736 605 866 652 enim
917 605 1121 669 spiritus
1169 604 1306 652 carni
1353 604 1572 652 serviens
1619 618 1719 652 non
1756 604 1926 652 incon-

246 693 368 742 grue
409 677 633 744 carnaliS,
671 679 739 726 ita
779 693 892 726 caro
933 678 1128 742 spiritui
1169 678 1388 725 serviens
1428 682 1563 725 recte
1604 675 1929 742 appellabitur

247 751 496 819 spiritaliS,
534 766 634 800 non
667 753 779 815 quia
811 753 862 799 in
895 752 1124 815 spiritum
1164 756 1495 816 convertetur,
1536 751 1665 799 sicut
1703 749 1926 799 nonnulli

245 832 420 890 putant
471 841 528 873 ex
569 841 626 874 eo
669 824 799 889 quod
839 826 1079 889 scriptum
1119 830 1214 873 est:
1261 824 1555 882 Seminatur
1594 839 1778 887 corpus
1818 827 1927 872 ani·
2000 863 2002 866 ,

159 907 213 948 10
246 902 389 960 male,
428 905 603 959 suryet
635 912 820 961 corpus
850 901 1094 960 spiritale,
1135 896 1220 946 sed
1261 899 1374 961 quia
1413 899 1609 962 spiritui
1649 912 1839 946 summa
1877 903 1930 946 et
2003 898 2006 901 ’

245 971 456 1021 mirabili
488 971 860 1036 obtemperandi
892 971 1121 1020 facilitate
1155 969 1395 1020 subdetur
1433 986 1591 1035 usque
1624 971 1684 1020 ad
1722 970 1927 1036 implen-
2012 965 2013 975 ’

245 1045 355 1094 dam
400 1045 764 1095 inmortalitatis
817 1044 1170 1095 indissolubilis
1210 1045 1574 1094 securissimam
1613 1044 1927 1111 voluptatem,
2008 970 2018 1132 †

244 1121 377 1168 omni
427 1118 679 1168 molestiae
733 1134 904 1186 sensu,
959 1120 1092 1168 omni
1142 1118 1554 1184 corruptibilitate
1601 1126 1651 1168 et
1696 1118 1925 1167 tarditate

244 1192 475 1242 detracta.
552 1193 661 1242 Non
702 1193 860 1242 solum
900 1195 1029 1242 enim
1068 1207 1167 1241 non
1207 1193 1303 1241 erit
1340 1191 1459 1258 tale,
1499 1191 1639 1257 quale
1680 1207 1812 1241 nunc
1853 1198 1931 1240 est
2015 1193 2017 1200 ⁴

159 1275 211 1315 15
244 1268 295 1315 in
336 1268 505 1330 quavis
545 1268 728 1331 optima
767 1266 1070 1333 valetudine,
1117 1266 1203 1315 sed
1242 1281 1334 1315 nec
1373 1266 1467 1314 tale
1510 1265 1729 1332 quidem,
1783 1264 1926 1329 quale
1995 1201 2019 1391 ᾖ

244 1341 337 1389 fuit
368 1342 418 1389 in
450 1342 622 1405 primis
655 1340 937 1390 hominibus
969 1347 1080 1390 ante
1116 1346 1388 1406 peccatum,
1429 1341 1514 1403 qui
1545 1339 1659 1389 licet
1698 1339 1926 1388 morituri
2013 1393 2019 1407 τ

243 1428 342 1462 non
383 1421 570 1480 essent,
618 1416 714 1463 nisi
764 1420 1074 1479 peccassent,
1121 1413 1365 1462 alimentis
1404 1420 1569 1462 tamen
1609 1419 1664 1462 ut
1701 1412 1927 1461 homines
2000 1408 2020 1470 ἦ

243 1485 525 1553 utebantur,
565 1487 784 1536 nondum
824 1487 1087 1552 spiritalia,
1128 1487 1215 1536 sed
1255 1486 1414 1535 adhuc
1454 1486 1678 1535 animalia
1717 1500 1927 1550 corpora
2004 1480 2020 1567 ¹{

243 1568 440 1609 terrena
473 1567 735 1625 gestantes
814 1560 948 1619 Quae
981 1561 1097 1610 licet
1136 1562 1272 1609 senio
1312 1575 1411 1608 non
1451 1566 1831 1625 veterescerent,
1871 1565 1927 1608 ut
1997 1566 2020 1614 ’ἶ

155 1642 211 1683 20
244 1637 538 1683 necessitate
586 1634 983 1699 perducerentur
1032 1634 1091 1683 ad
1142 1639 1353 1682 mortem
1400 1628 1511 1700 (qui
1559 1640 1714 1682 status
1755 1635 1825 1682 eis
1865 1632 1925 1681 de
1997 1625 2020 1715 ξ

243 1707 374 1772 ligno
429 1710 582 1774 vitae,
634 1707 764 1772 quod
820 1710 871 1757 in
918 1707 1079 1757 medio
1127 1706 1353 1772 paradiso
1401 1722 1515 1756 cum
1562 1706 1738 1755 arbore
1777 1708 1926 1755 vetita
2007 1718 2020 1778 ξ

244 1780 389 1830 simul
438 1787 568 1847 erat,
624 1781 835 1830 mirabili
881 1781 969 1830 Dei
1020 1783 1175 1846 gratia
1224 1776 1617 1847 praestabatur),
1672 1787 1837 1828 tamen
1878 1786 1927 1828 et
2000 1778 2016 1790 ⁹

244 1853 363 1903 alios
404 1854 663 1904 sumebant
710 1854 846 1904 cibos
885 1862 1083 1920 praeter
1122 1869 1270 1903 unam
1311 1853 1560 1920 arborem,
1601 1869 1724 1918 quae
1766 1854 1927 1902 fuerat

243 1927 527 1995 interdicta,
582 1943 681 1977 non
735 1931 848 1993 quia
887 1931 992 1994 ipsa
1032 1935 1137 1977 erat
1175 1927 1378 1993 malum,
1426 1927 1510 1976 sed
1551 1934 1755 1992 propter
1795 1941 1925 1976 com-

156 2009 211 2049 25
245 2001 577 2051 mendandum
614 2017 769 2067 purae
809 2009 858 2051 et
897 2002 1132 2068 simplicis
1172 2000 1510 2050 oboedientiae
1549 2000 1760 2061 bonum,
1801 2015 1925 2065 quae

245 2089 418 2139 magna
449 2078 605 2125 virtus
639 2082 715 2125 est
746 2076 997 2125 rationalis
1034 2083 1288 2124 creaturae
1330 2073 1420 2123 suh
1455 2073 1686 2123 Creatore
1718 2073 1924 2123 Domino

245 2150 555 2198 constitutae.
631 2149 753 2197 Nam
786 2148 871 2198 ubi
903 2149 1091 2198 nullum
1123 2148 1304 2198 malum
1345 2147 1648 2212 tangebatur,
1687 2148 1926 2214 profect0,

245 2223 286 2269 si
332 2221 637 2286 prohibitum
683 2229 992 2289 tangeretur,
1041 2223 1142 2272 sola
1180 2221 1561 2288 *inoboedientia
1613 2220 1926 2286 peccabatur.

244 2294 492 2359 Agebatur
539 2311 656 2360 ergo
704 2295 809 2344 aliis
857 2312 981 2360 quae
1022 2296 1303 2360 sumebant,
1354 2310 1415 2343 ne
1456 2295 1679 2343 animalia
1718 2309 1926 2359 corpora

153 2377 209 2416 30
244 2367 495 2418 molestiae
528 2368 708 2432 aliquid
742 2369 1005 2418 esuriendo
1046 2385 1100 2418 ac
1141 2368 1351 2418 sitiendo
1392 2370 1654 2433 sentirent3
1694 2368 1753 2416 de
1793 2367 1923 2432 ligno

359 2482 403 2536 3)
435 2480 553 2537 Eph.
587 2485 627 2536 5,
661 2485 729 2524 29.
795 2483 867 2537 10)
902 2486 940 2525 1.
975 2480 1074 2526 Cor.
1110 2486 1178 2538 15,
1211 2486 1280 2525 44.

1984 2652 2020 2675 ἦ

362 2676 415 2714 10
450 2673 608 2728 surget
642 2671 685 2714 V
710 2672 874 2728 fraym.
908 2671 958 2714 F
958 2672 1147 2728 risin9.;
1181 2671 1331 2728 surgit,
1361 2671 1480 2725 AR·
1509 2672 1721 2727 resurget
1749 2684 1776 2714 v
1813 2671 1828 2726 ΙΙ
1869 2675 1920 2713 11

239 2730 525 2798 implendam
567 2730 800 2785 VAFaef,·
831 2744 913 2774 om.
945 2745 971 2775 v
1018 2732 1033 2786 ΙΙ
1073 2736 1126 2774 12
1160 2730 1453 2786 voluptatem
1484 2730 1648 2785 scripsi
1679 2731 1753 2786 (=
1786 2730 1922 2773 beati·
1999 2735 2003 2738 ’

238 2789 466 2903 {25:5ng
497 2790 557 2890 <gi
587 2793 702 2891 {52Z
726 2793 785 2834 19
822 2793 956 2846 sqq.);
995 2789 1286 2834 voluntatem
1317 2803 1343 2832 v
1382 2791 1398 2845 ΙΙ
1436 2793 1491 2833 29
1523 2788 1750 2845 agebatur
1790 2787 1927 2831 VAF
1980 2827 1983 2830 .

351 2882 361 2904 ‚
452 2864 469 2900 ,·
562 2861 585 2891 e
620 2861 679 2891 an
703 2863 757 2891 ur
787 2861 813 2891 v
