2020 3122
541 161 607 193 DE
632 160 868 193 crvrrA'rn
891 162 981 194 Dm
1005 163 1047 194 L.
1071 162 1138 195 xx.
1164 163 1200 196 c.
1226 165 1279 197 22.
1649 152 1755 205 397

718 355 910 412 CAPUT
949 357 1118 412 XXII.

119 481 255 540 Quid
291 482 492 530 intersit
529 481 663 529 inter
699 481 963 529 scientiam
1001 486 1294 530 sanctorum
1333 486 1626 544 anqelorum
1666 491 1714 533 et

605 555 867 603 scientiam
915 555 1224 604 daemonum.

223 671 311 721 His
350 673 500 736 igitur
539 671 723 736 angelis
761 670 906 720 bonis
945 674 1104 721 omnis
1144 673 1475 737 corporalium
1515 683 1756 741 tempora-

74 746 294 810 liumque
326 760 495 794 rerum
528 747 748 811 scientia,
787 761 883 810 qua
921 745 1158 795 inflantur
1198 747 1477 813 daemoneS,
1516 748 1623 797 vilis
1663 760 1758 815 est,
1791 755 1817 795 5

78 835 177 869 non
218 819 348 884 quod
381 834 550 869 earum
589 821 748 884 ignari
787 821 901 884 sint,
940 819 1027 869 sed
1067 819 1198 884 quod
1236 821 1332 870 illis
1371 821 1474 888 Dei,
1514 837 1609 886 qua
1650 839 1756 871 san-

76 894 378 959 ctificantur,
432 894 610 942 caritas
657 909 769 942 cara
817 900 913 959 est,
960 909 1078 958 prae
1126 896 1268 944 cuius
1316 911 1416 944 non
1455 902 1646 946 tantum
1685 898 1756 946 in-

76 967 343 1033 corporali,
397 982 569 1016 verum
624 969 771 1016 etiam
823 967 1212 1017 incommutabili
1263 975 1312 1018 et
1364 968 1599 1019 ineffabili
1652 971 1757 1035 pul-

52 1041 381 1107 -chritudine,
429 1043 570 1091 cuius
620 1049 789 1090 sancto
829 1056 995 1090 amore
1036 1042 1376 1109 inardescunt,
1416 1045 1593 1110 omnia,
1633 1060 1758 1108 quae

76 1116 204 1165 infra
243 1122 358 1164 sunt
398 1123 461 1181 et,
501 1115 632 1180 quod
671 1115 791 1164 illud
832 1123 932 1182 est,
971 1131 1070 1164 non
1110 1124 1227 1165 sunt
1265 1132 1417 1181 seque
1456 1119 1591 1182 ipsos
1630 1119 1759 1168 inter
1794 1124 1847 1164 10

75 1188 155 1238 illa
194 1195 535 1256 contemnunt,
573 1195 628 1238 ut
660 1205 720 1238 ex
759 1196 878 1256 tot0,
919 1190 1050 1254 quod
1089 1189 1207 1238 boni
1246 1197 1377 1256 sunt,
1415 1206 1474 1240 eo
1513 1190 1659 1256 bono,
1699 1208 1759 1241 ex

77 1279 174 1329 quo
214 1263 331 1312 boni
371 1270 504 1329 sunt,
551 1264 886 1328 perfruantur.
963 1262 1027 1312 Et
1071 1264 1182 1312 ideo
1223 1266 1410 1313 certius
1451 1267 1597 1314 etiam
1637 1274 1757 1315 tem-

79 1337 264 1404 poralia
298 1344 346 1387 et
377 1336 627 1386 mutabilia
667 1339 760 1386 ista
799 1344 1058 1404 noverunt,
1099 1339 1212 1401 quia
1251 1353 1424 1387 eorum
1462 1339 1759 1403 principales

72 1426 247 1462 causas
301 1413 352 1460 in
406 1410 566 1459 Verbo
621 1410 710 1459 Dei
765 1412 1099 1476 conspiciunt,
1153 1427 1243 1475 per
1298 1411 1429 1475 quod
1477 1412 1635 1462 factus
1684 1421 1759 1462 est

74 1485 316 1550 mundus3
358 1483 536 1549 quibus
577 1486 738 1533 causis
777 1484 1016 1549 quaedam
1055 1484 1350 1550 probantur,
1405 1487 1643 1550 quaedam
1681 1502 1758 1535 re-
1793 1492 1846 1531 15

74 1559 361 1625 probantur,
401 1565 579 1607 cuncta
607 1558 914 1625 ordinantur.
991 1558 1264 1608 Daemones
1289 1566 1453 1608 autem
1478 1575 1577 1608 non
1602 1567 1757 1609 aeter-

74 1648 160 1682 nas
199 1640 479 1698 temporum
525 1647 697 1682 causas
746 1639 795 1681 et
835 1632 1046 1697 quodam
1085 1632 1229 1681 modo
1270 1633 1541 1682 cardinales
1580 1635 1630 1682 in
1671 1633 1760 1683 Dei

72 1709 313 1772 sapientia
360 1706 778 1773 contemplantur,
825 1706 911 1755 sed
960 1706 1269 1771 quorundam
1315 1708 1570 1771 signorum
1617 1707 1758 1756 nobis

69 1780 380 1830 occultorum
411 1782 595 1829 maiore
636 1782 938 1845 experientia
976 1780 1130 1829 multo
1168 1779 1310 1844 plura
1349 1795 1495 1844 quam
1533 1780 1758 1830 homines

73 1855 240 1904 futura
294 1856 624 1919 prospiciunt3
681 1854 1027 1919 dispositiones
1051 1879 1056 1884 -
1083 1869 1280 1918 quoque
1336 1869 1450 1903 suas
1497 1854 1755 1919 aliquando
1791 1862 1846 1901 20

74 1930 437 1994 praenuntiant.
514 1927 737 1992 Denique
783 1943 929 1992 saepe
975 1929 1078 1991 isti,
1126 1942 1394 1991 numquam
1440 1927 1511 1976 illi
1557 1930 1756 1977 omnino

75 2001 324 2051 falluntur.
407 2001 550 2050 Aliud
613 2009 688 2050 est
751 2003 883 2050 enim
944 2000 1299 2065 temporalibus
1362 2001 1647 2066 temporalia
1709 2011 1758 2051 et

70 2074 392 2124 mutabilibus
457 2074 707 2123 mutabilia
769 2076 1046 2124 coniectare
1110 2076 1279 2139 eisque
1334 2074 1655 2139 temporalem
1710 2084 1759 2125 et

71 2149 360 2198 mutabilem
407 2148 607 2197 modum
654 2163 770 2197 suae
818 2148 1082 2198 voluntatis
1130 2155 1179 2197 et
1228 2148 1473 2198 facultatis
1519 2151 1757 2214 inserere,

43 2222 206 2286 „quod
270 2221 589 2271 daemonibus
651 2229 786 2271 certa
855 2224 1046 2271 ratione
1108 2224 1407 2286 permissum
1470 2229 1564 2287 est3
1627 2222 1757 2272 aliud
1791 2232 1844 2271 25

67 2303 239 2345 ,autem
295 2298 343 2345 in
400 2298 615 2344 aeternis
670 2303 815 2359 atque
871 2295 1354 2345 incommutabilibus
1410 2295 1498 2345 Dei
1551 2295 1757 2362 legibus,

67 2383 200 2433 rquae
240 2371 290 2417 in
323 2371 429 2418 eius
462 2371 699 2434 sapientia
739 2371 920 2435 vivunt,
960 2371 1258 2418 mutationes
1298 2377 1578 2434 temporum
1618 2385 1756 2433 prae-

39 2442 240 2493 rvidere
296 2442 482 2507 Deique
545 2443 874 2508 voluntatem,
936 2458 1060 2507 quae
1124 2451 1224 2492 tam
1280 2445 1555 2492 certissima
1611 2458 1754 2506 quam

75 2518 415 2580 potentissima
455 2524 530 2566 est
569 2518 817 2583 omnium,
872 2519 1075 2582 spiritus
1117 2518 1223 2566 eius
1262 2518 1634 2581 participatione
1676 2531 1754 2563 co-

79 2604 336 2655 gnoscere,
384 2590 515 2654 quod
563 2591 745 2639 sanctis
785 2590 970 2655 angelis
1010 2597 1146 2639 recta
1185 2590 1481 2638 discretione
1523 2589 1755 2637 donatum
1787 2598 1843 2638 30

77 2668 168 2710 est.
243 2662 410 2727 Itaque
460 2679 558 2712 non
605 2663 764 2712 solum
804 2666 1012 2729 aeterni,
1058 2679 1230 2712 verum
1271 2665 1417 2712 etiam
1456 2662 1585 2710 beati
1626 2669 1754 2710 sunt.

78 2734 269 2784 Bonum
301 2744 479 2802 antem,
519 2753 616 2802 quo
647 2737 778 2786 beati
810 2744 940 2803 sunt,
980 2737 1111 2786 Deus
1144 2737 1239 2785 illis
1273 2745 1360 2801 est,
1401 2751 1426 2783 a
1467 2750 1562 2799 quo
1603 2737 1755 2784 creati

78 2816 206 2858 sunt.
283 2809 417 2859 Illius
467 2813 648 2875 quippe
688 2810 1101 2860 indeclinabiliter
1140 2811 1511 2874 participatione
1553 2815 1600 2856 et
1641 2823 1753 2856 con-

67 2882 389 2946 ⁴templatioue
429 2884 767 2948 perfruuntur.
