2020 3122
576 145 643 176 DE
667 143 904 177 civrrATn
928 145 1015 176 DEI
1039 145 1081 176 L.
1105 145 1174 176 XI.
1199 143 1237 177 c.
1262 145 1293 176 1.
1361 115 1377 124 ⁴
1674 132 1779 184 461

706 323 1013 376 LIBER
1061 324 1152 376 XI.

795 541 992 596 CAPUT
1025 542 1064 594 I.

187 651 263 699 De
301 665 363 700 ea
395 655 550 712 parte
588 652 774 711 operiS,
815 664 915 710 qua
957 651 1175 698 duarum
1216 651 1500 715 civitatum,
1541 651 1596 698 id
1633 657 1704 699 est

316 726 546 773 caelestis
586 728 737 784 atque
776 728 1026 782 terrenae,
1067 725 1214 771 initia
1255 727 1302 771 et
1335 725 1464 781 fines
1504 725 1576 771 2'71-
1819 734 1844 772 5

654 798 844 858 cipient
881 798 1232 845 demonstrari.

253 898 508 948 Civitatem
547 897 636 947 Dei
675 899 905 964 dicimus,
952 900 1093 947 cuius
1134 914 1191 947 ea
1231 900 1476 963 scriptura
1515 901 1657 948 testis
1696 907 1787 964 est,

99 987 228 1037 quae
268 987 368 1020 non
407 972 626 1021 fortuitis
666 971 882 1021 motibus
921 973 1219 1037 animorum,
1259 972 1344 1021 sed
1382 972 1524 1036 plane
1565 987 1783 1021 summae

97 1045 421 1110 dispositione
478 1045 813 1110 providentiae
872 1060 1023 1109 super
1073 1061 1244 1094 omnes
1295 1048 1514 1095 omnium
1564 1048 1787 1110 gentium

82 1118 289 1167 rlitteras
337 1121 500 1168 omnia
552 1117 645 1167 sibi
684 1134 865 1182 genera
903 1120 1218 1183 ingeniorum
1255 1119 1586 1168 humanorum
1625 1119 1786 1168 divina
1821 1130 1875 1170 10

104 1191 347 1240 excellens
398 1194 693 1241 auctoritate
749 1191 972 1240 subiecit.
1049 1191 1122 1240 Ibi
1168 1194 1350 1258 quippe
1397 1194 1638 1257 scriptum
1685 1200 1787 1242 est:

107 1266 338 1314 Gloriosa
379 1267 518 1315 dieta
556 1271 675 1314 sunt
713 1268 775 1314 de
807 1263 874 1327 te,
915 1268 1095 1314 civitas
1126 1267 1250 1323 De2';
1290 1273 1338 1315 et
1376 1268 1428 1314 in
1468 1266 1560 1314 alio
1599 1266 1786 1330 psalmo

100 1338 302 1402 legitur:
351 1339 573 1399 Maqnus
612 1340 854 1387 Dominus
905 1344 954 1387 et
990 1341 1264 1388 laudabilis
1304 1341 1451 1388 nimis
1491 1343 1542 1388 in
1583 1342 1788 1388 civitate

101 1412 199 1460 Dei
242 1415 421 1471 nostri,
472 1415 523 1460 in
572 1418 735 1461 monte
779 1418 956 1461 sancto
1004 1415 1132 1472 εἰπε,
1183 1415 1404 1461 dilatans
1453 1416 1788 1475 exultationes

102 1487 372 1535 universae
410 1491 612 1543 terrae;
658 1491 706 1533 et
752 1485 895 1549 paulo
934 1494 1047 1549 post
1084 1487 1134 1534 in
1177 1485 1350 1534 eodem
1387 1486 1596 1550 psalmo:
1643 1487 1789 1535 Sicut
1822 1497 1875 1536 15

103 1560 410 1621 audivimm,
459 1561 531 1607 ita
579 1565 628 1607 et
672 1561 906 1620 vidimuS,
956 1562 1007 1607 in
1055 1562 1259 1608 civitate
1306 1562 1497 1609 domini
1532 1563 1786 1620 virtutum,

103 1634 156 1680 in
196 1634 400 1681 civitate
439 1633 538 1680 Dei
573 1635 761 1689 nostr2';
808 1633 945 1681 Deus
979 1632 1219 1693 fundavit
1257 1647 1367 1682 eam
1406 1636 1458 1682 in
1498 1639 1788 1690 aeternum,-

105 1706 222 1753 item
272 1707 324 1753 in
372 1705 488 1754 alio:
535 1707 779 1754 Fluminis
833 1708 1042 1768 impetus
1089 1709 1336 1765 laetificat
1379 1709 1631 1755 civitatem
1678 1708 1785 1765 Dei,

105 1781 449 1837 sanctificavit
512 1780 897 1828 tabernaculum
960 1794 1105 1827 suum
1167 1781 1476 1837 Altissimus;
1536 1781 1674 1828 Deus
1735 1783 1784 1828 in

102 1853 263 1900 medio
315 1854 423 1900 eius
474 1866 574 1900 non
625 1853 1026 1900 commovebitur.
1119 1851 1207 1900 His
1259 1859 1406 1916 atque
1455 1853 1602 1901 huius
1653 1852 1786 1901 modi
1818 1864 1874 1902 20

102 1926 420 1989 testimoniis,
469 1939 592 1988 quae
643 1926 805 1972 omnia
845 1940 1231 1974 commemorare
1271 1927 1416 1974 nimis
1455 1926 1656 1989 longum
1696 1933 1786 1991 est,

102 1996 362 2046 didicimus
415 2012 523 2046 esse
575 1998 819 2061 quandam
870 2000 1112 2047 civitatem
1152 1998 1263 2064 Dei,
1314 2001 1455 2048 cuius
1507 2001 1637 2047 cives
1676 2014 1784 2048 esse

104 2073 475 2134 concupivimus
521 2070 604 2118 illo
653 2086 842 2136 amore,
889 2086 1033 2135 quem
1082 2071 1223 2120 nobis
1271 2072 1402 2121 illius
1450 2072 1676 2121 conditor
1713 2074 1784 2120 in-

102 2144 315 2207 spiravit.
394 2143 521 2192 Huic
573 2145 818 2192 conditori
868 2151 1063 2194 sanctae
1115 2147 1322 2194 civitatis
1374 2147 1505 2194 cives
1557 2152 1784 2194 terrenae

103 2217 310 2265 civitatis
351 2217 468 2266 deos
517 2233 633 2265 suos
673 2218 962 2281 praeferunt
1000 2220 1284 2282 ignorantes
1325 2234 1438 2268 eum
1479 2234 1586 2267 esse
1627 2218 1784 2267 Deum
1818 2229 1871 2267 25

103 2288 323 2356 deorum,
362 2306 461 2338 non
487 2291 692 2339 deorum
718 2290 968 2356 falsorum,
1000 2291 1094 2340 hoc
1127 2298 1203 2341 est
1232 2294 1499 2356 impiorum
1531 2299 1580 2340 et
1612 2306 1781 2356 super-

101 2360 292 2428 borum,
332 2365 416 2427 qui
448 2365 555 2412 eius
593 2363 980 2413 incommutabili
1018 2364 1345 2429 omnibusque
1387 2367 1635 2414 communi
1673 2365 1782 2413 luce

101 2437 276 2498 privati
315 2444 364 2484 et
403 2436 464 2485 ob
505 2437 598 2485 hoc
639 2437 697 2485 ad
739 2437 982 2501 quandam
1021 2454 1225 2502 egenam
1263 2445 1558 2502 potestatem
1596 2437 1783 2485 redacti

103 2522 215 2557 suas
255 2509 465 2573 quodam
506 2509 650 2559 modo
698 2512 910 2574 privatas
956 2514 1201 2575 potentias
1242 2517 1591 2560 consectantur
1630 2510 1780 2558 hono-

222 2637 294 2691 12)
325 2636 397 2679 Ps.‘
432 2640 502 2693 86,
536 2642 575 2680 3.
644 2639 714 2693 17)
746 2637 819 2681 Ps.
853 2642 925 2693 47,
957 2643 998 2693 2,
1033 2643 1073 2693 3,
1107 2643 1146 2682 9.
1210 2640 1283 2693 20)
1316 2638 1389 2681 ΡΞ.
1423 2642 1494 2692 45,
1527 2642 1552 2679 5
1586 2651 1650 2690 sq.

222 2801 246 2840 5
278 2797 504 2852 incipient
543 2797 652 2851 VA,·
682 2797 914 2855 incipiunt
943 2812 968 2841 v
1015 2801 1030 2855 Η
1080 2804 1131 2842 13
1163 2797 1301 2841 nimis
1343 2797 1501 2850 VAR·
1540 2796 1676 2840 vaide
1709 2810 1734 2839 2-
1766 2797 1779 2853 ξξ

105 2857 159 2896 23
193 2855 539 2911 concupiuimus
571 2870 683 2909 mss;
716 2857 1082 2913 concupiscimus
1113 2871 1138 2901 ν
