2020 3122
569 143 635 174 DE
660 142 897 175 cwrrA'rE
922 143 1010 175 DEI
1033 144 1075 176 L.
1099 144 1167 177 XI.
1191 144 1231 177 c.
1256 145 1287 177 c.
1313 148 1344 179 7.
1699 134 1806 186 469

124 264 267 308 antea
318 255 494 305 fecisse
541 255 877 320 intellegatur,
933 259 1046 320 quia
1099 257 1192 307 hoc
1245 260 1411 323 potius
1458 261 1508 307 in
1562 260 1805 324 principio

125 333 300 382 fecisse
341 329 613 390 diceretur,
654 331 696 378 si
735 329 852 393 quid
892 330 1091 380 fecisset
1129 338 1242 380 ante
1275 339 1439 382 cetera
1472 339 1648 382 cuncta
1681 348 1804 397 quae

125 406 261 456 fecit:
315 403 490 468 procul
536 403 685 452 dubio
732 419 832 451 non
880 411 955 452 est
1001 405 1215 453 mundus
1266 406 1423 455 sactus
1471 408 1522 455 in
1568 414 1806 472 tempore,

124 479 211 528 sed
258 492 372 526 cum
418 484 655 542 tempore.
741 477 881 535 Quod
930 479 1062 525 enim
1109 478 1162 526 fit
1208 481 1259 526 in
1307 486 1552 545 tempore,
1599 487 1648 529 et
1694 487 1807 544 post

125 551 321 616 aliquod
360 551 414 600 fit
446 558 495 600 et
535 558 646 600 ante
679 550 875 614 aliquod
915 558 1133 616 tempus3
1172 559 1284 615 post
1322 553 1370 600 id
1415 553 1546 616 quod
1586 561 1803 618 praeter·
1838 563 1864 602 ὅ

122 629 246 676 itum
281 631 378 691 est,
417 632 528 674 ante
560 625 610 674 id
651 624 782 689 quod
820 625 1045 674 futurum
1078 631 1174 691 est3
1214 625 1403 674 nullum
1436 634 1600 675 autem
1638 634 1807 691 posset

123 715 234 750 esse
274 701 619 766 praeteritum,
659 700 772 763 quia
811 698 945 748 nulla
985 705 1090 747 erat
1130 706 1378 765 creatura,
1418 701 1559 748 cuius
1600 700 1804 749 mutabi-

122 773 251 823 libus
290 772 507 821 motibus
559 779 803 837 ageretur.
881 772 1005 822 Cum
1051 779 1273 837 tempore
1314 779 1479 822 autem
1525 774 1683 822 factus
1731 782 1808 822 est

122 845 359 911 mundUS‚
399 847 441 894 si
478 848 530 895 in
570 849 677 896 eius
718 846 998 896 conditione
1039 846 1197 895 factus
1234 853 1311 896 est
1349 846 1596 896 mutabilis
1628 853 1806 911 motUS,

123 922 253 971 sicut
290 920 485 969 videtur
526 937 577 970 se
618 919 800 969 habere
832 923 980 970 etiam
1012 919 1133 969 ordo
1172 920 1253 969 ille
1291 922 1568 985 primorum
1607 936 1692 969 sex
1732 920 1807 969 vel
1841 931 1895 970 10

122 1001 312 1059 septem
351 993 559 1062 dierum,
598 997 648 1043 in
689 993 869 1057 quibus
903 1002 953 1044 et
984 1009 1125 1042 mane
1159 1000 1209 1043 et
1239 1009 1443 1059 vespera
1475 996 1807 1060 nominantur,

120 1068 279 1118 donec
311 1070 493 1135 omnia,
534 1083 659 1133 quae
698 1067 776 1116 his
815 1068 990 1118 diebus
1021 1067 1153 1116 Deus
1193 1068 1332 1134 fecit,
1372 1075 1510 1117 sexto
1549 1069 1805 1133 perfician—

123 1150 205 1191 tur
244 1142 322 1190 die
371 1144 677 1207 septimoque
724 1143 775 1190 in
823 1157 997 1207 magno
1037 1143 1271 1206 mysterio
1311 1142 1400 1190 Dei
1438 1144 1626 1191 vacatio
1675 1157 1806 1191 com-

123 1214 399 1265 mendetur.
458 1216 553 1274 Qui
592 1217 696 1265 dies
730 1217 871 1265 cuius
903 1215 1036 1264 modi
1068 1217 1181 1282 sint,
1220 1223 1304 1265 aut
1340 1216 1630 1280 perdifficile
1664 1215 1806 1264 nobis

119 1297 206 1339 aut
244 1291 391 1338 etiam
429 1290 715 1355 inpossibile
755 1297 832 1339 est
871 1291 1109 1356 cogitare,
1149 1295 1332 1354 quanto
1373 1291 1525 1354 magis
1565 1290 1745 1338 dicere.
1839 1299 1893 1339 15

785 1447 983 1501 CAPUT
1025 1447 1146 1500 VII.

126 1556 202 1604 De
241 1558 486 1617 qualitate
518 1558 802 1618 primorum
842 1558 1062 1618 dierum,
1109 1559 1199 1618 qui
1235 1559 1385 1605 etiam
1425 1562 1694 1617 antequam
1733 1558 1810 1605 sol

294 1632 446 1688 fieret
483 1645 743 1692 vesperam
782 1635 831 1678 et
868 1645 1016 1679 mane
1056 1633 1334 1679 tradantur
1373 1632 1621 1679 habuisse.

267 1731 500 1782 Videmus
540 1734 721 1798 quippe
771 1734 892 1781 istos
933 1733 1038 1781 dies
1085 1739 1228 1781 notos
1268 1748 1367 1781 non
1413 1732 1593 1781 habere
1634 1747 1803 1797 vespe-

121 1821 225 1855 ram
264 1808 362 1855 nisi
408 1807 467 1855 de
509 1806 624 1855 solis
672 1821 850 1855 occasu
900 1821 991 1855 nec
1031 1822 1173 1855 mane
1213 1808 1309 1855 nisi
1349 1806 1408 1855 de
1449 1806 1566 1855 solis
1606 1813 1804 1871 exortu3
1837 1815 1893 1854 20

119 1880 317 1929 illorum
349 1887 514 1929 autem
551 1882 744 1945 priores
776 1887 878 1929 tres
919 1879 1024 1929 dies
1057 1882 1162 1929 sine
1196 1879 1298 1929 sole
1330 1882 1519 1944 peracti
1550 1886 1680 1946 sunt,
1721 1881 1805 1944 qui

117 1949 198 2002 die
239 1960 413 2018 quarto
454 1954 612 2003 factus
643 1954 875 2002 refertur.
937 1953 1000 2002 Et
1037 1955 1267 2018 primitus
1301 1953 1499 2017 quidem
1538 1953 1621 2002 lux
1647 1953 1803 2002 verbo

122 2026 211 2076 Dei
258 2027 381 2091 facta
430 2034 575 2092 atque
623 2029 752 2076 inter
798 2029 955 2092 ipsam
1002 2035 1051 2076 et
1097 2027 1326 2076 tenebras
1370 2027 1502 2076 Deus
1550 2042 1802 2092 separasse

122 2107 353 2150 narratur
402 2109 451 2150 et
492 2101 696 2150 eandem
734 2101 897 2150 lucem
943 2116 1142 2150 vocasse
1183 2101 1335 2167 diem,
1375 2101 1605 2150 tenebras
1638 2108 1804 2150 autem

121 2181 340 2240 noctem3
397 2175 480 2224 sed
531 2175 688 2240 qualis
734 2174 814 2223 illa
862 2177 925 2224 sit
971 2175 1053 2224 lux
1100 2182 1150 2224 et
1197 2190 1293 2239 quo
1341 2174 1613 2224 alternante
1666 2181 1802 2224 motu
1836 2183 1897 2222 25

122 2248 414 2312 qualemque
446 2264 703 2314 vesperam
735 2256 786 2298 et
824 2264 965 2298 mane
1006 2249 1201 2315 fecerit,
1242 2256 1487 2298 remotum
1520 2255 1596 2298 est
1634 2264 1661 2297 a
1694 2264 1802 2297 sen-

123 2320 260 2370 sibus
290 2324 492 2389 nostriS,
531 2339 623 2372 nec
664 2324 731 2371 ita
761 2328 818 2371 ut
850 2330 925 2371 est
963 2322 1182 2387 intellegi
1214 2338 1239 2370 a
1271 2322 1414 2371 nobis
1453 2329 1631 2389 potest,
1671 2321 1802 2386 quod

121 2401 284 2444 tamen
332 2397 436 2444 sine
484 2396 582 2445 ulla
635 2396 959 2445 haesitatione
1007 2396 1309 2446 credendum
1357 2403 1446 2446 est.
1529 2396 1626 2444 Aut
1672 2397 1803 2444 enim

119 2467 279 2532 aliqua
317 2468 399 2518 lux
440 2485 678 2535 corporea
718 2477 808 2536 est,
848 2471 947 2519 sive
987 2472 1039 2518 in
1071 2469 1412 2535 superioribus
1443 2469 1614 2518 mundi
1651 2469 1801 2533 parti-

119 2539 213 2590 bus
251 2542 394 2607 longe
428 2559 452 2591 a
486 2543 833 2609 conspectibus
865 2546 1049 2593 nostris
1081 2545 1182 2592 sive
1215 2543 1345 2593 unde
1378 2543 1451 2592 sol
1488 2541 1800 2607 postmodum
1833 2551 1891 2589 30

120 2629 358 2665 accensus
391 2623 486 2682 est3
519 2624 603 2667 aut
634 2618 758 2667 lucis
791 2619 987 2667 nomine
1022 2618 1291 2681 significata
1325 2623 1399 2665 est
1432 2622 1598 2664 sancta
1631 2616 1800 2663 civitas

119 2689 169 2735 in
209 2691 391 2738 sanctis
431 2691 615 2755 angelis
662 2698 711 2740 et
751 2690 1007 2756 spiritibus
1053 2690 1233 2756 beatiS‚
1280 2691 1339 2739 de
1389 2705 1483 2753 qua
1532 2689 1649 2738 dicit
1688 2703 1799 2752 apo-

239 2879 292 2919 17
324 2875 467 2919 etiam
507 2876 616 2929 VA;
647 2890 728 2921 om.
762 2891 788 2921 v
