2020 3122
578 165 645 198 DE
669 164 909 198 omum:
933 165 1023 198 Dm
1047 166 1089 198 L.
1114 167 1185 199 m.
1210 166 1248 200 c.
1272 170 1304 201 4.
1328 168 1359 202 5.
1719 159 1819 210 101

830 315 1022 370 CAPUT
1054 317 1146 370 IV.

142 425 219 474 De
242 426 493 475 sententia
529 423 787 485 Varr0m'3‚
827 439 929 485 qua
953 427 1076 473 utile
1107 440 1213 474 esse
1244 427 1388 488 dixit,
1429 434 1485 475 ut
1514 443 1568 477 se
1605 430 1826 478 homines

638 499 734 547 diis
770 500 968 559 qenitos
1007 501 1331 548 mentiantur.

293 601 486 651 Dixerit
524 600 723 664 aliquis:
762 600 899 650 Itane
939 607 994 650 tu
1033 603 1125 650 ista
1167 599 1364 651 credis?
1440 602 1542 668 Ego
1582 619 1699 653 vero
1738 607 1831 654 ista

143 691 244 724 non
294 675 458 724 crede.
533 674 656 723 Nam
704 681 754 724 et
798 676 873 723 vir
920 675 1235 724 doctissimus
1294 691 1467 725 eorum
1512 675 1664 726 Varro
1714 678 1832 727 falsa
1864 687 1889 726 5

145 749 268 799 haec
309 764 441 815 esse,
489 750 711 813 quamvis
758 763 858 797 non
905 748 1139 798 audacter
1185 765 1347 814 neque
1395 750 1626 816 fidenter,
1675 766 1830 815 paene

143 831 308 873 tamen
335 823 531 872 fatetur.
611 821 709 871 Sed
749 822 868 871 utile
910 838 1019 872 6556
1060 823 1340 873 civitatibus
1379 823 1513 889 dicit,
1552 830 1609 873 ut
1647 839 1700 873 se
1739 825 1832 873 viri

141 898 311 963 forteS,
352 898 544 946 etiamsi
569 895 746 946 salsum
786 898 866 963 sit,
903 897 997 946 diis
1036 899 1230 962 genitos
1270 913 1379 947 esse
1421 897 1639 964 credant,
1679 905 1734 947 ut
1773 914 1831 947 eo

141 971 287 1020 modo
315 972 507 1020 animus
532 970 777 1020 humanus
803 969 936 1020 velut
975 970 1164 1020 divinae
1199 970 1368 1036 stirpis
1400 972 1628 1021 fiduciam
1653 987 1831 1037 gerens

140 1061 222 1094 res
261 1059 462 1109 magnas
510 1044 863 1109 adgrediendas
902 1051 1186 1109 praesumat
1232 1046 1488 1111 audaciUS,
1536 1052 1646 1110 agat
1683 1046 1827 1095 vehe-
1863 1055 1919 1095 10

138 1120 354 1168 mentius
394 1124 444 1167 et
482 1117 544 1166 ob
583 1118 678 1166 hoc
717 1117 919 1182 impleat
956 1121 1062 1183 ipsa
1102 1121 1367 1168 securitate
1407 1119 1613 1168 felicius.
1692 1119 1826 1177 Quae

138 1191 372 1241 Varronis
419 1193 664 1240 sententia
705 1207 962 1256 expressa,
1002 1199 1058 1241 ut
1096 1195 1257 1259 potui,
1297 1195 1420 1242 meis
1460 1193 1622 1242 verbis
1664 1194 1826 1242 cernis

138 1280 285 1331 quam
338 1265 492 1314 latum
546 1265 709 1314 locum
765 1267 952 1329 aperiat
1000 1266 1224 1333 falsitati,
1276 1273 1334 1316 ut·
1378 1266 1446 1315 ibi
1484 1266 1826 1332 intellegamus

137 1340 279 1405 plura
325 1341 423 1388 iam
468 1354 607 1388 sacra
655 1345 704 1388 et
745 1341 884 1403 quasi
923 1339 1151 1404 religiosa
1189 1342 1412 1404 potuisse
1453 1341 1689 1407 confingi,
1738 1340 1824 1389 ubi

138 1420 307 1479 putata
332 1420 448 1462 sunt
473 1412 661 1462 civibus
698 1415 845 1463 etiam
885 1413 944 1462 de
985 1415 1107 1478 ipsis
1147 1413 1240 1462 diis
1280 1414 1519 1478 prodesse
1560 1413 1823 1463 mendacia.
1859 1423 1912 1463 15

835 1601 1031 1655 CAPUT
1064 1601 1130 1654 V.

139 1725 255 1774 Non
276 1724 497 1786 probari
524 1726 662 1785 quod
691 1726 766 1773 ἀεὶ·
803 1725 1111 1772 adulterium
1138 1724 1346 1772 Paridis
1377 1725 1657 1784 punierint,
1697 1726 1833 1784 quod

516 1800 568 1847 in
608 1798 813 1847 Romuli
848 1802 1012 1846 matre
1050 1811 1150 1846 non
1189 1799 1284 1845 ulti
1320 1802 1449 1845 sunt.

289 1900 385 1950 Sed
440 1906 611 1949 utrum
665 1901 886 1965 potuerit
935 1898 1101 1948 Venus
1156 1914 1215 1948 ex
1270 1898 1537 1948 concubitu
1585 1899 1826 1948 Anchisae

138 1975 339 2023 Aenean
392 1989 567 2039 parere
623 1973 698 2022 vel
753 1973 882 2022 Mars
938 1989 997 2022 ex
1053 1971 1322 2022 concubitu
1375 1971 1500 2021 filiae
1555 1972 1827 2022 Numitoris
1859 1982 1916 2021 20

139 2047 408 2098 Romulum
462 2049 691 2114 gignere,
744 2049 796 2096 in
851 2047 1013 2096 medio
1068 2046 1420 2111 relinquamus.
1496 2046 1619 2095 Nam
1672 2062 1829 2112 paene

139 2121 249 2171 talis
298 2123 522 2186 quaestio
577 2123 724 2171 etiam
779 2120 838 2170 de
895 2122 1156 2186 scripturis
1206 2121 1391 2169 nostris
1431 2119 1684 2187 oboritur,
1735 2135 1830 2185 qua

141 2197 411 2268 quaeritur,
453 2202 622 2244 utrum
645 2196 1064 2260 praevaricatores
1090 2194 1250 2259 angeli
1290 2209 1403 2243 cum
1443 2194 1634 2243 filiabus
1675 2194 1827 2242 homi-

139 2284 258 2318 num
299 2269 682 2336 concubuerint,
728 2268 859 2318 unde
900 2270 1027 2318 natis
1067 2267 1370 2334 gigantibus,
1415 2267 1465 2316 id
1507 2274 1582 2317 est
1621 2269 1825 2316 nimium

139 2342 406 2407 grandibus
461 2358 516 2392 ac
579 2341 792 2392 fortibus
845 2344 965 2391 viris
976 2382 991 2409 ,
1053 2349 1172 2392 tunc
1235 2348 1368 2391 terra
1432 2341 1673 2406 completa
1735 2346 1823 2389 est.
1857 2346 1911 2386 25

138 2415 352 2465 Proinde
405 2417 464 2466 ad
526 2422 794 2481 utrumque
857 2417 1057 2466 interim
1118 2416 1262 2465 modo
1325 2421 1494 2463 nostra
1555 2415 1820 2478 disputatio

139 2490 397 2540 referatur.
478 2490 530 2539 Si
570 2492 701 2539 enim
739 2505 855 2539 vera
894 2496 1032 2556 sunt,
1079 2505 1203 2554 quae
1252 2488 1380 2554 apud
1419 2487 1527 2536 illos
1566 2487 1626 2536 de
1665 2493 1820 2535 matre

139 2562 330 2612 Aeneae
364 2570 412 2613 et
452 2563 512 2613 de
550 2570 690 2629 patre
717 2563 914 2613 Romuli
952 2563 1253 2629 lectitantur,
1293 2576 1390 2626 quo
1430 2561 1574 2609 modo
1613 2565 1821 2624 possunt

260 2706 334 2761 25)
367 2704 479 2750 Gen.
513 2710 554 2762 6,
586 2710 628 2749 4.

257 2842 314 2939 ἓξ)
332 2838 387 2881 ut
406 2837 474 2881 ibi
495 2837 583 2891 Ov,·
598 2836 681 2881 ubi
699 2837 849 2881 ΛΚΕ
867 2839 882 2894 ss
908 2842 963 2881 14
980 2837 1116 2893 plura
1129 2834 1241 2891 iam]
1260 2834 1415 2878 malim
1430 2831 1630 2888 plurima
1653 2833 1668 2886 ΙΙ
1692 2829 1822 2886 quasi

142 2906 223 2939 om.
