2020 3122
559 170 627 202 DE
651 169 892 203 c1vrrA¹rE
914 171 1004 204 DEI
1026 171 1070 205 L.
1095 171 1168 204 111.
1187 172 1223 205 c.
1247 174 1302 206 14.
1673 165 1776 216 115

95 283 298 330 vincunt
353 288 402 330 et
447 282 563 348 ipsi,
613 280 760 331 habet
809 283 1026 346 praemia
1075 281 1232 332 laudis
1281 291 1330 334 et
1367 284 1448 333 illa
1488 286 1776 352 crudelitas3

97 355 181 404 sed
205 362 326 420 puto
352 370 460 404 esse
498 357 651 405 satius
684 356 948 405 cuiuslibet
986 358 1192 405 inertiae
1233 373 1416 422 poenas
1455 358 1591 408 luere
1633 375 1778 424 quam

94 429 289 478 illorum
329 444 579 478 armorum
605 444 844 494 quaerere
870 430 1086 494 gloriam.
1164 430 1226 480 Et
1266 438 1427 480 tamen
1468 434 1509 482 si
1548 435 1598 481 in
1639 433 1776 482 harc-

94 517 207 552 nam
243 503 572 567 procederent
620 506 886 568 pugnaturi
933 506 1065 553 inter
1105 519 1157 552 se
1198 504 1515 572 gladiatoreS,
1568 522 1778 570 quorum

93 577 216 626 alter
255 576 400 643 filius,
440 577 563 626 alter
588 585 721 626 esset
744 584 900 644 pater,
939 577 1034 626 tale
1061 578 1396 642 spectaculum
1438 582 1547 643 quis
1588 578 1778 630 ferret?
1811 591 1836 630 5

94 652 204 715 quis
229 666 328 699 non
353 648 607 700 auferret?
646 651 754 709 Quo
788 652 932 701 modo
973 667 1090 716 ergo
1131 651 1400 716 gloriosum
1439 653 1641 702 alterius
1679 670 1776 703 ma-

92 727 206 791 triS,
257 724 460 774 alterius
499 725 624 774 filiae
666 727 876 774 civitatis
915 727 1046 775 inter
1086 741 1138 774 se
1179 740 1429 774 armorum
1468 729 1630 790 potuit
1669 743 1778 776 esse

94 795 385 847 certamen?
430 798 503 847 An
550 799 661 848 ideo
717 799 966 848 diversum
1006 800 1119 866 fuit,
1168 799 1298 864 quod
1338 799 1522 848 harena
1561 800 1640 848 illa
1680 816 1779 849 non

91 873 205 938 fuit,
256 879 305 921 et
350 872 549 921 latiores
597 875 756 938 campi
811 889 908 922 non
948 874 1160 923 duorum
1199 874 1548 940 gladiatorum,
1604 874 1687 923 sed
1728 877 1779 923 in

92 946 285 995 duobus
346 946 541 1011 populis
603 947 873 996 multorum
936 947 1194 997 funeribus
1263 947 1623 1014 implebantur,
1685 964 1776 997 nec
1812 963 1867 1002 10

92 1019 451 1084 amphitheatro
477 1020 802 1085 cingebantur
826 1021 905 1069 illa
934 1023 1217 1087 certamina,
1258 1022 1343 1070 sed
1385 1023 1616 1070 universo
1657 1022 1776 1071 orbe

93 1101 142 1142 et
182 1101 300 1142 tunc
341 1095 460 1142 vivis
502 1101 551 1143 et
589 1097 817 1161 posteriS,
858 1110 954 1158 quo
996 1110 1154 1159 usque
1195 1097 1288 1144 ista
1329 1096 1453 1143 fama
1493 1097 1779 1162 porrigitur,

91 1169 297 1231 impium
336 1167 674 1231 spectaculum
711 1165 1078 1234 praebebatur?

239 1239 347 1290 Vim
398 1247 562 1290 tamen
611 1241 925 1306 patiebantur
979 1242 1129 1291 studii
1176 1243 1254 1290 sui
1305 1241 1372 1290 dii
1419 1242 1489 1290 illi
1527 1242 1778 1306 praesides

91 1315 286 1379 imperii
324 1314 532 1363 Romani
580 1322 630 1364 et
678 1315 850 1364 talium
897 1317 1223 1364 certaminum
1265 1322 1511 1379 tamquam
1553 1315 1779 1364 theatrici
1814 1331 1866 1370 15

93 1394 396 1454 spectatores
409 1428 422 1455 ,
478 1388 634 1437 donec
689 1388 1007 1438 Horatiorum
1070 1404 1212 1437 soror
1273 1396 1478 1454 propter
1534 1388 1777 1441 Curiatios

93 1469 196 1512 tres
234 1469 519 1527 peremptos
561 1465 708 1511 etiam
756 1465 862 1528 ipsa
902 1465 1047 1512 tertia
1087 1479 1146 1511 ex
1187 1462 1338 1512 altera
1378 1470 1517 1528 parte
1559 1464 1776 1512 fraterno

94 1537 227 1585 ferro
268 1535 462 1585 duobus
503 1537 739 1586 fratribus
781 1537 1061 1603 adderetur,
1101 1552 1162 1585 116
1203 1539 1368 1586 minus
1405 1536 1610 1586 haberet
1650 1552 1778 1585 mor-

53 1605 59 1612 ’
90 1612 214 1659 tium
254 1611 401 1659 etiam
425 1609 579 1659 Roma
613 1626 737 1675 quae
769 1613 966 1660 vicerat.
1043 1610 1228 1660 Deinde
1271 1611 1329 1659 ad
1370 1611 1590 1659 fructum
1628 1613 1778 1660 victo-

91 1687 190 1733 riae
216 1683 336 1732 Alba
375 1683 612 1734 subversa
653 1692 742 1750 est,
782 1684 866 1734 ubi
906 1691 1018 1749 post
1056 1684 1214 1751 Ilium,
1255 1685 1386 1748 quod
1427 1684 1601 1733 Graeci
1641 1700 1775 1733 ever·
1811 1700 1867 1741 20

90 1764 274 1824 terunt,
313 1764 362 1807 et
399 1764 513 1822 post
549 1757 819 1824 Lavinium,
858 1758 944 1808 ubi
982 1759 1171 1807 Aeneas
1210 1774 1420 1822 regnum
1459 1760 1776 1822 peregrinum

91 1839 237 1896 atque
263 1832 524 1896 fugitivum
549 1834 889 1898 constituerat,
914 1834 1061 1881 tertio
1087 1832 1195 1881 loco
1213 1832 1551 1881 habitaverant
1577 1834 1778 1881 numina

89 1905 170 1954 illa
208 1905 432 1954 Troiana.
512 1905 607 1955 Sed
650 1921 785 1955 more
834 1922 923 1955 suo
963 1908 1110 1955 etiam
1149 1906 1263 1955 inde
1302 1908 1399 1954 iam
1439 1906 1647 1954 sortasse
1687 1907 1775 1954 mi·

91 1985 370 2045 graverant‚
417 1978 531 2027 ideo
580 1979 739 2029 deleta
786 1986 875 2029 est.
952 1979 1292 2028 Discesserant
1339 1979 1566 2028 videlicet
1606 1994 1776 2028 omnes

91 2054 246 2118 adytis
286 2054 482 2117 arisque
523 2053 710 2102 relictis
751 2054 821 2120 di,
873 2053 1052 2118 quibus
1091 2055 1355 2118 imperium
1394 2053 1515 2101 illud
1556 2060 1774 2102 steterat.
1809 2068 1863 2107 25

92 2125 431 2175 Discesserant
476 2142 591 2175 sane
642 2142 756 2176 ecce
806 2130 902 2176 iam
952 2129 1127 2193 tertio,
1174 2133 1230 2176 ut
1279 2129 1350 2176 eis
1399 2134 1572 2190 quarta
1622 2127 1775 2175 Roma

90 2200 516 2264 providentissime
571 2201 874 2250 crederetur.
962 2201 1291 2266 Displicuerat
1344 2203 1476 2249 enim
1538 2208 1587 2249 et
1641 2200 1774 2267 Alba,

90 2273 176 2323 ubi
199 2274 422 2323 Amulius
462 2274 665 2339 expulso
706 2276 872 2341 fratre,
913 2282 962 2324 et
986 2275 1139 2324 Roma
1178 2275 1444 2341 placuerat,
1483 2274 1569 2323 ubi
1593 2274 1773 2330 Romu—

91 2346 167 2396 lus
205 2349 368 2396 occiso
418 2348 570 2397 fratre
617 2355 920 2413 regnaverat.
999 2348 1095 2397 Sed
1144 2355 1405 2413 antequam
1446 2348 1565 2396 Alba
1612 2347 1772 2396 dirue-

90 2428 250 2488 retur,
296 2422 575 2471 transfusus
617 2429 713 2488 est,
763 2424 1016 2488 inquiunt,
1056 2422 1268 2487 populus
1317 2424 1422 2471 eius
1462 2423 1512 2470 iu
1552 2421 1768 2484 Romam,
1801 2434 1858 2473 30

90 2501 145 2543 ut
195 2510 254 2544 ex
299 2502 509 2559 utraque
561 2511 658 2544 una
709 2497 879 2545 civitas
930 2497 1085 2545 fieret.
1161 2495 1306 2562 Est0,
1356 2498 1423 2544 ita
1464 2496 1643 2544 sactum
1683 2494 1768 2557 sit5

90 2567 208 2616 urbs
257 2575 420 2618 tamen
471 2569 577 2636 illa,
627 2570 823 2618 Ascanii
873 2585 1081 2634 regnum
1132 2577 1181 2619 et
1227 2571 1432 2618 tertium
1471 2564 1768 2616 domicilium

90 2639 414 2692 Troianorum
460 2643 688 2710 deorum,
736 2643 795 2692 ab
842 2643 965 2692 urbe
1012 2643 1109 2691 filia
1155 2650 1312 2692 mater
1359 2657 1527 2690 eversa
1567 2645 1660 2703 est3
1714 2645 1768 2686 ut

91 2721 252 2764 autem
306 2715 422 2764 belli
475 2716 709 2781 reliquiae
766 2732 792 2765 e
849 2717 1041 2766 duobus
1092 2717 1287 2781 populis
1326 2728 1480 2765 unum
1533 2714 1764 2776 facerent,

210 2905 234 2943 5
269 2902 390 2946 esset
418 2917 463 2959 p.
495 2902 615 2956 AK,·
646 2917 691 2958 p.
725 2916 762 2947 e.
796 2901 872 2947 Fv

1357 2973 1414 3013 g*
