2038 3152
561 153 627 184 DE
651 152 890 185 GIVITATE
914 153 1005 184 nm
1026 153 1069 186 L.
1094 153 1124 183 1.
1142 152 1178 185 c.
1204 154 1257 186 ιτ.
1285 153 1336 184 18.
1714 141 1784 192 29

107 265 374 315 sceleratae
420 263 553 312 illius
602 264 879 313 traditionis
924 266 1117 313 auxisse
1165 266 1330 328 potius
1381 279 1525 327 quam
1564 267 1784 329 expiasse

107 339 448 404 commissum,
497 339 727 402 quoniam
774 337 862 385 Dei
910 337 1298 386 misericordiam
1345 337 1648 402 desperando
1688 340 1785 386 exi-

107 411 342 462 tiabiliter
363 412 621 476 paenitens
645 410 836 460 nullum
877 410 970 460 sibi
1009 409 1219 459 salubris
1259 412 1586 475 paenitentiae
1624 410 1787 460 locum

108 486 332 550 reliquit:
371 491 555 549 quanto
580 486 734 549 magis
767 499 795 533 a
833 499 921 533 sua
960 500 1081 533 nece
1122 499 1174 532 se
1215 484 1462 533 abstinere
1503 483 1665 551 debet,
1703 486 1789 548 qui

107 559 191 608 tali
231 557 471 624 supplicio
525 558 657 622 quod
695 560 747 607 in
787 573 839 607 se
879 559 1053 623 puniat
1090 573 1189 606 non
1228 556 1397 606 habet!
1474 557 1618 607 Iudas
1658 560 1788 606 enim
1820 569 1845 608 5

106 649 220 682 cum
253 648 304 681 se
338 632 533 699 occidit,
564 631 859 682 sceleratum
890 631 1141 681 hominem
1173 631 1367 698 occidit,
1407 638 1456 680 et
1486 638 1650 680 tamen
1690 646 1788 680 non

104 706 267 756 solum
306 705 514 772 Christi,
553 721 725 755 verum
758 707 906 754 etiam
946 721 1063 755 suae
1103 707 1277 754 mortis
1315 720 1433 754 reus
1471 705 1626 754 finivit
1663 705 1788 754 banc

106 782 277 847 vitam,
332 782 447 844 quia
495 779 612 829 licet
660 786 866 844 propter
918 794 1064 829 suum
1114 779 1276 828 scelus
1327 778 1419 827 alio
1471 793 1561 827 suo
1602 778 1787 827 scelere

106 856 299 903 occisus
347 860 436 904 est.
514 853 614 903 Cur
662 860 827 902 autem
866 853 1035 919 hom0,
1083 855 1168 918 qui
1206 852 1320 902 mali
1359 851 1480 901 nihil
1519 852 1658 918 fecit,
1697 851 1790 900 sibi

105 928 377 977 malefaciat
423 935 471 976 et
521 943 573 976 se
624 929 787 992 ipsum
838 927 1179 977 interficiendo
1230 927 1480 975 hominem
1529 926 1791 975 interficiat

105 1004 435 1068 innocentem,
475 1016 536 1050 ne
569 1000 718 1050 alium
741 1003 956 1066 patiatur
995 1007 1271 1068 nocentem,
1311 1006 1457 1064 atque
1496 1001 1548 1048 in
1587 1014 1639 1048 se
1679 994 1811 1064 per-⁶

105 1081 268 1140 petret
299 1082 558 1140 peccatum
588 1077 861 1140 proprium,
899 1091 961 1124 ne
993 1077 1044 1124 in
1084 1090 1142 1124 eo
1182 1080 1500 1139 perpetretur
1539 1069 1790 1122 alienum?

740 1260 937 1315 CAPUT
970 1263 1171 1316 XVIII.

240 1386 316 1435 De
355 1388 554 1434 alienae
592 1387 827 1434 violentia
867 1385 1106 1450 libz‘dz'nz‘S,
1143 1398 1294 1445 quam
1334 1386 1385 1432 in
1424 1397 1658 1445 oppresso

492 1472 708 1521 corpore
746 1472 882 1507 mens
923 1460 1080 1507 invita
1115 1459 1416 1520 perpetitur.

255 1577 318 1626 At
343 1579 490 1643 enim,
528 1592 590 1626 ne
631 1576 707 1626 vel
747 1576 904 1626 aliena
942 1575 1128 1641 polluat
1166 1575 1331 1643 libido,
1370 1577 1622 1625 metuitur.
1684 1575 1792 1624 Non

106 1650 314 1717 polluet,
362 1653 404 1700 si
449 1650 606 1700 aliena
652 1652 769 1716 erit3
809 1652 851 1700 si
890 1656 1055 1699 autem
1093 1649 1302 1716 polluet,
1351 1649 1507 1699 aliena
1547 1664 1645 1698 non
1686 1651 1793 1699 erit.

109 1723 207 1774 Sed
238 1739 351 1774 cum
382 1725 619 1790 pudicitia
641 1726 799 1774 virtus
831 1726 895 1773 sit
926 1725 1076 1773 animi
1114 1725 1442 1787 comitemque
1480 1722 1658 1772 habeat
1695 1723 1791 1771 for-

108 1798 393 1866 titudinem,
442 1813 537 1863 qua
574 1801 741 1863 potius
782 1797 1029 1863 quaelibet
1068 1797 1192 1847 mala
1230 1797 1441 1846 tolerare
1483 1812 1628 1861 quam
1666 1796 1792 1845 malo

110 1874 390 1922 consentire
431 1873 669 1938 decernit,
708 1871 872 1921 nullus
912 1878 1078 1921 autem
1115 1873 1455 1936 magnanimus
1495 1876 1544 1920 et
1581 1870 1791 1935 pudicus

109 1947 162 1995 in
198 1951 442 2011 potestate
492 1945 694 2012 habeat,
745 1946 862 2010 quid
903 1945 963 1994 de
1003 1960 1091 1994 sua
1131 1960 1278 1994 carne
1319 1945 1427 2011 fiat,
1478 1944 1564 1993 sed
1602 1950 1794 1993 tantum

111 2019 230 2084 quid
277 2020 458 2069 adnuat
503 2026 669 2069 mente
716 2019 793 2068 vel
836 2026 1035 2068 renuat:
1084 2020 1195 2083 quis
1244 2018 1414 2068 eadem
1461 2032 1579 2067 sana
1628 2024 1791 2066 mente

107 2095 354 2158 putaverit
376 2093 587 2158 perdere
627 2108 680 2142 se
720 2093 1022 2159 pudicitiam,
1062 2094 1104 2141 si
1142 2093 1269 2142 forte
1308 2094 1361 2141 in
1400 2091 1704 2157 adprehensa
1745 2098 1794 2140 et

111 2181 348 2232 oppressa
399 2182 546 2216 carne
598 2182 687 2216 sua
737 2173 1028 2216 exerceatur
1079 2173 1128 2215 et
1177 2166 1434 2232 expleatur
1492 2165 1643 2214 libido
1694 2180 1793 2214 non

113 2237 237 2290 sua‘?
277 2240 330 2290 Si
355 2243 487 2290 enim
525 2240 620 2290 hoe
660 2240 805 2290 modo
844 2239 1082 2306 pudicitia
1113 2242 1258 2306 perit,
1297 2240 1522 2306 profecto
1561 2239 1794 2306 pudicitia

111 2315 268 2363 virtus
300 2316 449 2364 animi
487 2330 587 2363 non
627 2316 747 2381 erit,
786 2330 878 2364 nee
916 2313 1187 2380 pertinebit
1226 2314 1286 2363 ad
1308 2308 1382 2363 ea
1419 2312 1574 2379 bona,
1614 2312 1793 2377 quibus

113 2386 240 2437 bene
278 2389 482 2455 vivitur,
532 2388 620 2437 sed
665 2389 716 2437 in
762 2387 906 2437 bonis
953 2389 1177 2452 corporis
1216 2386 1584 2452 numerabitur,
1634 2385 1794 2450 qualia

111 2468 228 2511 sunt
264 2462 395 2511 vires
432 2461 750 2527 pulchritudo
791 2464 973 2511 sanitas
1011 2461 1260 2527 valetudo,
1314 2477 1370 2510 ac
1410 2462 1452 2509 si
1490 2460 1608 2524 quid
1646 2459 1792 2508 huius

111 2534 243 2584 modi
275 2542 372 2601 est3
412 2550 535 2600 quae
561 2535 703 2601 bona,
743 2537 935 2584 etiamsi
966 2537 1267 2602 minuantur,
1305 2534 1483 2583 bonam
1514 2535 1790 2596 iustamque

41 2754 44 2755 ⁷
231 2710 260 2749 4
292 2719 340 2750 se
371 2719 454 2750 om.
486 2707 532 2750 Α
576 2709 592 2764 ΙΙ
632 2712 688 2751 14
720 2708 777 2751 de
809 2707 988 2752 alienae
1019 2706 1245 2752 violentia
1274 2704 1483 2750 libidinis
1513 2703 1790 2759 Heerwaqen

113 2764 209 2817 (30,
224 2768 331 2819 21),·
361 2765 418 2809 de
442 2765 596 2810 aliena
626 2766 940 2822 violentiaque
970 2766 1163 2810 libidine
1197 2765 1256 2819 0;
1287 2765 1342 2809 de
1366 2763 1519 2808 aliena
1547 2761 1789 2806 violentia-

114 2836 216 2865 rum
251 2822 446 2868 libidine
476 2837 502 2869 υ
541 2827 557 2883 u
596 2830 651 2870 28
691 2824 865 2869 sanitas
894 2825 1115 2869 ualetudo
1149 2825 1188 2869 G
1215 2823 1450 2880 (ualetudo
1480 2821 1695 2877 qlossema
1724 2821 1791 2863 vi-

115 2879 246 2926 detur
275 2887 407 2939 esse);
437 2897 549 2927 sana
578 2884 796 2928 valetudo
821 2883 989 2937 AKF;
1021 2898 1132 2928 sana
1160 2883 1433 2939 integraque
1463 2879 1682 2925 valetudo
1711 2892 1738 2923 v

1823 937 1878 976 10

1826 1881 1881 1920 20

1827 2255 1880 2294 25
