2020 3122
128 949 183 990 10

129 1317 182 1358 15

127 1683 183 1724 20

129 2066 183 2106 25

128 2436 185 2475 30

215 153 287 205 94
875 161 909 195 S.
941 161 1219 196 AUGUSTINI

215 291 339 341 quos
371 275 705 341 placabantur,
745 290 892 339 quam
916 274 1158 324 nocebant
1196 277 1306 341 ipsi,
1346 290 1458 323 cum
1498 275 1760 323 vitiositate
1800 275 1900 323 foe-

215 350 414 399 dissima
437 350 765 414 placarentur.
844 348 1049 406 Quando
1090 348 1289 412 quidem
1327 355 1383 397 ut
1423 354 1729 397 averteretur
1767 347 1899 412 quod

214 423 527 473 metuebatur
566 422 625 471 ab
664 422 806 471 hoste
845 425 897 471 in
937 422 1243 489 corporibus,
1283 438 1342 470 eo
1381 421 1527 470 modo
1567 421 1635 470 dii
1675 421 1901 470 concilia-

214 496 409 563 bantur,
449 512 546 561 quo
587 498 746 545 virtus
786 495 1117 545 debellaretur
1155 498 1206 544 in
1246 495 1511 562 mentibuS,
1551 496 1637 560 qui
1675 510 1776 543 non
1816 509 1900 559 op·

214 577 521 635 ponerentur
553 570 839 619 defensores
865 568 1288 634 oppugnatoribus
1321 571 1587 635 moenium,
1627 570 1723 617 nisi
1761 570 1902 633 prius

214 645 392 693 fierent
415 650 778 708 expugnatores
802 659 997 693 morum
1020 642 1279 693 bonorum.
1357 642 1493 692 Hanc
1533 642 1703 692 talium
1742 643 1901 691 numi·

214 733 334 768 num
379 718 704 782 placationem
749 717 1187 782 petulantissimam
1244 719 1612 782 inpurissimam
1661 715 1902 781 inpuden-

214 794 455 841 tissimam
506 792 859 855 nequissimam
898 790 1344 857 inmundissimam,
1386 793 1527 840 cuius
1568 798 1760 840 actores
1800 789 1902 839 lau-

215 866 372 914 danda
395 866 641 914 Romanae
666 866 862 914 virtutis
893 864 1084 912 indoles
1105 864 1304 913 'honore
1335 866 1543 929 privavit
1580 864 1714 914 tribu
1739 866 1905 930 movit,

215 942 411 1004 agnovit
463 946 636 1003 turpes
687 939 805 987 fecit
856 938 1085 1004 insameS,
1140 938 1289 1004 hanc,
1339 940 1561 1004 inquam,
1625 938 1905 1003 pudendam

214 1028 458 1077 veraeque
505 1012 734 1076 religioni
784 1011 1102 1060 aversandam
1141 1018 1191 1061 et
1230 1011 1567 1061 detestandam
1605 1011 1775 1061 talium
1813 1027 1903 1061 nu-

215 1077 768 1151 minum'placationem,
808 1085 895 1134 has
922 1084 1109 1134 fabulas
1141 1087 1193 1134 in
1225 1085 1344 1135 deos
1383 1085 1716 1135 inlecebrosas
1756 1091 1903 1149 atque

215 1163 528 1226 criminosaS,
573 1159 695 1208 11366
749 1161 1075 1223 ignominiosa
1126 1159 1332 1209 deorum
1386 1159 1461 1208 vel
1509 1159 1747 1208 scelerate
1799 1166 1903 1208 tur·

214 1236 442 1299 piterque
483 1234 612 1282 facta
646 1232 719 1282 vel
745 1233 1033 1282 sceleratius
1073 1236 1369 1298 turpiusque
1410 1233 1617 1282 conficta
1657 1232 1813 1282 oculis
1854 1239 1904 1282 et

214 1307 417 1356 auribus
457 1306 669 1372 publicis
710 1309 879 1355 civitas
920 1313 1019 1356 tota
1062 1307 1304 1373 discebat,
1351 1306 1472 1356 haec
1513 1309 1773 1356 commissa
1812 1322 1901 1355 nu-

215 1381 431 1430 minibus
477 1380 672 1445 placere
722 1379 986 1446 cernebat,
1042 1387 1091 1429 et
1136 1381 1247 1429 ideo
1295 1396 1394 1429 11611
1435 1381 1594 1430 solum
1632 1380 1728 1430 illis
1769 1379 1902 1429 exhi-

213 1454 387 1517 benda,
428 1455 514 1503 sed
541 1454 635 1503 sibi
660 1469 856 1518 quoque
882 1454 1115 1503 imitanda
1149 1454 1396 1521 credebat,
1436 1470 1535 1503 non
1575 1454 1694 1503 illud
1733 1455 1902 1503 nescio

215 1528 332 1593 quid
372 1528 506 1577 velut
544 1528 730 1576 bonum
770 1534 819 1576 et
857 1527 1145 1594 honestum,
1198 1528 1328 1592 quod
1368 1535 1468 1577 tam
1505 1529 1676 1592 paucis
1716 1534 1766 1576 et
1803 1534 1904 1577 tam

216 1602 407 1651 occulte
455 1601 710 1650 dicebatur
764 1596 833 1668 (si
880 1608 1044 1650 tamen
1083 1597 1389 1669 dicebatur),
1439 1609 1496 1652 ut
1534 1604 1688 1667 magis
1727 1616 1788 1650 116
1828 1603 1901 1650 in-

215 1682 509 1742 notesceret,
550 1690 697 1740 quam
737 1690 798 1724 ne
837 1690 936 1724 non
977 1676 1133 1742 fieret,
1174 1678 1448 1725 timeretur.

817 1849 1010 1903 CAPUT
1043 1848 1294 1902 XXVIII.

504 1957 580 2005 De
625 1957 946 2006 Christianae
985 1958 1250 2018 reliqionis
1289 1957 1605 2005 salubritate.

365 2057 437 2106 Ab
499 2060 707 2108 istarum
776 2059 1266 2108 inmundissimarum
1326 2065 1628 2124 potestatum
1687 2064 1902 2108 tartareo

215 2133 329 2196 iugo
371 2138 420 2180 et
459 2133 691 2181 societate
731 2133 925 2197 poenali
963 2135 1073 2182 erui
1110 2149 1201 2197 per
1235 2132 1417 2182 Christi
1456 2148 1637 2182 nomen
1676 2131 1902 2180 homines

216 2210 266 2254 et
304 2206 355 2253 in
393 2205 555 2254 lucem
603 2205 952 2255 saluberrimae
999 2208 1197 2270 pietatis
1238 2207 1296 2255 ab
1336 2207 1418 2256 illa
1454 2207 1901 2272 perniciosissimae

215 2279 480 2343 impietatis
519 2285 663 2328 nocte
698 2280 955 2328 transferri
989 2286 1269 2344 queruntur
1308 2286 1359 2329 et
1396 2286 1708 2330 murmurant
1745 2280 1905 2343 iniqui

218 2358 267 2400 et
303 2353 483 2416 ingrati
522 2358 571 2401 et
609 2352 691 2401 illo
730 2353 919 2402 nefario
959 2355 1136 2417 spiritu
1181 2353 1325 2403 altius
1365 2354 1751 2417 obstrictiusque
1790 2367 1902 2417 pos-

217 2426 364 2491 sessi,
403 2427 517 2489 quia
555 2426 724 2491 populi
764 2426 1019 2475 confluunt
1058 2427 1116 2475 ad
1157 2427 1390 2477 ecclesias
1431 2434 1563 2477 casta
1603 2426 1904 2492 celebritate,

215 2499 423 2548 honesta
477 2501 737 2564 utriusque
795 2515 941 2548 sexus
996 2499 1321 2567 discretione,
1375 2501 1461 2550 ubi
1508 2500 1706 2550 audiant
1756 2514 1904 2563 quam

217 2572 342 2621 bene
382 2573 462 2621 hic
510 2572 568 2621 ad
615 2580 811 2638 tempus
857 2575 1020 2622 vivere
1069 2573 1303 2640 debeant,
1344 2582 1399 2623 ut
1437 2580 1550 2639 post
1588 2573 1714 2622 hanc
1756 2575 1903 2622 vitam

341 2778 395 2816 12
435 2773 520 2818 has
559 2787 641 2818 om.
683 2773 832 2816 ΛΚΕ
872 2775 887 2829 ΙΙ
937 2779 989 2817 13
1022 2779 1074 2817 ut
1104 2775 1254 2818 editur
1287 2774 1415 2828 0A¹‚·
1447 2774 1639 2818 deorum
1669 2772 1795 2817 facta.
1824 2771 1902 2816 uel

218 2832 439 2876 scelerate
470 2832 760 2889 turpiterque
785 2833 861 2876 uel
887 2832 1154 2877 sceleratius
1178 2833 1250 2886 F,·
1282 2833 1324 2877 d.
1355 2833 1387 2876 f.
1418 2848 1463 2877 u.
1497 2846 1559 2879 sc.
1590 2833 1624 2878 t.
1657 2830 1904 2876 commissa

216 2905 260 2936 u.
294 2905 356 2934 sc.
388 2891 554 2935 A2K2v
584 2891 675 2946 (K1
708 2891 955 2936 commissa
985 2895 1090 2947 om.)
