2020 3122
60 930 183 974 ,10

129 1298 183 1339 15

130 1667 186 1708 20

131 2133 261 2208 25*

217 133 319 186 138
885 143 919 177 s,
943 143 1220 178 Aueusrnu

212 257 444 307 nantibus
498 256 838 322 opponendam
888 262 1142 322 putarunt.
1219 256 1468 314 Quantum
1522 271 1582 306 ex
1634 256 1728 305 hoo
1781 271 1894 321 pro·

214 331 443 391 fecerint,
491 330 708 379 indicant
728 337 926 398 ‚secuta
971 331 1154 395 peiora.
1231 329 1540 380 Laborarunt
1587 331 1719 379 enim
1757 329 1893 380 dein-

214 420 330 469 ceps
378 406 741 454 eontionatores
794 418 895 453 non
953 404 1232 469 exemplum
1282 403 1499 453 devitare
1545 403 1895 464 Gracchorum,

215 479 301 527 sed
342 493 578 543 superare
616 479 940 544 propositum,
979 478 1162 527 Lucius
1192 478 1490 527 Saturninus
1523 476 1754 527 tribunus
1793 477 1893 542 ple·

215 552 290 601 bis
332 559 381 602 et
419 551 569 617 Gaius
602 551 841 601 Servilius
880 558 1079 616 praetor
1119 557 1169 600 et
1207 551 1362 601 multo
1401 557 1514 616 post
1537 551 1731 600 Marcus
1771 549 1895 600 Dru-

215 642 315 693 SUS,
355 641 568 691 quorum
607 627 827 675 omnium
861 625 1187 675 seditionibus
1227 624 1402 675 caedes
1441 626 1602 689 primo
1641 626 1738 674 iam
1777 630 1896 674 tune

215 701 544 766 gravissimae,
585 699 760 748 deinde
787 698 985 749 socialia
1024 698 1151 748 bella
1192 704 1499 764 exarserunt,
1540 697 1720 763 quibus
1760 698 1897 748 ltalia

214 773 532 823 vehementer
577 772 769 822 adssieta
817 780 865 822 et
913 772 972 821 ad
1018 774 1295 822 vastitatem
1345 772 1618 822 mirabilem
1659 771 1894 822 desertio·

214 862 426 912 nemque
465 847 705 912 perducta
744 853 834 896 est.
909 845 1100 895 Bellum
1139 845 1316 895 deinde
1357 845 1533 895 servile
1575 847 1815 895 successit
1847 852 1897 895 et

214 920 340 970 bella
380 921 552 970 civilia.
631 920 765 978 Quae
790 919 975 984 proelia
1015 922 1276 968 commissa
1317 926 1447 986 sunt,
1488 919 1606 984 quid
1645 920 1900 983 sanguinis

215 995 406 1060 fusum,
461 1003 517 1043 ut
566 1008 738 1042 omnes
788 994 892 1042 fere
938 993 1085 1042 Italae
1134 999 1334 1059 genteS,
1392 992 1572 1058 quibus
1623 992 1900 1043 Romanum

214 1066 796 1133 maxime-praepollebat
844 1069 1130 1131 imperium,
1170 1073 1600 1131 tamquamsaeva
1647 1066 1900 1116 barbaries

216 1139 555 1191 domarentur!
633 1141 734 1190 Iam
781 1156 840 1190 ex
889 1142 1227 1206 paucissimiS,
1280 1140 1374 1190 hoe
1422 1147 1498 1189 est
1545 1143 1707 1190 minus
1753 1156 1900 1205 quam

217 1217 540 1281 septuaginta,
579 1213 931 1279 gladiatoribus
972 1230 1119 1279 quem
1159 1214 1218 1263 ad
1257 1214 1459 1264 modum
1498 1213 1684 1264 bellum
1721 1214 1900 1264 servile

216 1295 526 1339 contractum
575 1290 661 1354 sit,
713 1288 771 1337 ad
825 1295 1064 1352 quantum
1122 1303 1386 1338 numerum
1439 1294 1489 1337 et
1543 1303 1688 1352 quam
1735 1303 1901 1337 acrem

215 1363 532 1427 ferocemque
589 1363 898 1427 pervenerit,
962 1378 1086 1427 quos
1146 1362 1227 1411 ille
1280 1377 1520 1412 numerus
1575 1364 1900 1427 imperatores

214 1437 384 1502 populi
433 1435 642 1485 Romani
690 1438 1019 1501 superaverit,
1066 1451 1188 1500 quas
1238 1442 1287 1485 et
1337 1451 1433 1500 quo
1483 1436 1625 1484 modo
1678 1437 1900 1485 civitates

215 1512 543 1575 regionesque
593 1511 868 1575 vastaverit,
922 1511 1001 1558 vix
1050 1511 1134 1573 qui
1185 1509 1443 1559 historiam
1495 1511 1902 1575 conscripserunt

218 1586 335 1633 satis
387 1583 631 1649 explicare
680 1589 966 1648 potuerunt.
1042 1582 1213 1648 Neque
1267 1582 1315 1632 id
1373 1583 1531 1633 solum
1582 1583 1677 1633 fuit
1723 1583 1899 1632 servile

217 1657 421 1724 bellum,
469 1657 556 1706 sed
595 1663 646 1706 et
683 1656 1016 1706 Macedoniam
1056 1647 1363 1721 provinciam
1402 1658 1542 1722 prius
1582 1658 1780 1706 servitia
1819 1656 1900 1706 de-

216 1731 447 1797 populata
502 1737 618 1780 sunt
673 1737 722 1780 et
780 1730 958 1779 deinde
1023 1730 1240 1779 Siciliam
1295 1746 1529 1795 oramque
1593 1732 1901 1780 maritimam.

219 1805 411 1862 Quanta
466 1806 612 1854 etiam
661 1811 710 1853 et
758 1819 903 1868 quam
950 1803 1197 1853 horrenda
1244 1806 1582 1854 commiserint
1628 1806 1789 1869 primo
1835 1803 1901 1852 la-

216 1880 449 1945 trocinia,
501 1877 676 1927 deinde
724 1877 879 1926 valida
925 1877 1051 1926 bella
1097 1879 1391 1944 piratarum,
1439 1879 1550 1943 quis
1588 1893 1678 1943 pro
1718 1878 1901 1942 magni-

218 1952 388 2002 tudine
428 1967 597 2001 rerum
635 1951 791 2001 valeat
830 1948 1029 2016 eloqui?

827 2151 1022 2206 CAPUT
1071 2153 1294 2206 XXVII.

485 2261 560 2309 De
600 2260 724 2309 bello
765 2261 904 2309 civili
942 2260 1182 2309 Mariano
1223 2264 1374 2321 atque
1413 2261 1636 2309 Sullano.

369 2362 492 2411 Cum
524 2377 639 2410 vero
673 2361 855 2410 Marius
890 2361 1019 2410 civili
1050 2363 1287 2425 sanguine
1319 2364 1416 2410 iam
1456 2368 1694 2411 eruentus
1734 2361 1902 2410 multis

220 2436 534 2485 adversarum
583 2434 677 2483 sibi
723 2436 937 2499 partium
984 2436 1253 2499 peremptis
1293 2437 1450 2484 vietus
1490 2434 1621 2483 Urbe
1661 2435 1906 2499 profugis-

222 2517 317 2576 set,
364 2511 443 2559 vix
483 2508 737 2574 paululum
783 2509 1059 2572 respirante
1100 2509 1326 2573 civitate,
1350 2515 1422 2573 ,ut
1461 2507 1623 2558 verbis
1664 2508 1902 2557 Tullianis

337 2653 411 2708 29)
445 2651 543 2697 Cat.
577 2655 617 2706 3,
653 2655 720 2694 10.

339 2818 363 2858 5
398 2813 530 2871 gaius
561 2813 828 2866 KFPam-.,·
860 2810 985 2855 caius
1017 2823 1042 2854 υ
1067 2812 1081 2867 ΙΙ
1109 2815 1162 2855 10
1196 2815 1247 2855 ut
1278 2811 1428 2856 editur
1458 2810 1698 2858 KFParr.
1730 2813 1902 2869 (proyr.

219 2885 266 2928 p.
298 2876 401 2928 15)‚·
434 2872 608 2917 civilia:
641 2871 691 2916 in
723 2870 889 2928 quibus
923 2883 1039 2925 quae
1071 2883 1096 2914 v
