2020 3122
532 140 598 173 DE
622 140 861 175 οΙνῙΤΑΤΕ
885 142 974 175 DEI
995 143 1038 176 L.
1065 143 1154 176 XII.
1181 142 1218 176 o.
1243 145 1296 177 27.
1321 145 1374 177 28.
1674 133 1783 187 555

96 268 193 317 qua
224 252 300 302 vel
331 252 561 302 mortales
609 254 795 302 conditi
843 269 1029 320 sumuS,
1069 255 1289 304 divinum
1326 271 1506 305 munus
1546 263 1643 306 est:
1685 273 1781 323 quo

96 327 240 375 modo
289 341 447 391 poena
495 332 571 375 est
618 326 677 375 ad
717 329 812 375 ista
852 343 1080 393 corpora,
1130 329 1178 377 id
1220 336 1295 378 est
1334 330 1392 378 ad
1434 330 1594 379 divina
1632 330 1780 380 bene-

98 401 228 466 ficia,
267 397 526 449 remeare?
586 399 651 449 Et
690 402 732 448 si
770 400 924 465 DeuS,
976 403 1108 465 quod
1148 402 1349 452 adsidue
1390 403 1526 453 Plato
1569 420 1779 454 comme-

97 480 277 539 morat,
329 476 458 523 sicut
496 472 668 523 mundi
707 475 947 540 universi,
986 477 1054 523 ita
1092 478 1311 525 omnium
1350 477 1631 527 animalium
1672 494 1778 544 spe-

95 549 196 595 cies
237 553 435 596 aeterna
474 547 810 612 intellegentia
858 548 1165 598 continebat:
1213 565 1309 613 quo
1350 550 1494 599 modo
1536 567 1634 600 non
1673 554 1778 617 ipse
1812 563 1837 602 5

93 626 273 670 cuncta
313 618 590 670 condebat?
637 622 710 670 An
750 621 1028 686 aliquorum
1068 637 1176 671 esse
1217 624 1393 672 artifex
1432 624 1606 691 nollet,
1658 641 1778 690 quo-

93 709 206 742 rum
256 694 627 744 efficiendorum
689 702 844 744 artem
895 695 1155 745 ineffabilis
1207 698 1312 745 eius
1365 704 1414 746 et
1468 698 1780 748 ineffabiliter

92 767 346 817 laudabilis
387 784 525 818 mens
565 766 804 818 haberet?

687 956 882 1011 CAPUT
915 957 1165 1013 XXVIII.

93 1067 154 1114 In
204 1068 369 1127 primo
424 1066 622 1114 homine
676 1070 909 1114 exortam
962 1065 1123 1127 fuisse
1178 1080 1368 1115 omnem
1413 1069 1778 1129 plenitudinem
1813 1078 1866 1118 10

138 1142 344 1200 generis
382 1141 611 1199 humani,
654 1142 704 1188 in
746 1154 847 1200 qua
879 1141 1202 1201 praeviderit
1239 1141 1396 1200 DeuS,
1437 1155 1568 1201 quae
1600 1156 1729 1204 pars

313 1215 615 1262 honoranda
654 1219 782 1262 esset
812 1216 1058 1274 praemiO,
1098 1229 1230 1275 quae
1269 1216 1563 1263 damnanda

798 1289 1057 1349 supplicio.

238 1389 412 1439 Merito
445 1390 598 1453 igitur
628 1405 743 1438 vera
776 1389 964 1456 religiO,
1005 1405 1154 1454 quem
1185 1389 1358 1439 mundi
1389 1391 1623 1458 universi,
1663 1407 1777 1440 eum

90 1463 371 1512 animalium
411 1478 610 1528 quoque
660 1465 1029 1529 universorum,
1075 1464 1172 1512 hoc
1212 1471 1288 1512 est
1327 1470 1376 1512 et
1415 1466 1687 1514 animarum
1729 1472 1778 1514 et
1814 1476 1866 1516 15

90 1552 376 1603 corporum,
425 1537 732 1586 conditorem
782 1539 1004 1601 agnoscit
1053 1544 1102 1586 et
1151 1537 1415 1602 praedicat.
1494 1537 1549 1586 In
1597 1538 1776 1603 quibus

88 1611 302 1659 terrenis
348 1612 645 1675 praecipuus
693 1610 751 1659 ab
799 1610 880 1659 illo
931 1611 989 1659 ad
1029 1613 1136 1660 eius
1174 1613 1443 1675 imaginem
1478 1611 1624 1660 homo
1663 1627 1775 1676 pro-

86 1691 199 1748 pter
240 1700 345 1733 eam
386 1699 604 1750 causam,
653 1700 800 1748 quam
841 1684 962 1750 dixi,
1011 1690 1060 1734 et
1107 1686 1150 1733 si
1190 1700 1285 1749 qua
1324 1685 1451 1733 forte
1492 1684 1583 1733 alia
1622 1687 1777 1734 maior

88 1757 231 1824 latet,
279 1758 437 1807 factus
478 1764 554 1807 est
592 1773 744 1824 unUS,
792 1758 878 1806 sed
918 1773 1018 1806 non
1058 1757 1262 1807 relictus
1303 1764 1379 1807 est
1419 1758 1567 1807 solus,
1644 1758 1774 1807 Nihil

88 1833 219 1880 enim
271 1838 346 1880 est
397 1847 544 1895 quam
593 1831 688 1880 hoc
739 1846 894 1896 genus
941 1839 1039 1880 tam
1081 1831 1442 1880 discordiosum
1480 1833 1623 1898 vitio,
1674 1838 1774 1881 tam
1808 1845 1863 1884 20

87 1904 266 1954 sociale
315 1912 506 1955 natura.
581 1904 753 1969 Neque
802 1905 1108 1954 commodius
1158 1912 1329 1954 contra
1375 1907 1548 1954 vitium
1589 1905 1773 1955 discor-

33 2029 40 2034 ,
87 1978 194 2026 diae
234 1978 310 2026 vel
350 1978 620 2027 cavendum
670 1994 732 2027 ne
773 1980 1029 2046 existeret,
1076 1979 1152 2028 vel
1192 1979 1461 2028 sanandum
1502 1994 1615 2028 cum
1655 1982 1772 2029 exti-

87 2053 248 2117 tisset,
287 2058 463 2101 natura
500 2052 790 2116 loqueretur
828 2052 1055 2119 humana,
1096 2068 1243 2117 quam
1282 2052 1678 2102 recordationem
1715 2053 1770 2102 il-

86 2125 181 2174 lius
220 2127 462 2191 parentiS,
512 2141 657 2190 quem
703 2133 967 2191 propterea
1006 2126 1138 2176 Deus
1187 2142 1356 2175 creare
1403 2126 1557 2175 voluit
1603 2142 1772 2193 unum,

87 2198 287 2262 dequo
322 2199 585 2249 multitudo
616 2207 988 2267 propagaretur,
1028 2206 1085 2249 ut
1122 2199 1213 2249 hac
1254 2200 1584 2249 admonitione
1626 2202 1771 2250 etiam
1805 2212 1861 2252 25

86 2274 137 2320 in
189 2272 357 2322 multis
405 2288 613 2322 concors
660 2275 823 2322 unitas
871 2280 1167 2323 servaretur.
1247 2274 1388 2332 Quod
1435 2289 1552 2323 vero
1592 2275 1771 2323 femina

86 2345 157 2394 illi
203 2361 262 2395 ex
311 2348 417 2395 eius
464 2347 616 2395 latere
664 2347 792 2396 facta
831 2353 927 2414 est,
980 2350 1127 2397 etiam
1166 2348 1246 2397 hic
1287 2350 1403 2397 satis
1444 2348 1771 2412 significatum

88 2425 163 2468 est
211 2435 356 2484 quam
406 2435 516 2468 cara
568 2422 731 2470 mariti
782 2427 830 2470 et
880 2424 1049 2471 uxoris
1097 2420 1272 2470 debeat
1324 2437 1431 2471 esse
1473 2422 1769 2470 coniunctio

85 2491 216 2541 Haec
241 2509 391 2558 opera
415 2493 504 2543 Dei
527 2501 791 2559 propterea
822 2501 939 2544 sunt
970 2498 1143 2560 utique
1174 2497 1420 2560 inusitata,
1454 2495 1567 2559 quia
1597 2495 1768 2558 prima.

86 2565 183 2623 Qui
222 2572 385 2616 autem
432 2568 524 2617 ista
565 2583 664 2616 non
705 2568 935 2635 credunt,
987 2569 1120 2619 nulla
1160 2569 1286 2617 facta
1324 2567 1547 2633 prodigia
1587 2566 1768 2615 debent
1800 2579 1857 2618 30

205 2757 229 2795 9
258 2751 436 2808 Capitis
466 2757 576 2798 nota
606 2754 658 2798 in
690 2755 815 2799 codd.
866 2754 951 2798 VA
989 2755 1063 2799 hic
1094 2755 1257 2799 omissa
1290 2757 1403 2807 556,
1443 2758 1471 2797 9
1505 2757 1610 2797 ante
1633 2753 1767 2796 Nunc

84 2810 305 2855 inseritur
327 2813 342 2866 ΙΙ
368 2817 419 2856 11
446 2812 678 2868 praevidit
700 2827 726 2857 v
750 2815 765 2870 ΙΙ
792 2818 846 2857 14
884 2828 1023 2869 quem
1055 2813 1195 2857 VAF
1227 2813 1303 2867 (cf.
1330 2816 1358 2856 4
1382 2816 1423 2856 et
1439 2824 1596 2868 proyr.
1619 2825 1667 2868 p.
1693 2815 1767 2867 6),-

84 2883 203 2924 quae
233 2883 259 2913 v
283 2871 299 2926 ss
323 2875 376 2914 27
410 2871 486 2914 hic
528 2871 638 2926 VA;
669 2871 778 2916 hinc
809 2886 835 2917 v
