2020 3122
184 574 210 614 5

160 943 214 982 10

159 1309 214 1348 15

161 1676 217 1716 20

163 2043 218 2082 25

164 2411 220 2451 30

244 147 347 200 196
907 155 943 190 s,
975 153 1253 190 Anous'rm

242 279 378 321 sunt:
434 285 585 335 quare
641 275 837 334 tempus
891 270 944 318 in
1004 266 1251 316 nascendo
1307 265 1557 315 diversum
1608 265 1668 314 ad
1721 264 1926 315 aliarum

240 359 410 394 rerum
449 343 758 393 diversitates
796 341 958 391 valere
999 335 1341 390 contendunt?
1409 338 1508 388 Cur
1546 345 1819 404 potuerunt
1856 337 1927 387 di-

239 419 396 467 versis
435 415 743 482 temporibus
781 416 1112 482 peregrinari,
1153 414 1357 463 diversis
1398 411 1705 478 temporibus
1744 411 1927 462 ducere

241 506 438 558 uxoreS,
478 490 688 540 diversis
726 488 1036 554 temporibus
1074 487 1199 537 filios
1238 501 1502 552 procreare
1544 493 1593 535 et
1632 485 1784 536 multa
1822 485 1929 553 alia,

242 565 662 630 propterea,quia
701 563 909 613 diversis
948 560 1256 627 temporibus
1295 562 1397 609 nati
1437 567 1578 627 sunt,
1618 567 1668 609 et
1705 574 1806 609 non
1843 575 1928 625 po-

243 644 451 688 tuerunt
491 638 662 687 eadem
687 652 834 687 causa
859 636 1065 685 diversis
1106 636 1252 684 etiam
1291 633 1599 699 temporibus
1639 630 1930 698 aegrotare?

246 711 300 761 Si
353 714 485 761 enim
539 711 704 776 dispar
758 709 992 760 nascendi
1045 709 1165 758 hora
1230 709 1436 757 mutavit
1495 707 1829 773 horoscopum
1882 714 1932 758 et

246 785 618 850 disparilitatem
665 784 833 833 intulit
879 784 1059 832 ceteris
1110 781 1284 831 rebus:
1339 797 1429 830 cur
1467 781 1587 831 illud
1626 783 1678 831 in
1717 782 1929 846 aegritu·

246 858 443 908 dinibus
475 860 669 924 mansit,
709 857 840 921 quod
872 855 1082 905 habebat
1112 857 1164 904 in
1203 856 1441 919 temporis
1481 854 1773 919 aequalitate
1814 870 1929 905 con-

248 928 458 997 ceptus?
495 931 592 980 Aut
631 932 673 979 si
712 931 808 979 fata
847 928 1141 978 valetudinis
1179 930 1232 977 in
1271 934 1516 993 conceptu
1557 935 1687 995 sunt,
1727 928 1929 979 aliarum

245 1021 362 1054 vero
403 1020 572 1054 rerum
603 1006 655 1052 in
687 1011 800 1053 ortu
842 1018 949 1052 esse
990 1002 1240 1067 dicuntur,
1278 1016 1377 1050 non
1417 1000 1657 1052 deberent
1694 1003 1933 1068 inspectis

246 1073 480 1128 nataliu'm
535 1075 991 1127 constellationibus
1046 1076 1105 1124 de
1166 1075 1444 1125 valetudine
1507 1075 1689 1141 aliquid
1751 1076 1933 1144 dicere,

247 1151 440 1216 quando
483 1153 554 1200 eis
594 1150 897 1215 inspicienda
938 1149 1322 1214 conceptionalis
1360 1149 1482 1198 hora
1520 1164 1621 1200 non
1660 1148 1817 1200 datur.
1881 1149 1934 1199 Si

247 1232 411 1274 autem
465 1225 575 1274 ideo
623 1225 974 1289 praenuntiant
1020 1222 1353 1288 aegritudines
1403 1238 1503 1272 non
1554 1226 1777 1289 inspecto
1817 1239 1932 1274 con·

249 1300 489 1363 ceptionis
535 1297 843 1364 horoscopo,
891 1298 1004 1361 quia
1053 1296 1272 1346 indicant
1321 1311 1404 1346 eas
1442 1304 1691 1348 momenta
1729 1313 1932 1348 nascen-

246 1374 392 1422 tium:
445 1387 541 1436 quo
592 1372 737 1421 modo
785 1371 1010 1420 dicerent
1056 1370 1258 1420 cuilibet
1305 1385 1478 1420 eorum
1524 1374 1835 1436 geminorum
1874 1387 1935 1421 ex

249 1447 517 1495 nativitatis
557 1445 700 1512 hora,
741 1445 936 1510 quando
977 1449 1320 1509 aegrotaturus
1362 1451 1518 1512 esset,
1557 1460 1669 1495 cum
1709 1452 1759 1495 et
1798 1445 1935 1512 alter,

249 1521 334 1583 qui
373 1534 472 1568 non
511 1518 721 1568 habebat
761 1518 966 1568 eandem
1004 1518 1178 1567 horam
1215 1520 1505 1585 nativitatis,
1544 1534 1749 1568 necesse
1787 1518 1933 1568 habe·

249 1600 328 1642 ret
365 1594 552 1657 pariter
592 1589 882 1657 aegrotare?
957 1591 1143 1641 Deinde
1185 1607 1392 1656 quaero:
1454 1594 1495 1642 si
1533 1599 1668 1642 tanta
1706 1593 1936 1642 distantia
2001 1618 2005 1623 ·

251 1673 326 1715 est
364 1668 602 1731 temporis
641 1668 693 1715 in
731 1667 982 1715 nativitate
1022 1667 1354 1732 geminorum,
1403 1673 1460 1715 ut
1498 1682 1587 1731 per
1626 1667 1753 1716 hanc
1792 1682 1935 1732 opor-

249 1746 350 1789 teat
408 1741 479 1788 eis
534 1739 933 1790 constellationes
995 1740 1103 1788 fieri
1158 1739 1375 1788 diversas
1427 1747 1632 1805 propter
1686 1741 1936 1790 diversum

250 1813 585 1878 horoscopum
625 1820 674 1863 et
707 1813 768 1862 ob
793 1813 887 1862 hoc
928 1812 1148 1862 diversos
1188 1828 1359 1862 omnes
1399 1814 1640 1880 cardines,
1678 1813 1765 1863 ubi
1803 1820 1939 1864 tanta

248 1888 323 1935 vis
375 1889 599 1953 ponitur,
653 1893 710 1936 ut
762 1886 878 1935 hinc
927 1888 1075 1936 etiam
1122 1887 1314 1936 diversa
1362 1889 1461 1936 sint
1499 1887 1614 1937 fata:
1671 1887 1802 1937 unde
1841 1887 1936 1937 hoc

251 1959 474 2008 accidere
520 1962 703 2025 potuit,
751 1975 865 2009 cum
913 1975 1086 2010 eorum
1133 1967 1403 2025 conceptus
1451 1960 1700 2011 diversum
1739 1968 1936 2027 tempus

250 2031 434 2081 habere
481 2048 579 2081 non
634 2031 826 2098 possit?
902 2033 999 2083 Aut
1045 2036 1087 2083 si
1134 2034 1346 2084 duorum
1385 2049 1484 2084 uno
1525 2041 1774 2084 momento
1813 2041 1934 2084 tem-

251 2108 386 2171 poris
427 2113 780 2171 conceptorum
811 2113 1084 2172 potuerunt
1115 2123 1224 2156 esse
1265 2107 1323 2157 ad
1363 2109 1666 2158 nascendum
1704 2109 1800 2158 fata
1839 2109 1934 2158 dis-

250 2181 402 2246 paria,
441 2195 531 2228 cur
563 2195 663 2228 non
696 2186 746 2229 et
777 2179 990 2229 duorum
1021 2196 1120 2230 uno
1153 2188 1404 2231 momento
1438 2184 1674 2246 temporis
1706 2189 1953 2232 natorum.

250 2254 444 2318 possint
476 2268 584 2302 esse
618 2252 677 2301 ad
716 2253 977 2302 vivendum
1017 2260 1161 2318 atque
1203 2255 1514 2305 moriendum
1553 2255 1649 2305 sata
1688 2253 1936 2321 disparia?

251 2326 374 2375 Nam
414 2328 455 2375 si
494 2341 650 2376 unum
689 2334 1015 2394 momentum,
1063 2343 1160 2391 quo
1201 2327 1342 2377 ambo
1383 2330 1609 2394 concepti
1649 2335 1785 2395 sunt,
1835 2344 1935 2379 non

252 2400 529 2466 impedivit,
576 2407 632 2449 ut
672 2400 794 2449 alter
833 2402 993 2467 prior,
1031 2400 1154 2450 alter
1191 2404 1439 2466 posterior
1477 2410 1791 2452 nasceretur:
1831 2418 1936 2471 cur,

250 2489 349 2523 uno
390 2480 638 2523 momento
679 2476 720 2522 si
760 2473 855 2522 duo
896 2482 1184 2541 nascantur,
1230 2475 1435 2540 impedit
1474 2475 1679 2543 aliquid,
1717 2482 1772 2525 ut
1811 2476 1934 2526 alter

251 2549 412 2615 prior,
467 2547 590 2597 alter
639 2549 884 2612 posterior
938 2545 1214 2597 moriatur?
1278 2549 1329 2597 Si
1384 2551 1641 2614 conceptio
1697 2551 1934 2600 momenti

251 2623 400 2670 unius
449 2621 669 2670 diversos
717 2636 859 2670 casus
906 2623 957 2669 in
1004 2628 1147 2671 utero
1196 2623 1417 2686 geminos
1457 2622 1637 2672 habere
1677 2625 1934 2691 permittit,

374 2828 396 2866 7
430 2823 546 2866 hora
575 2823 763 2878 seripsi;
795 2836 876 2867 ora,
906 2822 977 2876 Α,·
1015 2836 1146 2866 mora
1177 2821 1301 2867 KFv
1333 2825 1503 2879 (proyr.
1533 2837 1580 2880 p.
1613 2827 1662 2879 4)
1706 2825 1721 2880 ΙΙ
1766 2828 1820 2868 31
1853 2837 1935 2867 na-

254 2884 441 2925 scuntur
472 2896 496 2926 v
521 2884 536 2938 ΙΙ
558 2881 786 2938 impediat
815 2896 840 2926 v
