2020 3122
557 128 626 162 m:
648 127 887 163 omum
909 129 999 163 nm
1020 130 1062 164 L.
1085 131 1153 166 Π.
1177 130 1215 166 o.
1239 133 1293 166 12.
1316 133 1371 167 13.
1695 122 1800 176 163

114 255 258 306 pore,
314 248 460 304 atque
513 241 608 289 iste
647 239 780 290 Deus
834 247 909 290 est
957 242 1069 291 sinu
1118 243 1330 306 quodam
1379 250 1583 293 naturae
1638 246 1691 294 in
1746 261 1798 295 se

114 315 222 379 ipso
263 315 522 363 continens
563 315 748 380 omnia,
788 320 843 363 ut
883 329 941 363 ex
982 316 1139 379 ipsius
1179 317 1353 383 anima,
1392 332 1486 382 qua
1525 318 1799 368 vivificatur

115 393 216 437 tota
254 388 347 437 ista
386 387 563 454 moles,
609 388 736 436 vitae
784 394 929 452 atque
970 390 1158 437 animae
1199 397 1494 440 cunctorum
1531 393 1799 442 viventium

111 476 203 526 pro
244 462 484 526 cuiusque
531 461 766 511 nascendi
816 469 948 510 sorte
989 469 1272 524 sumantur,
1322 463 1443 512 nihil
1482 467 1681 514 omnino
1721 481 1798 516 re·

113 548 339 601 manere,
394 534 524 600 quod
572 550 671 585 non
723 536 787 584 sit
824 550 940 600 pars
979 534 1081 585 Dei.
1162 536 1303 594 Quod
1344 538 1385 585 si
1423 539 1490 586 ita
1531 546 1631 605 est,
1687 541 1798 604 quis
1831 550 1857 589 5

112 622 212 657 non
258 609 419 658 videat
466 616 648 674 quanta
693 611 919 674 impietas
968 616 1018 659 et
1063 610 1411 674 inreligiositas
1451 619 1798 676 consequatur,

111 688 182 749 ut,
221 682 351 746 quod
377 681 637 732 calcaverit
668 685 894 749 quisque,
933 690 1126 748 partem
1150 683 1239 733 Dei
1279 683 1447 750 calcet,
1487 692 1537 734 et
1575 687 1625 734 in
1666 689 1799 736 omni

113 756 357 806 animante
397 756 666 807 occidendo
704 772 819 823 pars
858 756 947 806 Dei
987 754 1302 808 trucidetur?
1362 757 1484 807 Nolo
1526 761 1687 808 omnia
1728 759 1798 808 di-

112 843 255 897 cere,
310 845 433 894 quae
485 837 698 896 possunt
750 846 1016 881 occurrere
1073 830 1404 897 cogitantibus
1415 872 1429 898 ,
1485 832 1583 882 dici
1634 840 1798 883 autem

112 904 216 952 sine
255 904 552 954 verecundia
592 920 691 954 non
729 912 952 971 possunt.
1830 917 1885 958 10

754 1046 953 1103 CAPUT
985 1048 1134 1102 XIII.

110 1139 186 1189 De
225 1141 324 1202 his,
373 1143 462 1202 qui
496 1144 603 1191 sola
643 1143 923 1191 rationalia
962 1144 1246 1192 animantia
1279 1148 1461 1206 partes
1500 1157 1606 1193 esse
1646 1145 1797 1194 unius

759 1215 860 1264 Dei
895 1222 1142 1266 asserunt.

258 1316 310 1367 Si
334 1324 500 1368 autem
531 1317 632 1367 sola
664 1318 888 1367 animalia
919 1318 1190 1385 rationalia,
1230 1320 1360 1368 sicut
1399 1327 1514 1369 sunt
1552 1319 1794 1386 homineS,

106 1397 273 1456 partes
312 1390 400 1441 Dei
448 1407 557 1441 esse
606 1392 939 1441 contendunt:
987 1407 1087 1441 non
1125 1392 1267 1441 video
1309 1393 1530 1460 quidem,
1579 1395 1620 1442 si
1660 1400 1793 1443 totus
1829 1402 1883 1443 15

107 1465 321 1515 mundus
363 1473 439 1515 est
470 1465 617 1532 Deus,
658 1481 754 1530 quo
794 1465 940 1515 modo
980 1464 1164 1515 bestias
1207 1465 1266 1515 ab
1307 1469 1414 1516 eius
1453 1466 1678 1531 partibus
1719 1483 1792 1516 se-

105 1546 302 1606 parent3
350 1539 437 1588 sed
485 1539 728 1589 obluctari
776 1539 894 1604 quid
940 1554 1067 1605 opus
1117 1537 1227 1589 est?
1303 1539 1372 1589 De
1419 1542 1527 1605 ipso
1567 1541 1795 1590 rationali

107 1614 366 1679 animante,
397 1614 447 1663 id
479 1620 555 1662 est
584 1613 799 1680 homine,
831 1613 950 1678 quid
982 1613 1231 1663 infelicius
1264 1613 1402 1663 credi
1431 1621 1613 1679 potest,
1647 1630 1793 1678 quam

105 1685 195 1736 Dei
231 1694 424 1751 partem
457 1687 700 1753 vapulare,
740 1702 854 1736 cum
891 1703 1019 1752 puer
1058 1684 1289 1752 vapulat?
1327 1687 1430 1736 Iam
1468 1703 1585 1737 vero
1624 1696 1792 1752 partes

106 1759 194 1810 Dei
224 1761 332 1810 fieri
363 1760 567 1810 lascivas
578 1801 592 1828 ,
625 1762 841 1828 iniquas,
872 1762 1047 1826 impias
1079 1767 1227 1826 atque
1260 1762 1459 1810 omnino
1493 1761 1792 1811 damnabiles
1811 1771 1882 1812 ‘20

108 1835 217 1900 quis
257 1834 388 1884 ferre
413 1837 586 1902 possit,
625 1837 720 1884 nisi
760 1836 846 1900 qui
884 1849 1092 1900 prorsus
1131 1832 1350 1884 insanit?
1387 1834 1647 1885 Postremo
1674 1834 1793 1900 quid

107 1909 338 1958 irascitur
378 1911 473 1975 eiS,
520 1923 547 1957 a
594 1908 775 1973 quibus
815 1923 914 1958 non
956 1908 1157 1974 colitur,
1205 1923 1317 1958 cum
1358 1924 1383 1957 a
1425 1910 1528 1958 suis
1567 1908 1793 1974 partibus

105 1996 205 2032 non
244 1978 470 2032 colatur?
519 1981 691 2032 Restat
731 1997 847 2047 ergo
887 1989 944 2032 ut
982 1981 1148 2031 dicant
1186 1997 1358 2031 omnes
1398 1982 1517 2032 deos
1557 1997 1670 2031 suas
1709 1982 1792 2031 ha-

105 2053 223 2106 bere
261 2058 401 2123 vitas,
441 2055 535 2105 sibi
574 2071 821 2121 quemque
860 2058 1047 2122 vivere,
1086 2055 1278 2105 nullum
1319 2071 1493 2105 eorum
1533 2071 1642 2105 esse
1680 2071 1791 2121 par-

105 2136 205 2179 tem
244 2131 551 2197 cuiusquam,
591 2130 678 2180 sed
711 2144 882 2180 omnes
922 2129 1169 2196 colendoS,
1209 2131 1295 2195 qui
1334 2131 1567 2195 cognosci
1606 2136 1656 2179 et
1695 2129 1790 2179 coli
1822 2139 1877 2178 25

104 2211 333 2270 possunt,
388 2205 503 2269 quia
556 2210 656 2253 tam
710 2203 852 2254 multi
906 2210 1048 2272 sunt,
1102 2210 1159 2253 ut
1212 2218 1384 2254 omnes
1438 2219 1539 2253 non
1583 2205 1789 2269 possint.

109 2275 330 2335 Quorum
369 2277 592 2343 Iuppiter
631 2279 746 2342 quia
784 2293 872 2327 rex
908 2276 1180 2343 praesidet,
1224 2279 1390 2343 ipsum
1430 2277 1578 2327 credo
1619 2277 1678 2326 ab
1720 2279 1791 2326 eis

104 2353 267 2415 putari
312 2366 521 2416 regnum
569 2353 885 2402 constituisse
934 2351 1010 2401 vel
1057 2353 1251 2401 auxisse
1300 2351 1590 2401 Romanum.
1667 2351 1790 2400 Nam

107 2425 150 2472 si
185 2423 278 2474 hoc
327 2427 434 2491 ipse
485 2440 586 2474 non
636 2426 777 2493 fecit,
824 2440 972 2491 quem
1012 2425 1160 2474 alium
1200 2425 1363 2495 deum,
1388 2441 1512 2491 opus
1551 2431 1650 2474 tam
1690 2439 1788 2473 ma-

107 2511 255 2562 gnum
300 2500 520 2565 potuisse
562 2498 763 2564 adgredi
803 2498 1021 2566 credant,
1060 2514 1174 2548 cum
1213 2514 1384 2548 omnes
1424 2499 1650 2563 occupati
1690 2499 1789 2546 sint
1820 2506 1876 2545 30

105 2570 277 2621 officiis
317 2580 366 2622 et
405 2571 638 2638 operibus
677 2575 915 2640 propriiS,
963 2588 1056 2622 nec
1095 2572 1218 2622 alter
1257 2575 1422 2622 inruat
1459 2574 1511 2621 in
1550 2567 1788 2621 alterius?

104 2642 144 2692 A
189 2659 305 2710 rege
358 2648 509 2711 igitur
565 2647 772 2696 deorum
826 2662 1035 2711 regnum
1088 2646 1344 2696 hominum
1396 2647 1559 2712 potuit
1611 2658 1786 2710 propa-

105 2719 208 2781 gari
247 2726 296 2768 et
332 2721 515 2784 augeri.
1606 2724 1609 2726 ’

106 2815 224 2823 Q„

223 2864 252 2903 4
281 2860 500 2905 nascendi
530 2875 646 2916 mss5
676 2861 907 2907 nascentis
940 2876 964 2906 v
