2020 3122
525 151 592 184 DE
616 150 855 184 omum
879 151 969 184 DEI
991 150 1032 182 L.
1058 151 1104 184 x,
1132 151 1169 184 c,
1194 151 1246 184 23.
1272 152 1325 184 24.
1668 137 1775 191 437

94 266 176 315 tiis
227 263 469 329 disputat,
520 264 708 326 animae
755 268 981 311 naturam
1030 264 1177 312 etiam
1227 263 1321 312 iste
1361 261 1506 311 vellet
1543 262 1778 328 intellegi,

94 353 193 388 non
230 338 403 401 utique
444 336 633 386 diceret
670 336 850 384 horum
888 335 1143 402 medium,
1176 336 1224 385 id
1265 342 1341 385 est
1378 335 1541 385 Patris
1580 341 1631 385 et
1668 335 1778 384 Filii

94 411 324 462 medium.
400 410 661 475 Postponit
706 411 888 474 quippe
928 408 1152 458 Plotinus
1202 411 1391 458 animae
1431 415 1657 459 naturam
1695 424 1778 474 pa-

92 493 235 535 terno
266 483 564 550 intellectui;
600 484 693 533 iste
727 490 890 533 autem
924 497 1038 532 cum
1076 482 1196 531 dicit
1234 483 1465 548 medium,
1504 498 1604 532 non
1642 490 1776 548 post-

91 560 252 625 ponit,
306 557 393 607 sed
446 558 732 622 interponit.
807 556 872 606 Et
917 558 1152 605 nimirum
1199 556 1292 604 hoc
1333 556 1476 622 dixit,
1522 563 1580 606 ut
1616 558 1778 622 potuit
1810 561 1835 601 5

93 633 193 682 sive
248 638 304 681 ut
357 631 533 696 voluit,
587 630 719 695 quod
766 645 857 680 nos
898 636 1123 680 sanctum
1164 629 1431 695 Spiritum,
1486 645 1578 679 nec
1618 629 1779 682 Patris

92 713 282 756 tantum
320 720 412 754 nec
451 704 562 754 Filii
600 710 806 770 tantum,
847 704 932 753 sed
972 705 1232 768 utriusque
1275 702 1515 768 Spiritum
1554 703 1779 753 dicimus.

92 779 283 829 Liberis
337 781 469 828 enim
516 777 680 827 verbis
726 777 998 842 loquuntur
1048 777 1355 843 philosophi,
1407 792 1498 825 nec
1538 778 1589 825 in
1628 776 1780 826 rebus

93 852 152 902 ad
189 852 575 917 intellegendum
613 851 914 901 difficillimis
953 852 1274 901 offensionem
1313 850 1658 915 religiosarum
1697 865 1780 899 au-

91 929 222 976 rium
266 927 641 991 pertimescunt.
717 925 870 975 Nobis
917 931 1080 975 autem
1130 925 1189 974 ad
1230 931 1416 974 certam
1453 923 1674 989 regulam
1712 923 1780 973 lo·
1816 931 1871 971 10

43 1021 48 1031 ·
94 1002 179 1065 qui
222 1000 295 1049 sas
335 1006 433 1066 est,
478 1015 541 1048 ne
588 998 854 1048 verborum
901 998 1099 1048 licentia
1151 1001 1298 1048 etiam
1337 999 1396 1047 de
1436 997 1610 1064 rebus,
1656 1013 1780 1062 quae

92 1073 170 1123 his
209 1074 564 1140 significantur,
603 1074 804 1138 impiam
843 1075 1008 1137 gignat
1047 1074 1343 1139 opinionem.

723 1259 915 1314 CAPUT
955 1260 1153 1316 XXIV.

96 1370 171 1418 De
202 1383 303 1418 uno
334 1383 552 1430 veroque
577 1370 852 1431 principio,
884 1370 1021 1429 quod
1047 1371 1205 1417 solum
1237 1372 1477 1416 naturam
1509 1368 1781 1416 humanam

607 1447 803 1504 purqat
841 1447 992 1503 atque
1031 1447 1252 1491 renovat.
1815 1446 1868 1486 15

243 1545 344 1594 Nos
390 1547 555 1610 itaque
603 1547 671 1594 ita
718 1560 818 1593 non
866 1544 1074 1594 dicimus
1123 1544 1220 1593 duo
1271 1543 1348 1592 vel
1394 1545 1489 1592 tria
1526 1544 1784 1609 principia,

98 1634 210 1668 cum
242 1619 302 1668 de
335 1618 436 1668 Deo
469 1619 736 1685 loquimur,
776 1621 905 1668 sicut
936 1633 1029 1667 nec
1062 1618 1186 1668 duos
1226 1617 1344 1666 deos
1383 1616 1459 1666 vel
1498 1624 1601 1666 tres
1640 1616 1784 1665 nobis

96 1692 286 1743 licitum
326 1700 402 1742 est
449 1692 613 1742 dicere
663 1694 884 1757 quamvis
933 1692 993 1741 de
1041 1706 1341 1756 unoquoque
1381 1690 1662 1756 loquenteS,
1708 1690 1785 1739 vel

101 1766 159 1816 de
198 1766 344 1816 Patre
383 1766 460 1816 vel
499 1766 558 1816 de
598 1765 721 1814 Filio
760 1765 837 1815 vel
876 1766 935 1815 de
978 1765 1166 1830 Spiritu
1207 1773 1391 1830 sancte,
1430 1766 1579 1813 etiam
1618 1766 1783 1828 singu-

97 1839 198 1890 lum
247 1855 494 1905 quemque
540 1839 699 1889 Deum
747 1855 855 1888 esse
903 1840 1165 1905 fateamur,
1219 1854 1311 1887 nec
1360 1838 1579 1887 dicamus
1619 1845 1783 1887 tamen
1817 1844 1874 1884 20

98 1913 229 1978 quod
280 1914 518 1963 haeretici
559 1913 848 1979 Sabelliani,
900 1913 1112 1962 eundem
1163 1927 1270 1961 esse
1310 1911 1534 1978 Patrem,
1586 1913 1671 1975 qui
1711 1918 1786 1960 est

99 1994 148 2037 et
198 1987 375 2054 Filius,
434 1994 485 2036 et
550 1987 762 2036 eundem
825 1986 1064 2051 Spiritum
1132 1993 1381 2052 sanctum,
1452 1987 1536 2049 qui
1599 1991 1675 2034 est
1737 1991 1787 2034 et

101 2059 248 2110 Pater
289 2067 338 2110 et
376 2060 553 2127 Filius,
594 2060 680 2110 sed
719 2059 916 2110 Patrem
957 2076 1065 2109 esse
1105 2059 1215 2108 Filii
1253 2059 1473 2126 Patrem,
1521 2065 1570 2108 et
1607 2057 1786 2107 Filium

98 2133 258 2184 Patris
312 2134 513 2201 Filium,
565 2141 615 2183 et
667 2134 828 2183 Patris
884 2140 933 2183 et
977 2133 1087 2182 Filii
1135 2133 1376 2198 Spiritum
1423 2138 1647 2181 sanctum
1694 2147 1785 2180 nec

96 2206 294 2258 Patrem
340 2223 449 2258 esse
498 2223 589 2257 nec
637 2207 830 2256 Filium.
907 2207 1089 2257 Verum
1139 2209 1306 2271 itaque
1346 2206 1533 2256 dictum
1573 2211 1649 2255 est
1687 2220 1786 2254 non
1819 2212 1874 2253 25

54 2331 62 2342 .
97 2283 298 2346 purgari
343 2282 595 2331 hominem
641 2283 738 2330 nisi
784 2283 1052 2349 principie,
1102 2282 1322 2346 quamvis
1361 2279 1618 2345 pluraliter
1658 2279 1785 2344 apud

99 2369 182 2403 eos
223 2357 320 2404 sint
359 2355 489 2405 dicta
526 2357 782 2420 principia.

249 2428 462 2492 [XX1V.]
543 2428 640 2478 Sed
688 2427 916 2478 subditus
955 2428 1261 2494 Porphyrius
1307 2428 1485 2477 invidis
1533 2426 1786 2491 potestati-

100 2499 193 2550 bus
248 2502 309 2551 de
356 2502 537 2567 quibus
585 2509 635 2551 et
681 2501 1028 2568 erubescebat,
1085 2509 1133 2551 et
1172 2517 1254 2550 eas
1293 2500 1447 2551 libere
1487 2500 1786 2563 redarguere

103 2574 425 2643 formidabat,
487 2575 646 2625 noluit
699 2575 988 2641 intellegere
1045 2575 1308 2625 Dominum
1364 2574 1616 2624 Christum
1677 2586 1785 2620 esse
1819 2580 1875 2621 30

218 2720 260 2773 1)
293 2717 409 2761 Enn.
442 2723 485 2774 5,
521 2724 557 2762 1.
620 2721 666 2775 4)
700 2718 766 2762 Ib.
801 2732 901 2775 cap.
937 2723 975 2763 6.

219 2884 241 2922 1
277 2879 418 2923 etiam
450 2892 533 2925 om.
566 2880 612 2923 Α
