2020 3122
190 581 214 619 C!

161 949 215 988 10

162 1315 214 1355 15

162 2049 217 2089 25

162 2518 219 2561 30

247 153 354 206 246
927 160 962 195 s.
986 160 1262 197 Aueusrnu

248 275 601 327 occumberent
637 275 923 341 iuventutiS,
961 273 1037 323 vel
1075 275 1126 322 in
1167 288 1221 322 ea
1260 279 1508 337 tamquam
1549 271 1691 322 senili
1728 278 1930 338 torpore

247 352 596 416 frigescerent3
661 350 702 398 si
762 347 912 398 malas
975 347 1222 397 cultorum
1284 361 1490 396 suorum
1548 347 1820 411 speciosius
1883 353 1932 397 et

247 425 471 474 festivius
518 422 737 472 Fortuna
782 420 984 471 barbata
1030 422 1258 486 vestiret,
1305 435 1331 469 a
1371 418 1552 484 quibus
1591 426 1755 469 autem
1794 434 1930 485 sper-

247 504 474 564 neretur,
528 495 723 561 glabros
762 501 847 545 aut
884 494 1008 544 male
1047 493 1278 543 barbatos
1317 493 1621 542 videremus:
1672 495 1819 542 etiam
1859 495 1930 543 sic

247 572 523 621 rectissime
557 570 834 619 diceremus
866 568 963 618 huc
1003 582 1161 632 usque
1200 569 1319 616 istas
1360 567 1475 615 deas
1516 566 1731 631 singulas
1769 581 1933 634 posse,

248 646 350 695 suis
405 644 581 693 officiis
637 642 848 707 quodam
901 641 1045 691 modo
1091 641 1345 707 limitataS,
1400 655 1455 689 ac
1502 655 1592 705 per
1639 640 1734 689 hoc
1772 655 1866 690 nec
1905 656 1933 690 a

246 718 499 768 Iuventate
550 723 781 782 oportere
826 718 930 781 peti
975 716 1123 764 vitam
1171 720 1442 780 aeternam,
1490 729 1615 778 quae
1654 729 1754 763 non
1793 714 1934 764 daret

246 791 474 858 barbam,
528 806 620 840 nec
674 805 701 839 a
753 789 970 839 Fortuna
1016 787 1218 838 barbata
1262 787 1380 836 boni
1426 787 1607 852 aliquid
1655 794 1769 853 post
1805 787 1933 838 hanc

246 867 394 915 vitam
445 879 553 914 esse
605 862 927 929 sperandum,
980 863 1122 911 cuius
1168 862 1220 910 in
1266 860 1357 910 hac
1403 862 1501 910 vita
1539 867 1760 926 potestas
1798 861 1934 911 nulla

247 946 402 1004 esset,
454 944 511 987 ut
557 937 764 986 eandem
810 935 982 985 saltem
1033 940 1265 1001 aetatem,
1321 949 1447 998 quae
1495 933 1648 983 barba
1693 935 1933 1003 induitur,

246 1015 353 1077 ipsa
398 1016 687 1076 praestaret.
762 1009 905 1058 Nunc
953 1024 1070 1058 vero
1118 1023 1232 1057 cum
1272 1023 1445 1057 earum
1484 1007 1647 1058 cultus
1687 1023 1780 1058 nec
1818 1024 1931 1074 pro-

246 1091 358 1150 pter
403 1086 497 1133 i‘sta
543 1085 671 1150 ipsa,
718 1098 844 1147 quae
890 1088 1067 1147 putant
1116 1083 1187 1130 eis
1235 1081 1454 1147 subdita,
1505 1083 1568 1131 sit
1606 1084 1935 1148 necessariuS,

248 1159 362 1223 quia
413 1164 462 1207 et
507 1156 650 1206 multi
697 1156 915 1206 colentes
962 1155 1270 1206 Iuventatem
1317 1155 1456 1205 deam
1505 1157 1704 1205 minime
1751 1157 1804 1205 in
1852 1155 1934 1206 illa

249 1238 406 1281 aetate
445 1232 731 1297 viguerunt,
781 1236 831 1280 et
869 1229 1014 1280 multi
1053 1244 1153 1278 non
1194 1244 1301 1278 eam
1341 1229 1562 1279 colentes
1601 1229 1817 1294 gaudent
1854 1245 1933 1279 ro·

247 1305 367 1354 bore
400 1306 685 1371 iuventutiS,
723 1306 952 1368 itemque·
968 1303 1109 1353 multi
1132 1303 1381 1353 Fortunae
1413 1301 1644 1353 barbatae
1685 1303 1934 1369 supplices

249 1379 308 1428 ad
347 1378 530 1428 nullam
567 1378 644 1427 vel
691 1377 964 1427 deformem
1001 1376 1204 1426 barbam
1242 1378 1503 1442 pervenire
1541 1383 1835 1444 potuerunt,
1883 1384 1934 1427 et

249 1454 291 1502 si
330 1454 415 1517 qui
455 1467 562 1501 eam
599 1467 690 1516 pro
737 1451 890 1500 barba
936 1450 1243 1516 impetranda
1280 1457 1606 1517 venerantur,
1653 1466 1680 1500 a
1717 1450 1936 1500 barbatis

250 1528 356 1575 eius
382 1524 805 1591 contemptoribus
830 1525 1133 1574 inridentur:
1171 1526 1302 1574 itane
1328 1523 1508 1589 desipit
1533 1539 1618 1573 cor
1649 1524 1936 1590 humanum,

247 1606 325 1666 ut,
381 1614 591 1664 quorum
638 1599 844 1648 deorum
883 1599 1070 1648 cultum
1116 1603 1322 1663 propter
1373 1600 1465 1648 ista
1503 1600 1610 1663 ipsa
1648 1597 1935 1663 temporalia

250 1680 299 1722 et
330 1674 426 1722 cito
450 1674 818 1738 praetereuntia
850 1687 1071 1738 munera,
1111 1671 1289 1736 quibus
1330 1671 1535 1737 singulis
1575 1671 1756 1736 singuli
1793 1687 1933 1737 prae-

249 1761 357 1796 esse
382 1746 722 1813 perhibentur,
752 1748 950 1795 inanem
973 1745 1398 1810 ludibriosumque
1431 1748 1698 1810 cognoscit,
1729 1751 1937 1810 propter

247 1822 397 1870 vitam
435 1826 685 1870 aeternam
733 1821 902 1869 credat
940 1835 1049 1869 esse
1089 1816 1437 1869 fructuosum?
1491 1819 1628 1868 Hanc
1668 1819 1784 1868 dare
1824 1819 1936 1868 illos

247 1909 393 1958 posse
433 1909 525 1943 nec
563 1894 615 1942 hi
654 1893 818 1943 dicere
860 1895 967 1943 ausi
1015 1900 1153 1960 sunt,
1200 1894 1286 1957 qui
1325 1895 1418 1960 eiS,
1468 1899 1524 1942 ut
1562 1892 1621 1942 ab
1660 1894 1935 1958 insipienti·

249 1965 343 2016 bus
388 1967 583 2031 populis
631 1967 943 2033 colerentur,
997 1969 1092 2016 ista
1137 1981 1286 2032 opera
1335 1966 1650 2033 temporalia,
1703 1968 1935 2031 quoniam

250 2041 396 2088 nimis
421 2040 602 2089 multos
626 2047 879 2108 putarunt,
911 2056 971 2090 ne
1006 2042 1265 2105 quisquam
1298 2055 1471 2090 eorum
1505 2040 1702 2091 sederet
1733 2042 1938 2107 otiosuS,

252 2114 534 2162 minutatim
572 2114 724 2163 divisa
763 2113 1062 2164 tribuerunt.

947 2269 1139 2324 CAPUT
1171 2271 1240 2324 II.

259 2362 393 2421 Quid
440 2361 718 2412 Varronem
758 2364 820 2411 de
860 2364 956 2412 diis
992 2366 1217 2424 yentium
1255 2366 1468 2413 sensisse
1508 2364 1817 2414 credendum
1855 2366 1936 2427 sit,

251 2450 463 2498 quorum
503 2438 628 2485 talia
669 2441 717 2485 et
750 2451 947 2497 qenera
987 2442 1036 2485 et
1071 2451 1227 2486 saera
1268 2439 1485 2498 detexit,
1525 2442 1582 2486 ut
1618 2439 1934 2487 reverentius

435 2523 548 2558 cum
588 2511 660 2559 eis
700 2514 897 2571 afferet,
936 2511 984 2559 si
1020 2511 1082 2559 de
1121 2512 1219 2559 illis
1258 2513 1456 2560 omnino
1495 2512 1747 2560 reticeret.

401 2597 522 2655 Quis
568 2596 732 2646 Marco
779 2596 998 2646 Varrone
1047 2599 1292 2647 curiosius
1339 2599 1432 2646 ista
1480 2595 1757 2661 quaesivit?
1819 2600 1933 2663 quis

250 2672 438 2720 invenit
461 2667 696 2720 doctius?
737 2672 845 2735 quis
872 2670 1199 2719 consideravit
1238 2668 1521 2721 adtentius?
1561 2673 1670 2735 quis
1711 2671 1934 2721 distinxit

252 2741 481 2794 acutius?
521 2746 632 2808 quis
664 2743 948 2809 diligentius
978 2744 1272 2808 pleniusque
1308 2742 1637 2809 conscripsit?
1678 2744 1773 2803 Qui
1812 2751 1936 2794 tam-

370 2890 426 2931 33
457 2886 730 2944 planiusque
762 2885 815 2929 K
814 2886 896 2931 abc
