2020 3122
594 132 661 164 DE
686 130 924 163 CIVITATE
948 132 1036 164 DEI
1059 133 1100 164 L.
1125 133 1212 165 vn.
1235 133 1272 166 c.
1297 135 1350 166 34.
1718 123 1823 175 317

147 242 281 293 nullo
314 241 458 290 modo
481 243 702 307 potuisse
742 241 943 290 tolerari
982 258 1072 291 nec
1114 243 1283 307 dignas
1322 244 1526 310 habitaS,
1565 260 1687 310 quae
1728 262 1825 296 non

148 316 308 365 solum
355 314 510 364 lectae
558 317 928 364 innotescerent
966 315 1232 382 religiosis,
1279 318 1364 366 sed
1405 318 1577 367 saltem
1616 320 1827 384 scriptae

146 388 539 438 reconderentur
570 390 621 436 in
653 387 887 437 tenebris
963 387 1064 436 Iam
1096 391 1227 437 enim
1259 390 1430 456 dicam,
1471 392 1601 455 quod
1640 394 1691 440 in
1730 401 1826 442 ter-

148 464 217 512 tio
266 461 413 510 huius
459 463 624 526 operis
670 460 796 509 libro
844 476 921 509 me
970 476 1060 510 suo
1109 460 1513 512 loco'dicturum
1560 480 1667 514 esse
1715 481 1827 530 pro-

150 537 393 585 miseram.
469 534 613 599 Nam,
665 536 794 583 sicut
832 535 962 599 apud
1002 534 1213 584 eundem
1252 534 1521 585 Varronem
1559 537 1738 602 legitur
1776 541 1827 588 in
1861 548 1886 587 5

146 607 273 657 libro
314 608 372 657 de
421 607 557 657 cultu
605 607 842 673 deorum,
887 607 1190 674 „Terentius
1238 608 1435 672 quidam
1474 625 1587 658 cum
1626 611 1829 660 haberet

146 681 207 730 ad
253 681 526 730 Ianiculum
570 681 779 730 fundum
826 688 875 730 et
919 680 1165 730 bubulcus
1212 683 1319 730 eius
1365 683 1499 731 iuxta
1547 684 1828 747 sepulcrum

144 755 333 804 Numae
365 753 593 819 Pompilii
624 755 858 804 traiciens
897 761 1115 804 aratrum
1155 757 1368 804 eruisset
1408 771 1467 804 ex
1506 762 1639 804 terra
1678 756 1829 806 libros

143 830 283 894 61115,
321 827 408 877 ubi
447 842 701 877 sacrorum
739 829 1080 878 institutorum
1120 830 1332 893 scriptae
1373 835 1512 878 erant
1551 844 1741 895 causae,
1779 832 1831 878 in

148 901 332 954 Urbem
385 901 591 966 pertulit
645 901 704 950 ad
757 908 1053 966 praetorem.
1130 902 1191 951 At
1239 902 1319 951 ille
1372 917 1484 951 cum
1534 904 1831 967 inspexisset
1865 913 1918 953 10

149 976 406 1040 principia,
445 990 552 1024 rem
590 981 777 1024 tantam
817 975 993 1025 detulit
1032 975 1090 1024 ad
1131 982 1368 1025 senatum.
1446 975 1540 1024 Ubi
1579 990 1692 1024 cum
1730 978 1827 1041 pri-

149 1064 314 1097 mores
369 1048 604 1113 quasdam
655 1063 826 1098 causas
875 1048 1137 1115 legissent,
1184 1065 1274 1099 cur
1320 1049 1536 1113 quidque
1586 1051 1635 1098 in
1678 1052 1830 1098 sacris

147 1123 298 1172 fuerit
349 1123 656 1188 institutum,
715 1122 902 1172 Numae
954 1129 1150 1171 mortuo
1202 1129 1401 1172 senatus
1452 1123 1690 1172 adsensus
1742 1130 1830 1189 est,

146 1210 329 1259 eosque
368 1195 522 1244 libros
560 1203 810 1260 tamquam
848 1196 1066 1260 religiosi
1105 1203 1271 1262 patres
1311 1198 1594 1262 conscripti,
1632 1203 1831 1260 praetor

147 1276 204 1319 ut
234 1268 565 1335 combureret,
605 1265 956 1319 censuerunt.“
1031 1269 1210 1319 Credat
1247 1271 1457 1334 quisque
1498 1269 1629 1334 quod
1668 1276 1829 1334 putat3
1866 1278 1916 1318 15

145 1345 295 1392 immo
333 1358 450 1392 vero
490 1342 647 1408 dicat,
687 1342 817 1407 quod
858 1343 1121 1392 dicendum
1161 1345 1463 1408 suggesserit
1500 1358 1678 1392 vesana
1717 1358 1830 1391 con-

147 1418 326 1482 tentio,
377 1415 584 1481 quilibet
628 1422 790 1465 tantae
839 1418 1104 1482 impietatis
1152 1416 1384 1466 defensor
1436 1417 1677 1481 egregius,
1753 1415 1830 1464 Me

148 1490 411 1539 admonere
459 1490 670 1539 sufficiat
718 1505 975 1540 sacrorum
1023 1506 1195 1540 causas
1235 1505 1262 1538 a
1300 1505 1417 1555 rege
1457 1489 1696 1554 Pompilio
1741 1489 1830 1538 Ro-

147 1578 407 1612 manorum
431 1579 686 1613 sacrorum
716 1565 1001 1613 institutore
1042 1565 1353 1628 conscriptas
1387 1578 1478 1612 nec
1517 1562 1699 1627 populo
1723 1578 1830 1611 ·nec

150 1639 343 1686 senatui
374 1652 466 1686 nec
499 1636 671 1686 saltem
709 1638 830 1702 ipsis
871 1637 1210 1686 sacerdotibus
1248 1639 1560 1686 innotescere
1600 1635 1828 1685 debuisse
1864 1645 1918 1684 20

146 1711 407 1774 ipsumque
461 1710 671 1761 Numam
724 1710 1020 1775 Pompilium
1084 1712 1366 1762 curiositate
1421 1709 1606 1758 inlicita
1661 1708 1719 1757 ad
1775 1723 1831 1758 ea

147 1783 442 1833 daemonum
471 1786 757 1849 pervenisse
790 1791 995 1844 secreta,
1036 1799 1160 1848 quae
1191 1786 1297 1847 ipse
1339 1782 1537 1847 quidem
1576 1781 1831 1847 scriberet,

148 1863 205 1906 ut
250 1856 455 1907 haberet
500 1857 631 1906 unde
679 1857 885 1921 legendo
937 1863 1360 1922 commoneretur3
1412 1856 1498 1904 sed
1547 1870 1602 1904 ea
1652 1863 1829 1914 tamen,

148 1945 263 1978 cum
302 1945 389 1978 rex
427 1937 574 1995 esset,
615 1932 700 1994 qui
738 1932 938 1979 minime
980 1945 1277 1994 quemquam
1315 1935 1575 1995 metueret,
1614 1943 1705 1977 nec
1746 1928 1828 1976 do-

148 2018 262 2051 cere
303 2003 516 2067 aliquem
560 2018 654 2052 nec
702 2002 910 2052 delendo
957 2004 1033 2052 vel
1072 2018 1270 2068 quoquo
1311 2002 1454 2051 modo
1495 2002 1829 2051 consumendo
1862 2011 1917 2051 25

146 2077 356 2141 perdere
392 2076 614 2125 auderet.
691 2076 763 2125 Ita
802 2076 933 2141 quod
973 2078 1100 2126 scire
1140 2078 1390 2125 neminem
1428 2075 1603 2141 voluit,
1642 2091 1703 2124 ne
1743 2075 1828 2124 ho-

146 2151 306 2198 mines
345 2150 532 2198 nefaria
571 2149 786 2215 doceret,
825 2149 1005 2199 violare
1046 2156 1210 2199 autem
1248 2151 1426 2216 timuit,
1466 2165 1528 2198 ne
1568 2149 1829 2198 daemones

147 2224 301 2272 iratos
347 2222 574 2289 haberet,
628 2222 815 2288 obruit,
871 2222 956 2272 ubi
1004 2230 1167 2273 tutum
1205 2225 1416 2288 putavit,
1472 2222 1699 2287 sepulcro
1740 2237 1828 2271 suo

146 2298 479 2361 propinquare
528 2303 745 2346 aratrum
790 2313 935 2361 posse
975 2312 1075 2346 non
1115 2296 1337 2346 credens,
1416 2295 1625 2345 Senatus
1666 2303 1828 2345 autem

147 2384 260 2419 cum
300 2370 563 2434 religiones
609 2370 896 2420 formidaret
943 2370 1172 2419 damnare
1212 2372 1454 2419 maiorum
1493 2376 1542 2418 et
1581 2368 1690 2418 ideo
1730 2368 1827 2417 Nu-
1860 2377 1917 2417 30

83 2474 91 2479 -
149 2457 257 2492 mae
281 2443 517 2492 adsentiri
542 2450 818 2510 cogeretur,
857 2444 966 2493 illos
999 2450 1162 2494 tamen
1194 2443 1346 2492 libros
1384 2450 1485 2492 tam
1521 2443 1826 2507 perniciosos

152 2531 260 2565 esse
300 2516 557 2583 iudicavit,
612 2523 668 2566 ut
714 2533 806 2566 nec
845 2517 990 2567 obrui
1029 2533 1205 2567 rursus
1244 2515 1460 2580 iuberet,
1516 2531 1576 2563 ne
1617 2514 1827 2563 humana

146 2591 410 2639 curiositas
456 2591 610 2640 multo
657 2591 997 2640 vehementius
1047 2607 1154 2640 rem
1200 2592 1295 2639 iam
1342 2588 1584 2653 proditam
1623 2601 1824 2650 quaere-

146 2669 241 2729 ret,
280 2662 366 2711 sed
390 2662 598 2713 flammis
633 2663 818 2713 aboleri
857 2664 1066 2714 nefanda
1104 2669 1434 2726 monumenta,
1473 2667 1542 2725 ut,
1581 2661 1693 2723 quia
1731 2661 1826 2707 iam

153 2749 357 2786 necesse
413 2752 521 2787 esse
576 2736 919 2788 existimabant
975 2752 1112 2786 sacra
1158 2736 1237 2785 illa
1288 2736 1473 2799 facere,
1524 2731 1825 2782 tolerabilius
1858 2739 1912 2779 35

268 2849 313 2903 4)
345 2848 392 2892 O.
425 2853 463 2893 9.
