2020 3122
284 121 389 173 528
984 130 1019 163 S.
1042 130 1319 164 Auens'rlm

243 262 245 264 ’
282 248 373 311 ptii
428 246 672 310 quondam
727 251 825 292 tam
878 243 1055 292 breves
1106 258 1260 292 annos
1307 243 1560 309 habuisse,
1614 251 1671 293 ut
1710 246 1964 308 quaternis

283 320 536 369 mensibus
575 319 865 382 finirentur3
920 316 1050 366 unde
1091 331 1248 366 annus
1286 317 1478 382 plenior
1518 323 1567 366 et
1605 319 1790 380 verior,
1846 333 1991 383 qua-v

283 394 342 442 lis
393 409 526 442 nunc
580 399 629 441 et
682 391 824 440 nobis
876 397 925 439 et
974 390 1070 439 illis
1122 397 1223 456 est,
1276 397 1380 440 tres
1427 406 1600 440 eorum
1640 406 1793 440 annos
1833 407 1964 440 com·

172 521 182 528 ,
281 466 589 532 plectebatur
621 467 862 530 antiquos
940 463 1037 514 Sed
1069 479 1131 513 ne
1171 465 1242 513 sic
1282 465 1495 530 quidem,
1533 470 1589 513 ut
1627 464 1741 531 dixi,
1781 464 1966 515 Graeca

224 551 248 589 5
282 542 545 606 Aegyptiae
585 554 794 588 numero
833 545 1113 603 temporum
1153 538 1420 587 concordat
1457 538 1678 587 historia.
1754 537 1817 587 Et
1853 540 1964 588 ideo

283 614 496 664 Graecae
535 615 701 679 potius
740 613 861 662 fides
899 611 1122 661 habenda
1162 618 1259 678 est,
1299 614 1412 675 quia
1451 613 1707 661 veritatem
1746 627 1844 661 non
1885 628 1964 662 ex-

283 689 415 738 cedit
445 702 702 753 annorum,
742 689 827 751 qui
858 687 1037 735 litteris
1069 687 1270 751 nostriS,
1309 701 1433 750 quae
1472 701 1588 735 vere
1628 700 1796 734 sacrae
1836 694 1967 753 sunt,

283 764 614 811 continentur.
676 761 833 809 Porro
859 762 902 809 si
924 759 1045 808 haec
1071 759 1280 824 epistula
1304 759 1582 825 Alexandri,
1607 774 1731 824 quae
1757 762 1964 810 maxime

282 838 519 902 innotuit,
565 835 777 884 multum
822 833 1058 883 abhorret
1103 835 1155 882 in
1194 835 1364 898 spatiis
1403 839 1752 898 temporum-a
1790 833 1966 898 proba-

197 920 250 960 10
282 910 369 959 hili
400 910 493 958 fide
527 924 719 958 rerum:
754 914 943 972 ‚quanto
976 908 1141 956 minus
1180 907 1485 956 credendum
1525 913 1601 956 est
1637 906 1734 956 illis
1771 906 1967 975 litteriS,

284 999 405 1048 quas
428 983 598 1047 plenas
630 981 865 1031 fabulosis
898 980 1031 1030 velut
1061 980 1439 1045 antiquitatibus
1470 981 1696 1046 proferre
1722 981 1970 1031 voluerint

283 1064 454 1106 contra
493 1058 838 1106 auctoritatem
885 1056 1256 1104 notissimorum
1295 1055 1671 1119 divinorumque
1711 1054 1968 1122 librorum,

284 1146 408 1195 quae
448 1136 608 1179 totum
647 1129 819 1178 orbem
858 1128 952 1177 sihi
991 1129 1298 1178 crediturum
1338 1144 1447 1178 esse
1485 1128 1749 1194 praedixit,
1798 1135 1848 1177 et
1887 1131 1968 1178 cui

283 1211 418 1254 totus
469 1203 605 1253 orbis
617 1243 631 1270 ,
682 1206 811 1252 sicut
856 1201 916 1251 ab
963 1218 1020 1252 ea
1068 1202 1377 1268 praedictum
1416 1210 1516 1270 est,
1572 1202 1802 1268 credidit3
1842 1218 1966 1267 quae

195 1287 249 1327 15
282 1294 396 1327 vera
443 1294 495 1327 se
536 1292 762 1326 narrasse
801 1278 1068 1342 praeterita
1108 1292 1167 1325 ex
1206 1277 1306 1343 his,
1353 1292 1477 1341 quae
1517 1277 1685 1325 futura
1722 1291 1966 1341 praenun—

282 1354 433 1418 tiavit,
473 1367 586 1401 cum
624 1357 759 1400 tanta
796 1353 1000 1400 veritate
1041 1350 1309 1417 inplentur,
1347 1350 1576 1400 ostendit.

943 1507 1142 1562 CAPUT
1173 1508 1294 1561 XII.

283 1618 359 1666 De
397 1619 489 1678 his,
529 1619 618 1677 qui
654 1618 789 1665 hunc
829 1618 1029 1677 quidem
1068 1618 1306 1664 mundum
1345 1629 1443 1664 non
1483 1617 1839 1678 sempiternum
1873 1630 1966 1678 pu-

343 1697 465 1756 tant,
503 1692 595 1739 scd
632 1695 723 1738 aut
759 1691 1152 1739 innumerabiles
1192 1694 1283 1738 aut
1321 1691 1532 1738 eundem
1571 1703 1726 1738 unum
1765 1695 1909 1738 certa

195 1774 252 1815 20
433 1766 756 1814 conclusione
785 1767 1106 1814 saeculorum
1136 1777 1332 1825 semper
1370 1765 1518 1812 nasci
1554 1769 1603 1811 ct
1639 1765 1824 1812 resolvi

978 1840 1265 1899 opinantur.

429 1941 523 1990 Alii
561 1956 694 2007 ver0,
734 1942 819 2005 qui
857 1941 1097 1989 mundum
1136 1941 1287 1989 istum
1325 1955 1425 1988 non
1465 1941 1750 1989 existimant
1789 1941 1966 2004 sempi-

283 2021 501 2080 ternum,
548 2016 649 2063 sive
689 2029 787 2063 non
828 2029 942 2063 eum
981 2014 1165 2080 solum,
1213 2013 1299 2062 sed
1337 2012 1724 2062 innumerabiles
1765 2014 1966 2077 opinen-

282 2095 379 2154 tur,
419 2090 519 2137 sive
552 2088 711 2137 solum
743 2087 942 2152 quidem
983 2102 1107 2153 esse,
1147 2087 1233 2136 sed
1274 2088 1423 2136 certis
1463 2087 1775 2136 saeculorum
1813 2088 1966 2136 inter-

195 2171 250 2211 25
283 2162 419 2211 vallis
443 2161 867 2211 innumerabiliter
892 2163 1013 2210 oriri
1043 2168 1094 2210 et
1125 2160 1366 2227 occidere,
1391 2176 1594 2210 necesse
1621 2166 1696 2210 est
1721 2160 1967 2210 fateantur

281 2236 536 2284 hominum
594 2250 750 2299 genus
796 2236 935 2299 prius
983 2236 1089 2283 sine
1147 2234 1430 2283 hominihus
1478 2233 1795 2299 gignentibus
1844 2235 1966 2283 exti-

282 2311 414 2358 tisse.
491 2308 661 2372 Neque
696 2310 826 2356 enim
866 2316 922 2357 ut
960 2307 1284 2357 alluvionibus
1322 2308 1662 2372 incendiisque
1703 2313 1967 2372 terrarum,

283 2398 402 2448 quas
433 2382 504 2431 illi
535 2397 634 2430 non
665 2387 841 2446 putant
879 2388 981 2430 toto
1022 2397 1228 2446 prorsus
1268 2381 1386 2431 orbe
1427 2383 1728 2447 contingere,
1767 2387 1818 2429 et
1854 2380 1965 2429 ideo

280 2471 465 2522 paucos
510 2455 755 2521 homineS,
803 2470 862 2502 ex
910 2454 1088 2518 quibus
1140 2454 1403 2504 multitudo
1442 2456 1651 2520 pristina
1689 2459 1966 2520 reparetur,

193 2539 249 2580 30
281 2545 477 2595 semper
526 2543 784 2578 remanere
836 2528 1166 2595 contendunt,
1214 2530 1283 2578 ita
1329 2534 1380 2577 et
1423 2528 1475 2577 hi
1524 2519 1736 2593 possunt
1773 2533 1966 2593 putare,

282 2603 413 2668 quod
467 2602 650 2667 aliquid
703 2602 958 2650 hominum
1011 2608 1251 2666 pereunte
1306 2602 1490 2651 mundo
1546 2601 1857 2665 relinquatur
1910 2601 1963 2648 in

402 2750 454 2789 17
497 2743 621 2788 XII
666 2744 776 2797 VA‚·
819 2744 906 2787 XI
933 2758 982 2798 v,
1029 2744 1277 2800 similisque
1318 2744 1630 2800 discrepantia
1675 2743 1727 2786 in
1764 2741 1964 2786 numeris
2019 2777 2020 2786 ,

279 2804 556 2860 reliquorum
585 2805 723 2847 huius
753 2804 863 2847 libri
891 2804 1094 2858 capitum
1130 2805 1146 2859 ΙΙ
1186 2807 1239 2847 19
1271 2818 1415 2847 unum
1445 2816 1528 2847 om.
1571 2802 1615 2845 V
1648 2803 1663 2858 ΙΙ
1701 2806 1754 2846 31
1789 2799 1966 2856 aliquid

281 2862 532 2906 VA¹Parr.
543 2879 559 2916 ;
585 2861 732 2917 aliqui
749 2861 892 2907 A2Fv
915 2863 931 2918 ΙΙ
953 2861 1245 2916 relinquatur
1263 2862 1478 2915 FParr.,·
1499 2860 1826 2916 relinquantur
1850 2859 1966 2903 VAv
2019 2865 2020 2868 ’
