2020 3122
230 126 338 179 262
900 133 934 167 s.
958 132 1235 167 AUGUS'HNI

233 251 289 300 ad
329 249 479 299 urbes
518 247 825 313 populosque
866 247 1104 295 asseritur
1142 246 1408 309 pertinere,
1449 258 1506 292 eo
1548 243 1680 307 quod
1719 243 1778 294 de
1819 246 1915 295 diis

231 324 429 388 indigna
469 321 782 387 confinxerit,
821 321 998 369 merito
1037 317 1341 384 repudianda
1381 317 1702 384 discernitur,
1741 333 1799 367 eo
1840 321 1915 368 ni-

233 399 411 446 mirum
466 394 693 462 consilio,
746 400 825 460 ut,
879 395 1109 458 quoniam
1164 391 1435 440 acutissimi
1487 390 1710 440 homines
1766 398 1914 457 atque

234 471 526 534 doc-tissimi,
580 483 606 516 a
661 467 842 532 quibus
896 468 990 516 ista
1042 465 1320 528 conscripta
1360 471 1496 530 sunt,
1543 463 1709 514 ambas
1747 467 1913 530 inpro-

176 554 200 593 5
233 544 417 593 bandas
455 541 825 607 intellegebant,
873 547 922 589 et
967 539 1096 588 illam
1144 538 1333 586 scilicet
1372 536 1644 587 fabulosam
1683 545 1733 588 et
1769 541 1915 589 istam

236 617 449 682 civilem,
494 615 626 664 illam
674 630 789 664 vero
834 612 1076 663 audebant
1122 611 1410 677 inprobare,
1456 611 1582 661 hanc
1621 625 1722 661 non
1767 613 1914 681 aude-

234 691 374 756 bant3
427 689 559 739 illam
606 688 894 753 culpandam
939 692 1329 751 proposuerunt,
1375 684 1502 734 hanc
1549 687 1656 736 eius
1705 686 1916 736 similem

236 763 611 828 comparandam
658 767 1014 826 exposuerunt,
1056 786 1127 792 -
1167 773 1267 807 non
1316 766 1370 808 ut
1407 758 1528 808 haec
1566 774 1684 824 prae
1723 759 1806 810 illa
1844 766 1914 810 te-

235 837 395 887 nenda
428 837 705 902 eligeretur,
745 834 830 883 sed
863 840 918 883 ut
958 847 1070 882 cum
1100 831 1182 881 illa
1212 832 1492 897 respuenda
1530 833 1920 898 intellegeretur,

151 922 204 961 10
238 917 383 975 atque
433 912 499 958 ita
554 911 658 958 sine
712 907 934 972 periculo
990 921 1192 972 eorum,
1248 907 1333 971 qui
1387 906 1579 955 civilem
1637 906 1916 972 theologian

236 983 599 1048 reprehendere
655 980 962 1046 metuebant,
1023 986 1233 1044 utraque
1289 987 1568 1046 contempta
1625 995 1708 1047 ea,
1771 996 1918 1045 quam

237 1056 506 1106 naturalem
547 1061 743 1120 vocant,
790 1054 917 1119 apud
958 1053 1189 1102 meliores
1228 1055 1417 1103 animos
1456 1055 1702 1104 inveniret
1736 1054 1918 1104 locum.

235 1130 356 1178 Nam
396 1136 445 1178 et
469 1128 624 1178 civilis
658 1135 706 1178 et
737 1127 956 1178 fabulosa
995 1126 1163 1177 ambae
1205 1127 1454 1177 fabulosae
1494 1135 1611 1178 sunt
1649 1127 1920 1193 ambaeque

238 1203 425 1269 civiles3
465 1202 629 1251 ambas
662 1203 880 1251 inveniet
911 1201 1172 1268 fabulosaS,
1211 1203 1297 1266 qui
1328 1204 1566 1251 vanitates
1606 1208 1657 1251 et
1694 1202 1917 1252 obsceni-

153 1289 204 1328 15
236 1284 361 1327 tates
417 1276 670 1326 ambarum
722 1276 996 1340 prudenter
1042 1277 1339 1341 inspexerit3
1386 1275 1554 1325 ambas
1591 1275 1779 1342 civileS,
1835 1277 1922 1340 qui

240 1352 490 1400 scaenicos
529 1349 671 1399 ludos
709 1352 1017 1415 pertinentes
1057 1349 1116 1398 ad
1156 1348 1428 1399 fabulosam
1467 1351 1518 1398 in
1558 1349 1765 1400 deorum
1805 1351 1919 1398 civi·

238 1425 358 1473 lium
406 1422 752 1473 festivitatibus
795 1430 843 1472 et
888 1425 939 1472 in
986 1422 1186 1472 urbium
1232 1422 1408 1472 divinis
1447 1422 1598 1472 rebus
1639 1423 1922 1473 adverterit.

241 1497 347 1555 Quo
387 1497 531 1546 modo
578 1499 729 1562 igitur
772 1499 897 1546 vitae
939 1503 1166 1546 aeternae
1207 1496 1392 1546 dandae
1432 1503 1650 1562 potestas
1690 1499 1921 1562 cuiquam

241 1571 444 1620 deorum
500 1573 710 1620 istorum
763 1570 1028 1638 tribuitur,
1083 1586 1208 1635 quos
1255 1586 1342 1620 sua
1393 1571 1653 1620 simulacra
1693 1576 1743 1620 et
1782 1585 1921 1620 sacra

154 1655 209 1694 20
243 1646 539 1693 convincunt
563 1644 655 1693 diis
688 1644 922 1694 fabulosis
961 1646 1268 1710 apertissime
1308 1643 1584 1710 reprobatis
1624 1660 1732 1694 esse
1772 1644 1925 1694 simil-

242 1718 382 1766 limos
422 1719 593 1767 formis
634 1718 890 1785 aetatibus,
929 1734 1051 1768 sexu
1089 1717 1274 1784 habim,
1314 1719 1555 1783 coniugiis
1595 1720 1922 1783 generationi-

241 1791 333 1841 bus
374 1791 573 1858 ritibus,
623 1793 674 1841 in
715 1792 895 1856 quibus
934 1791 1162 1842 omnibus
1203 1799 1287 1842 aut
1324 1792 1550 1842 homines
1589 1792 1740 1842 fuisse
1779 1791 1923 1841 intel-

240 1864 472 1929 leguntur
519 1872 568 1914 et
612 1881 702 1930 pro
750 1868 1143 1931 uniuscuiusque
1190 1867 1287 1915 vita
1333 1865 1408 1915 vel
1454 1873 1613 1915 morte
1660 1881 1798 1915 sacra
1850 1867 1924 1915 eis

243 1945 292 1986 et
339 1938 590 1987 sollemnia
637 1941 932 2006 constituta,
978 1940 1110 1989 hunc
1158 1954 1381 1989 errorem
1427 1939 1794 1989 insinuantibus
1839 1939 1922 1988 fir-

156 2021 211 2060 25
243 2010 587 2075 mantibusque
629 2013 972 2080 daemonibUS,
1011 2021 1096 2063 aut
1135 2020 1269 2063 certe
1312 2029 1370 2063 ex
1410 2013 1627 2078 qualibet
1665 2013 1924 2062 occasione

243 2084 605 2134 inmundissimi
624 2088 826 2150 spiritus
844 2086 1067 2136 fallendis
1091 2087 1320 2136 humanis
1345 2087 1593 2137 mentibus
1617 2083 1927 2152 inrepsisse?

923 2228 1117 2282 CAPUT
1151 2230 1243 2284 IX.

626 2319 702 2368 De
741 2319 924 2381 officiis
962 2323 1275 2382 sinyulorum
1317 2325 1538 2372 deorum.

393 2417 557 2478 Quid?
596 2423 700 2486 ipsa
735 2424 994 2471 numinum
1019 2424 1178 2472 officia
1218 2432 1317 2474 tam
1355 2424 1515 2474 viliter
1545 2425 1925 2489 minutatimque

156 2504 213 2544 30
245 2496 465 2560 concisa,
514 2502 718 2559 propter
759 2495 889 2559 quod
930 2498 999 2544 eis
1040 2497 1211 2546 dicunt
1249 2513 1339 2562 pro
1380 2498 1771 2562 uniuscuiusque
1809 2513 1924 2563 pro-

243 2569 351 2632 prio
378 2582 583 2616 munere
610 2568 875 2632 supplicari
915 2575 1160 2636 oportere,
1199 2571 1330 2619 unde
1371 2585 1468 2619 non
1511 2571 1708 2635 quidem
1747 2572 1927 2636 omnia,

246 2640 329 2690 sed
370 2640 522 2689 multa
561 2642 655 2690 iam
697 2641 930 2708 diximus,
978 2658 1140 2692 nonne
1189 2643 1475 2693 scurrilitati
1515 2645 1736 2693 mimicae
1778 2659 1924 2708 quam
1979 2692 1993 2697 ,,

246 2714 433 2762 divinae
483 2722 755 2764 consonant
802 2713 1060 2779 dignitati?
1139 2715 1189 2764 Si
1237 2716 1357 2766 duas
1405 2719 1664 2782 quisquam
1703 2719 1927 2767 nutrices

363 2860 416 2899 33
451 2855 645 2911 quisque
676 2857 721 2899 A
