2020 3122
150 915 204 956 10

149 1282 202 1323 15

152 1649 207 1688 20

150 2013 206 2054 25

149 2381 205 2421 30

231 122 336 174 144
905 128 940 164 s.
964 126 1239 163 Anousmn

229 245 443 310 elegerat
488 242 694 292 Mucius,
771 242 833 291 Hi
880 257 997 291 vero
1044 242 1129 305 qui
1175 239 1329 290 multo
1375 239 1625 303 indignius
1671 237 1910 288 insultant

229 316 534 383 temporibus
591 315 904 382 ChristianiS,
958 321 1042 364 aut
1096 314 1155 363 ad
1204 314 1311 363 loca
1361 312 1557 363 Christo
1609 311 1910 362 dicatissima

231 392 581 457 confugerunt,
629 396 712 439 aut
750 389 865 439 illuc
906 404 989 438 eos
1039 394 1095 438 ut
1132 389 1353 437 viverent
1392 387 1541 436 etiam
1579 387 1675 451 ipsi
1713 383 1910 435 barbari

230 465 556 514 deduxerunt.
646 462 771 513 Illud
834 464 936 512 scio
991 467 1040 511 et
1093 461 1187 510 hoc
1242 475 1463 525 mecum,
1526 460 1750 524 quisquis
1805 460 1911 509 sine

233 539 395 588 studio
433 539 649 603 partium
686 536 884 602 iudicat,
923 535 1148 585 facillime
1190 536 1413 599 agnoscit
1452 527 1534 600 (ut
1572 535 1793 583 omittam
1834 549 1912 583 ce-

230 619 337 661 tera
384 627 508 676 quae
529 607 536 615 ⁶
556 610 709 660 multa
758 610 1136 659 commemoravi
1183 615 1232 658 et
1279 607 1370 657 alia
1409 607 1564 657 multo
1605 606 1747 673 plura
1787 621 1912 671 quae

232 700 617 735 commemorare
669 685 869 749 longum
915 677 1132 748 putavi):
1187 683 1229 731 si
1278 681 1548 731 humanum
1596 696 1752 746 genus
1799 688 1912 731 ante

231 758 358 808 bella
395 759 580 808 Punica
621 757 947 807 Christianam
993 757 1238 820 reciperet
1286 754 1595 820 disciplinam
1643 762 1692 804 et
1739 769 1910 804 conse-

234 839 471 896 queretur
510 847 679 881 rerum
710 838 845 881 tanta
883 831 1106 895 vastatio,
1146 835 1327 894 quanta
1365 827 1462 876 illis
1500 827 1641 877 bellis
1665 827 1914 893 Europam

235 905 546 970 Africamque
587 907 832 970 contrivit,
871 903 1036 953 nullus
1076 902 1263 968 talium,
1303 901 1472 966 quales
1511 917 1646 951 nunc
1684 904 1915 967 patimur,

234 981 330 1028 nisi
362 978 664 1027 Christianae
696 977 923 1042 religioni
954 976 1077 1025 mala
1108 975 1188 1025 illa
1218 974 1490 1025 tribuisset.
1565 974 1719 1024 Multo
1752 983 1916 1027 autem

233 1053 396 1102 minus
419 1067 609 1101 ‘eorum
648 1066 793 1100 voces
833 1050 1179 1115 tolerarentur,
1218 1055 1458 1113 quantum
1496 1048 1684 1098 adtinet
1722 1049 1782 1100 ad
1821 1049 1916 1100 Ro·

236 1140 430 1191 manoS,
477 1127 518 1174 si
566 1124 872 1174 Christianae
919 1123 1171 1188 religionis
1219 1124 1557 1187 receptionem
1603 1129 1654 1172 et
1701 1122 1915 1174 diffama-

234 1200 420 1248 tionem
474 1198 550 1247 vel
595 1200 815 1264 inruptio
866 1197 946 1247 illa
997 1197 1247 1246 Gallorum
1293 1195 1369 1246 vel
1423 1195 1643 1246 Tiberini
1697 1196 1915 1248 fluminis

234 1273 520 1337 igniumque
570 1272 651 1321 illa
697 1272 1008 1336 depopulatio
1059 1271 1157 1335 vel,
1212 1270 1344 1334 quod
1397 1277 1575 1320 cuncta
1611 1270 1738 1320 mala
1775 1287 1915 1337 prae-

234 1345 380 1412 cedit,
417 1344 544 1394 bella
582 1345 662 1394 illa
702 1346 860 1394 civilia
899 1351 1242 1409 sequerentur.
1298 1343 1420 1393 Mala
1460 1345 1607 1393 etiam
1646 1343 1751 1410 alia,
1790 1360 1915 1410 quae

234 1434 394 1483 usque
449 1419 569 1468 adeo
624 1418 980 1468 incredibiliter
1042 1417 1349 1483 acciderunt,
1403 1423 1459 1467 ut
1510 1419 1642 1467 inter
1694 1418 1917 1484 prodigia

234 1498 639 1558 numerarentur,
686 1493 727 1541 si
767 1491 1057 1541 Christianis
1097 1490 1403 1556 temporibus
1443 1492 1762 1558 accidissent,
1811 1495 1915 1558 qui-

234 1565 329 1615 bus
375 1581 431 1614 ea
477 1567 574 1615 nisi
612 1565 904 1615 Christianis
950 1564 1231 1614 hominibus
1279 1571 1528 1629 tamquam
1578 1567 1785 1615 crimina
1831 1565 1914 1615 ob-

239 1635 464 1688 icerent?
511 1638 695 1688 Omitto
721 1641 901 1704 quippe
935 1638 1029 1704 illa,
1063 1654 1185 1703 quae
1211 1641 1365 1703 magis
1390 1638 1595 1688 fuerunt
1618 1641 1743 1688 mira
1769 1655 1916 1705 quam

237 1714 405 1779 noxia,
458 1711 607 1761 boves
662 1712 875 1778 locutoS,
929 1713 1141 1761 infantes
1195 1711 1414 1761 nondum
1468 1719 1609 1762 natos
1659 1712 1719 1762 de
1758 1717 1917 1764 uteris

235 1792 447 1834 matrum
487 1785 726 1850 quaedam
764 1786 913 1834 verba
951 1786 1200 1852 clamasse,
1239 1785 1425 1835 volasse
1466 1792 1738 1852 serpenteS,
1778 1787 1915 1837 femi-

237 1874 323 1907 nas
371 1866 419 1908 et
464 1859 664 1923 gallinas
716 1865 763 1908 et
810 1859 1034 1908 homines
1081 1861 1131 1908 in
1184 1858 1510 1908 masculinum
1552 1875 1724 1909 sexum
1763 1861 1916 1910 fuisse

237 1947 497 1981 conversas
561 1939 610 1981 et
656 1939 820 1982 cetera
869 1933 1017 1983 huius
1064 1932 1222 1999 modi,
1269 1948 1392 1997 quae
1441 1935 1491 1982 in
1547 1948 1720 1983 eorum
1777 1933 1916 1984 libris

238 2020 336 2053 non
376 2005 626 2071 fabulosiS,
665 2006 751 2055 sed
790 2006 1053 2073 historiciS,
1094 2022 1182 2055 seu
1221 2022 1335 2055 vera
1376 2022 1464 2056 seu
1506 2006 1626 2056 salsa
1665 2009 1778 2074 sint,
1817 2023 1916 2057 non

236 2078 457 2127 inferunt
505 2079 787 2128 hominibus
840 2082 1131 2145 perniciem,
1183 2079 1269 2129 sed
1318 2087 1607 2146 stuporem)
1666 2080 1764 2130 Sed
1804 2096 1918 2131 cum

238 2151 364 2216 pluit
402 2158 549 2218 terra,
589 2168 702 2201 cum
740 2153 865 2217 pluit
904 2160 1061 2220 creta,
1101 2168 1215 2202 cum
1252 2153 1378 2220 pluit
1416 2153 1658 2219 lapidibus
1699 2149 1824 2221 (non
1863 2162 1918 2204 ut

237 2224 421 2288 grando
455 2225 688 2290 appellari
721 2226 845 2276 solet
882 2226 975 2275 hoc
1015 2228 1227 2293 nomine,
1268 2226 1354 2276 sed
1394 2229 1593 2276 omnino
1633 2223 1918 2295 lapidibus),

238 2298 357 2346 haec
396 2299 619 2363 profecto
661 2300 805 2348 etiam
845 2302 1058 2364 graviter
1097 2300 1290 2349 laedere
1331 2307 1616 2366 potuerunt.
1685 2300 1917 2366 Legimus

238 2371 365 2436 apud
397 2387 482 2421 eos
514 2371 740 2421 Aetnaeis
772 2373 968 2438 ignibus
1001 2373 1059 2422 ab
1094 2375 1201 2439 ipso
1237 2376 1418 2424 montis
1452 2375 1635 2424 vertice
1667 2390 1825 2440 usque
1859 2374 1917 2424 ad

236 2444 373 2494 littus
397 2447 674 2511 proximum
699 2446 1078 2496 decurrentibus
1111 2449 1177 2495 ita
1208 2463 1341 2496 mare
1374 2446 1634 2513 ferbuisse,
1673 2455 1728 2497 ut
1766 2463 1917 2514 rupes

238 2526 589 2585 exurerentur,
644 2526 699 2568 ut
751 2522 887 2585 pices
939 2522 1134 2569 navium
1186 2520 1508 2570 solverentur.
1585 2520 1689 2570 Hoc
1743 2524 1916 2586 utique

236 2606 335 2640 non
390 2591 561 2642 leviter
615 2595 815 2642 noxium
870 2595 983 2660 fuit,
1049 2596 1268 2659 quamvis
1315 2594 1672 2644 incredibiliter
1719 2597 1914 2645 mirum.

236 2663 423 2715 Eodem
468 2681 645 2716 rursus
692 2674 831 2716 aestu
878 2669 1066 2732 ignium
1111 2675 1245 2717 tanta
1291 2670 1338 2716 vi
1376 2668 1562 2718 favillae
1606 2670 1914 2734 scripserunt
1977 2684 1985 2685 ’

355 2856 409 2897 17
441 2851 777 2899 incredibiliter
807 2867 919 2907 mss,·
951 2853 1242 2899 incredibilia
1273 2867 1298 2898 υ
1322 2855 1337 2910 ΙΙ
1361 2858 1415 2898 32
1442 2855 1494 2897 ut
1518 2854 1660 2908 AK¹;
1694 2856 1741 2899 et
1763 2854 1909 2899 K2Fv
