2020 3122
511 136 578 169 DE
603 133 846 170 crvrrA'rE
868 134 958 169 nm
979 135 1025 169 L.
1050 135 1117 169 Π.
1142 134 1180 170 o.
1205 137 1261 171 27.
1287 136 1340 170 28.
1367 137 1419 169 29.
1722 124 1823 174 181

142 251 332 314 regitur
371 252 505 298 totus
554 254 701 312 atque
750 246 1122 296 administratur
1158 247 1239 297 hic
1279 245 1516 314 munduS‚
1564 262 1622 296 eo
1662 245 1732 295 illi
1771 246 1840 296 fit'

143 338 169 372 a
214 321 352 371 vobis
403 322 614 371 maxima
666 321 869 387 iniuria,
924 319 1056 385 quod
1103 335 1216 370 eum
1263 334 1379 370 cum
1415 322 1525 370 istis
1565 319 1826 370 colendum

140 397 324 462 putatis
364 409 636 460 eorumque
675 409 845 459 regem
883 409 993 443 esse
1032 390 1342 459 perhibetis?

748 565 941 621 CAPUT
973 565 1227 622 XXVIII.

206 676 286 726 An
325 676 398 725 ad
433 675 756 725 obtinendum
795 675 1214 736 dilatandumque
1251 688 1466 736 reqnum
1499 672 1760 736 profuerit
1860 682 1886 722 5

629 749 872 816 Romanis
911 751 1076 798 cultus
1116 749 1338 798 deorum.

288 851 433 902 Nullo
465 853 616 917 igitur
648 851 794 901 modo
827 850 896 900 dii
933 850 1072 918 taleS,
1111 852 1197 916 qui
1236 850 1416 901 talibus
1453 850 1711 916 placantur
1750 849 1826 899 vel

140 928 306 992 potius
354 932 651 975 accusantur
696 925 992 992 honoribuS,
1038 931 1096 975 ut
1140 927 1299 974 maius
1347 926 1411 974 sit
1458 926 1647 974 crimen
1695 922 1826 989 quod

142 1003 213 1050 eis
260 1000 394 1049 falsis
445 998 777 1065 oblectantur,
825 1014 972 1064 quam
1018 1001 1061 1048 si
1107 1000 1166 1049 de
1213 999 1309 1048 illis
1355 1013 1470 1048 vera
1525 999 1826 1065 dicerentur,

139 1073 415 1123 Romanum
476 1074 740 1137 imperium
810 1088 990 1138 augere
1062 1080 1110 1122 et
1172 1087 1463 1122 conservare
1526 1073 1818 1138 potuissent.
1853 1080 1910 1124 10

140 1147 247 1196 Hoc
284 1148 418 1195 enim
464 1148 507 1195 si
550 1153 780 1212 possent,
827 1146 1028 1195 Graecis
1075 1149 1240 1212 potius
1280 1147 1465 1196 donum
1504 1153 1605 1195 tam
1643 1145 1828 1211 grande

143 1221 453 1286 conferrent,
501 1222 586 1284 qui
634 1235 719 1268 eos
766 1221 818 1268 in
863 1220 1072 1269 huiusce
1120 1220 1253 1269 modi
1300 1220 1452 1269 rebus
1491 1220 1694 1286 diviniS,
1732 1219 1828 1269 hoc

141 1301 217 1344 est
277 1293 406 1343 ludis
463 1294 729 1358 scaeniciS‚
792 1291 1130 1343 honorabilius
1192 1294 1488 1358 digniusque
1551 1293 1828 1360 coluerunt,

139 1367 334 1432 quando
382 1373 433 1416 et
478 1382 506 1416 a
555 1366 803 1416 morsibus
849 1374 1133 1434 poetarum,
1181 1367 1361 1432 quibus
1411 1367 1529 1416 deos
1569 1367 1827 1416 dilacerari

138 1441 390 1508 videbant,
439 1455 492 1490 se
539 1455 640 1490 non
680 1440 1057 1508 subtraxerunt,
1103 1441 1262 1490 dando
1303 1443 1374 1490 eis
1413 1441 1663 1490 licentiam
1702 1440 1826 1490 male
1859 1450 1915 1492 15

138 1514 382 1565 tractandi
433 1515 660 1565 homines
715 1530 840 1579 quos
886 1514 1090 1582 liberet,
1145 1521 1195 1564 et
1243 1517 1378 1581 ipsos
1426 1517 1679 1565 scaenicos
1727 1530 1827 1563 non

138 1596 310 1654 turpes
341 1588 697 1655 iudicaverunt,
737 1588 823 1637 sed
856 1588 1030 1654 dignos
1062 1591 1210 1638 etiam
1247 1589 1514 1654 praeclaris
1553 1587 1827 1638 honoribus

139 1661 434 1712 habuerunt.
513 1661 653 1711 Sicut
692 1668 857 1711 autem
894 1669 1167 1728 potuerunt
1206 1678 1406 1712 auream
1443 1665 1705 1728 pecuniam
1743 1662 1825 1710 ha-

137 1735 257 1785 bere
296 1735 526 1803 Romani,
573 1738 794 1800 quamvis
842 1736 989 1786 deum
1027 1737 1269 1786 Aurinum
1316 1752 1415 1786 non
1455 1736 1700 1786 colerent:
1755 1739 1826 1784 sie

141 1817 192 1859 et
230 1816 514 1874 argenteam
551 1809 735 1859 habere
774 1816 1047 1875 potuerunt
1085 1817 1136 1860 et
1173 1825 1388 1877 aeream,
1429 1812 1470 1859 si
1508 1825 1601 1860 nec
1640 1810 1823 1875 Argen·
1857 1821 1915 1860 20

142 1885 303 1933 tinum
342 1899 434 1932 nec
466 1885 575 1932 eius
606 1890 800 1948 patrem
839 1883 1060 1934 colerent
1083 1883 1423 1951 Aescolanum‚
1464 1891 1513 1934 et
1552 1886 1623 1933 sic
1663 1885 1826 1933 omnia

141 1971 265 2022 quae
306 1964 531 2006 retexere
581 1959 730 2022 piget.
809 1957 891 2006 Sic
938 1972 1056 2023 ergo
1098 1963 1147 2007 et
1183 1973 1392 2023 regnum
1431 1959 1585 2008 invito
1627 1958 1826 2022 quidem

140 2029 241 2080 Deo
272 2045 391 2097 vero
423 2030 557 2079 nullo
582 2029 728 2079 modo
768 2029 949 2080 habere
989 2038 1214 2098 possent3
1254 2032 1347 2082 diis
1386 2047 1502 2081 vero
1542 2033 1652 2081 istis
1690 2031 1825 2081 falsis

140 2111 190 2154 et
226 2103 395 2154 multis
427 2106 666 2168 ignoratis
699 2106 799 2153 sive
842 2106 1138 2170 contemptis
1178 2112 1324 2171 atque
1363 2105 1445 2155 illo
1485 2121 1585 2155 uno
1627 2107 1823 2171 cognito

141 2183 190 2227 et
234 2177 330 2227 fide
381 2179 574 2227 sincera
622 2193 677 2227 ac
723 2178 946 2228 moribus
993 2179 1127 2228 culto
1176 2186 1226 2229 et
1271 2180 1447 2229 melius
1494 2179 1574 2229 hic
1613 2194 1822 2245 regnum
1856 2188 1910 2228 25

138 2250 392 2318 haberent,
425 2259 878 2316 quantumcumque
903 2251 1158 2319 haberent,
1191 2260 1239 2303 et
1261 2260 1375 2318 post
1398 2254 1519 2303 haec
1544 2256 1825 2319 acciperent

141 2327 510 2393 sempiternum,
550 2327 651 2375 sive
689 2325 771 2375 hic
809 2325 1059 2392 haberent
1091 2329 1192 2377 sive
1230 2342 1331 2376 non
1369 2327 1624 2377 haberent.

775 2497 966 2554 CAPUT
996 2498 1192 2554 XXIX.

201 2604 278 2654 De
310 2603 540 2667 falsitate
577 2609 809 2674 auspicii,
848 2621 947 2668 quo
986 2608 1209 2657 Romani
1243 2610 1396 2669 reym'
1426 2607 1677 2668 fortitudo
1715 2612 1765 2656 et

579 2682 830 2730 stabilitas
867 2683 976 2730 visa
1015 2686 1090 2731 est
1128 2683 1366 2731 indicari.
1851 2687 1909 2729 30

286 2779 409 2830 Nam
453 2780 574 2831 illud
626 2783 766 2847 quale
817 2790 894 2834 est
941 2783 1071 2848 quod
1118 2783 1508 2848 pulcherrimum
1547 2782 1822 2846 auspicium

140 2851 291 2902 fuisse
339 2853 592 2923 dixerunt,
638 2857 769 2921 quod
815 2858 960 2924 paulo
1009 2863 1120 2907 ante
1170 2857 1569 2924 commemoravi,
1614 2855 1819 2905 Martem
