2020 3122
209 109 315 163 164
877 120 913 155 s.
936 121 1209 157 Anaus'rmr

857 287 1054 344 CAPUT
1087 289 1232 343 XIV.

209 396 491 459 Auqmenta
531 409 805 457 remorum
845 395 956 446 Iovi
992 399 1390 459 inconyruenter
1429 398 1642 457 ascribi,
1682 411 1810 461 cum,
1848 401 1894 447 si

318 469 541 520 Victoria
581 473 637 518 ut
674 471 844 518 volunt
881 471 978 520 dea
1017 476 1103 534 est,
1143 473 1254 534 ipsa
1294 472 1414 521 huic
1452 472 1650 533 neqotio
1689 474 1795 522 sola

910 543 1184 605 sufficeret.

154 654 180 694 5
359 645 451 695 Hic
498 646 714 711 primum
754 660 963 712 quaem,
1010 662 1101 696 cur
1152 663 1250 696 non
1299 650 1444 698 etiam
1483 649 1646 713 ipsum
1685 663 1894 713 regnum

213 720 389 785 aliquis
441 719 564 769 deus
620 715 732 768 est?
809 718 909 768 Cur
967 721 1099 769 enim
1153 736 1251 770 non
1305 723 1373 771 ita
1427 723 1521 787 sit,
1583 723 1624 770 si
1678 720 1895 771 Victoria

213 795 304 844 dea
342 790 453 843 est‘?
514 792 610 843 Aut
657 792 774 858 quid
820 795 927 858 ipso
977 793 1090 843 Iove
1138 795 1188 843 in
1233 795 1326 844 hac
1375 809 1520 844 causa
1560 810 1684 860 opus
1725 802 1815 862 est,
1853 797 1896 844 si

214 868 425 917 Victoria
457 868 615 916 faveat
639 868 800 931 sitque
825 869 1037 932 propitia
1069 874 1117 916 et
1158 883 1353 933 semper
1394 875 1470 917 eat
1509 868 1568 918 ad
1607 868 1730 935 illos,
1772 884 1895 933 quos

215 941 318 991 vult
369 956 478 990 esse
527 938 778 990 victores?
829 940 931 990 Hac
983 941 1074 990 dea
1121 942 1312 991 favente
1361 949 1411 991 et
1455 943 1694 1008 propitia,
1748 944 1896 992 etiam

129 1023 184 1066 10
215 1016 327 1065 Iove
367 1021 568 1064 vacante
614 1014 692 1064 vel
739 1014 867 1064 aliud
908 1021 1109 1081 agente,
1160 1030 1284 1079 quae
1323 1021 1495 1080 gentes
1534 1030 1634 1065 non
1673 1014 1896 1066 subditae

215 1077 569 1139 remanerent?
608 1103 732 1153 quae
764 1103 916 1153 regna
947 1103 1045 1138 non
1080 1086 1352 1139 cederent?
1390 1090 1466 1139 An
1505 1089 1632 1139 forte
1673 1089 1900 1154 displicet

216 1163 359 1212 bonis
399 1164 707 1227 iniquissima
745 1161 1043 1228 inprobitate
1083 1178 1303 1228 pugnare
1343 1170 1393 1213 et
1433 1164 1666 1213 finitimos
1705 1165 1898 1228 quietos

219 1235 498 1301 nullamque
539 1237 771 1286 iniuriam
809 1236 1046 1286 facientes
1085 1236 1143 1285 ad
1185 1236 1485 1286 dilatandum
1524 1251 1733 1302 regnum
1770 1236 1898 1286 bello

219 1315 490 1432 spogtaneo
538 1305 843 1376 provocare?
918 1309 1067 1359 Plane
1119 1311 1161 1358 si
1206 1312 1272 1359 ita
1324 1312 1544 1361 sentiunt
1593 1309 1811 1376 approbo
1852 1317 1901 1360 et

133 1390 186 1432 15
217 1383 295 1433 lau
333 1398 375 1432 0.

886 1525 1082 1580 CAPUT
1115 1527 1233 1580 XV.

471 1634 549 1682 Αη
590 1638 844 1696 conqruat
881 1634 1022 1683 bonis
1060 1635 1213 1684 latius
1252 1636 1375 1684 velle
1413 1649 1649 1697 reynare.

368 1736 573 1786 Videant
615 1751 731 1801 ergo
780 1752 841 1786 ne
889 1737 1015 1786 forte
1056 1752 1155 1787 non
1194 1738 1441 1803 pertineat
1479 1736 1539 1787 ad
1576 1738 1708 1786 viros
1747 1736 1904 1787 bonos

226 1810 439 1877 gaudere
481 1810 540 1859 de
580 1811 721 1875 regni
759 1809 1031 1864 latitudine.
1107 1811 1346 1876 Iniquitas
1386 1813 1517 1860 enim
1557 1826 1751 1878 eorum,
1792 1827 1906 1861 cum

137 1893 194 1934 20
227 1884 407 1950 quibus
438 1886 567 1933 iusta
591 1883 717 1933 bella
742 1891 877 1949 gesta
912 1891 1041 1951 sunt,
1080 1900 1289 1950 regnum
1328 1884 1511 1934 adiuvit
1549 1891 1604 1934 ut
1643 1892 1907 1951 cresceret,

227 1958 358 2023 quod
398 1960 569 2022 utique
621 1973 826 2023 parvum
876 1965 1030 2025 esset,
1077 1961 1119 2008 si
1175 1961 1315 2023 quies
1367 1965 1415 2008 et
1452 1960 1639 2008 iustitia
1678 1959 1906 2008 finitimo·

226 2047 338 2081 rum
371 2038 542 2080 contra
574 2047 626 2080 se
662 2030 846 2081 bellum
877 2034 983 2096 geri
1023 2032 1155 2082 nulla
1194 2039 1485 2098 provocaret
1522 2034 1702 2081 iniuria
1741 2047 1796 2082 ac
1837 2034 1907 2082 sic

229 2104 531 2155 felicioribus
564 2104 714 2154 rebus
746 2104 972 2155 humanis
1011 2108 1173 2155 omnia
1213 2122 1364 2171 regna
1402 2120 1549 2171 parva
1587 2113 1754 2155 essent
1793 2121 1907 2155 con-

231 2178 369 2229 cordi
423 2179 673 2228 vicinitate
726 2179 956 2229 laetantia
1010 2186 1060 2229 et
1112 2181 1179 2229 ita
1227 2187 1393 2230 essent
1439 2181 1490 2229 in
1537 2179 1718 2228 mundo
1758 2195 1910 2245 regna

142 2260 200 2303 25
231 2252 440 2320 plurima
466 2253 701 2319 gentium,
740 2259 796 2302 ut
821 2260 937 2303 sunt
967 2255 1019 2302 in
1058 2252 1180 2303 urbe
1221 2252 1397 2304 domus
1434 2252 1673 2319 plurimae
1715 2254 1908 2303 civium.

229 2325 443 2376 Proinde
475 2324 764 2391 belligerare
799 2333 847 2376 et
877 2326 1166 2392 perdomitis
1198 2326 1428 2392 gentibus
1468 2326 1669 2376 dilatare
1702 2342 1911 2392 regnum

231 2399 371 2450 malis
418 2399 612 2448 videtur
662 2399 890 2467 felicitas,
937 2399 1079 2450 bonis
1119 2402 1403 2450 necessitas.
1481 2399 1577 2448 Sed
1617 2402 1731 2464 quia
1771 2403 1911 2466 peius

233 2480 379 2540 esset,
419 2479 475 2523 ut
512 2474 739 2523 iniuriosi
776 2473 1067 2523 iustioribus
1114 2474 1512 2540 dominarentur,
1551 2473 1661 2523 ideo
1701 2489 1800 2523 non
1838 2476 1911 2524 in-

236 2562 454 2612 congrue
509 2546 690 2597 dicitur
745 2549 891 2597 etiam
936 2549 1031 2597 ista
1084 2547 1307 2597 felicitas.
1383 2547 1481 2596 Sed
1534 2547 1709 2611 procul
1762 2547 1910 2597 dubio

149 2631 205 2672 30
238 2621 444 2671 felicitas
476 2622 632 2670 maior
657 2627 733 2671 est
755 2623 969 2671 vicinum
1001 2621 1187 2671 bonum
1218 2621 1399 2671 habere
1432 2621 1727 2671 concordem
1767 2636 1914 2686 quam

235 2697 452 2745 vicinum
512 2695 694 2745 malum
755 2695 1018 2760 subiugare
1078 2694 1356 2744 bellantem.
1443 2693 1566 2743 Mala
1626 2701 1737 2745 vota
1798 2702 1915 2744 sunt

236 2775 406 2833 optare
459 2768 641 2819 habere
697 2785 845 2834 quem
894 2767 1058 2818 oderis
1105 2768 1181 2818 vel
1227 2783 1374 2833 quem
1412 2770 1611 2834 timeaS,
1665 2776 1721 2819 ut
1757 2770 1914 2835 possit

238 2857 346 2892 esse
388 2858 534 2907 quem
573 2845 752 2893 vincas,
830 2842 882 2892 Si
921 2858 1038 2908 ergo
1078 2844 1207 2892 iusta
1246 2841 1461 2908 gerendo
1500 2840 1648 2906 bella,
1686 2857 1785 2892 non
1825 2843 1912 2891 im-
