2020 3122
603 156 670 189 DE
695 155 934 189 cm'rA'rE
957 157 1046 189 nm
1069 158 1111 190 L.
1135 157 1201 191 VI.
1226 157 1264 192 c.
1290 159 1324 192 2.
1697 148 1803 200 247

127 270 220 319 etsi
258 268 420 317 minus
461 274 537 317 est
576 269 737 317 suavis
779 267 1001 332 eloqui0,
1041 267 1265 318 doctrina
1304 276 1469 320 tamen
1508 277 1655 336 atque
1695 286 1804 321 sen-

124 343 292 392 tentiis
331 343 399 390 ita
436 341 654 391 refertus
695 347 793 407 est,
830 347 887 390 ut
926 343 976 390 in
1016 344 1151 391 omni
1190 343 1490 412 eruditione,
1530 360 1676 409 quam
1715 360 1805 394 nos

123 415 440 481 saecularem,
478 415 548 464 illi
587 421 753 465 autem
790 413 1044 463 liberalem
1083 422 1280 483 vocant,
1320 418 1596 468 studiosum
1635 433 1806 468 rerum

120 496 311 539 tantum
350 490 443 539 iste
483 489 679 556 doceat,
733 494 971 553 quantum
1011 488 1287 538 studiosum
1326 490 1591 541 verborum
1632 491 1804 541 Cicero

120 563 344 613 delectat.
420 562 642 628 Denique
691 569 740 612 et
784 564 890 627 ipse
931 562 1121 612 Tullius
1167 562 1284 612 huic
1330 563 1424 612 tale
1464 567 1801 615 testimonium
1836 574 1861 614 5

117 637 358 702 perhibet,
398 639 535 686 utin
573 636 715 686 libris
746 635 1051 685 Academicis
1091 636 1222 686 dicat
1261 651 1383 697 eam,
1424 652 1547 701 quae
1587 638 1657 687 ibi
1694 654 1801 688 ver·

119 718 281 777 satur,
336 710 720 776 disputationem
776 725 827 759 se
890 709 1123 759 habuisse
1178 725 1291 759 cum
1346 710 1510 760 Marco
1569 710 1803 777 Varrone,

115 784 372 851 „homine,
428 786 612 850 inquit,
666 785 887 834 omnium
942 783 1082 833 facile
1138 785 1423 834 acutissimo
1471 790 1522 834 et
1560 786 1666 833 sine
1706 785 1804 834 ulla

118 857 424 908 dubitatione
486 853 816 908 doctissimo“.
892 857 1002 906 Non
1065 859 1132 907 ait
1190 853 1670 924 „eloquentissimo“
1728 858 1804 907 vel

116 928 542 999 ,‚facundissimo“,
583 933 815 997 quoniam
853 946 908 980 re
947 946 1064 980 vera
1101 933 1154 980 in
1191 931 1283 981 hac
1323 931 1554 981 facultate
1593 932 1802 982 multum
1838 942 1891 982 10

116 1007 275 1071 impar
329 1013 427 1072 est3
476 1005 563 1055 sed
600 1007 883 1073 „omnium,
930 1007 1112 1071 inquit,
1166 1005 1306 1054 facile
1357 1001 1700 1072 acutissimo“,
1755 1012 1804 1055 et

115 1081 167 1128 in
199 1081 271 1128 eis
301 1079 458 1145 libris,
495 1080 545 1128 id
577 1087 654 1129 est
684 1078 1004 1145 AcademiciS,
1043 1077 1129 1128 ubi
1169 1086 1347 1128 cuncta
1386 1079 1654 1129 dubitanda
1692 1094 1802 1128 esse

117 1154 386 1219 contendit,
426 1152 612 1202 addidit
641 1155 780 1219 „sine
805 1152 905 1202 ulla
944 1151 1246 1203 dubitatione
1288 1148 1619 1202 doctissimo“.
1681 1152 1800 1202 Pro-

115 1227 245 1276 fecto
285 1227 346 1276 de
377 1227 468 1276 hac
499 1242 554 1276 re
595 1228 666 1276 sic
706 1232 812 1275 erat
851 1233 1034 1291 certus,
1072 1232 1129 1275 ut
1167 1227 1387 1275 auferret
1425 1226 1802 1293 dubitationem,

116 1315 261 1366 quam
313 1300 438 1350 solet
485 1302 539 1350 in
589 1299 817 1350 omnibus
867 1299 1124 1366 adhibere,
1171 1307 1420 1365 tamquam
1470 1300 1528 1349 de
1567 1300 1662 1349 hoc
1700 1315 1800 1349 uno
1838 1310 1890 1349 15

115 1375 262 1424 etiam
299 1389 390 1440 pro
423 1374 830 1424 Academicorum
861 1372 1165 1423 dubitatione
1206 1373 1548 1439 disputaturus
1590 1389 1642 1423 se
1682 1373 1799 1422 Aca-

115 1447 362 1498 demicum
394 1449 571 1498 fuisset
601 1447 798 1498 oblitus.
875 1446 931 1496 In
961 1448 1123 1512 primo
1155 1453 1321 1496 autem
1352 1446 1478 1496 libro
1519 1462 1634 1497 cum
1672 1448 1801 1496 eius-

115 1520 227 1571 dem
279 1521 513 1571 Varronis
566 1522 805 1572 litteraria
844 1536 994 1586 opera
1031 1520 1363 1586 praedicaret:
1417 1520 1548 1588 „Nos
1559 1560 1573 1588 ,
1626 1522 1802 1587 inquit,

113 1597 164 1644 in
218 1603 389 1645 nostra
442 1595 567 1645 urbe
620 1596 995 1661 peregrinantes
1049 1601 1373 1659 errantesque
1419 1602 1668 1659 tamquam
1716 1594 1801 1643 ho-

114 1668 267 1734 spites
321 1672 395 1719 tui
446 1669 561 1719 libri
615 1671 757 1735 quasi
810 1669 1011 1718 domum
1061 1668 1390 1735 reduxerunt,
1443 1675 1499 1717 ut
1543 1683 1802 1734 possemus
1836 1679 1892 1717 20

113 1742 373 1807 aliquando
429 1746 515 1808 qui
568 1752 618 1793 et
670 1743 757 1792 ubi
811 1757 1035 1792 essemus
1090 1757 1373 1807 agnoscere.
1459 1742 1535 1791 Tu
1590 1747 1802 1791 aetatem

113 1818 317 1884 patriae,
354 1823 410 1867 tu
449 1817 810 1882 descriptiones
849 1823 1154 1881 temporum,
1194 1821 1249 1864 tu
1289 1830 1544 1864 sacrorum
1584 1816 1708 1882 iura,
1746 1822 1802 1864 tu

115 1891 450 1958 sacerdotum,
496 1898 551 1941 tu
591 1891 934 1955 domesticam,
983 1896 1038 1938 tu
1075 1888 1324 1954 publicam
1363 1887 1700 1956 disciplinam,
1745 1895 1801 1938 tu

115 1963 283 2013 sedem
321 1966 582 2030 regionum
619 1964 858 2025 locorum,
897 1970 952 2012 tu
992 1964 1212 2012 omnium
1252 1962 1528 2012 divinarum
1567 1961 1799 2011 humana-

111 2052 322 2103 rumque
374 2053 545 2088 rerum
595 2039 794 2087 nomina
838 2051 1042 2103 genera,
1095 2036 1256 2085 officia
1307 2051 1479 2086 causas
1519 2031 1803 2101 aperuisti.“
1835 2046 1889 2085 25

117 2110 215 2160 Iste
270 2113 423 2176 igitur
477 2114 553 2161 vir
606 2118 707 2161 tam
768 2111 976 2175 insignis
1032 2109 1419 2174 excellentisque
1481 2111 1686 2175 peritiae
1742 2116 1804 2175 et,

118 2185 250 2248 quod
305 2185 364 2235 de
416 2185 499 2235 illo
552 2187 698 2235 etiam
752 2184 1081 2233 Terentianus
1138 2183 1503 2248 elegantissimo
1558 2182 1803 2232 versiculo

117 2256 336 2308 breviter
376 2261 463 2309 ait:

395 2362 486 2410 Vir
525 2363 843 2412 doctissimus
882 2361 1226 2424 undecumque
1264 2360 1447 2424 Varr0,

114 2464 199 2527 qui
237 2469 336 2513 tam
375 2463 529 2514 multa
559 2463 691 2529 legit,
729 2470 786 2513 ut
823 2462 1008 2528 aliquid
1048 2463 1094 2511 ei
1133 2461 1351 2511 scribere
1393 2463 1614 2512 vacuisse
1654 2463 1798 2510 mire·
1833 2470 1888 2508 30

115 2550 248 2604 mur3
287 2543 388 2587 tam
412 2537 565 2588 multa
589 2539 803 2604 scripsit,
843 2552 988 2602 quam
1021 2535 1174 2585 multa
1205 2538 1283 2584 vix
1316 2550 1612 2600 quemquam
1635 2534 1799 2599 legere

233 2665 306 2720 17)
338 2662 386 2708 C.
419 2669 460 2708 3.
525 2667 598 2722 27)
628 2666 763 2710 Metr.
795 2667 927 2709 2846.

232 2830 258 2869 5
294 2826 474 2870 Tullius
499 2839 582 2872 om.
606 2827 738 2886 ΑΓΗ
765 2832 819 2871 14
852 2827 916 2871 sic
950 2824 1099 2868 cicero
1132 2824 1233 2867 erat
1255 2822 1300 2866 A
1324 2824 1338 2879 Η
1363 2826 1419 2865 24
1452 2821 1613 2864 sedum
1640 2820 1797 2874 GKR·

113 2883 289 2928 sedium
319 2886 365 2928 A
410 2887 427 2942 fl
472 2890 529 2931 30
560 2887 770 2931 uacuisse
802 2883 973 2930 A¹KF
1000 2885 1128 2937 (124,
1158 2885 1263 2936 18),·
1294 2894 1482 2924 uacasse
1514 2878 1608 2923 A²v
