2020 3122
211 132 317 185 180
894 143 930 177 s,
953 143 1228 179 Aneuszmu

208 253 375 306 aliud?
420 255 596 322 „Quod
641 270 816 306 eorum
862 258 949 321 qui
995 257 1095 306 sint
1141 256 1209 307 dii
1263 272 1364 307 non
1410 256 1622 308 habeant
1669 261 1892 310 civitates

209 345 323 379 vera
360 329 644 396 simulacra,
691 330 824 395 quod
869 346 1017 380 verus
1055 330 1188 381 Deus
1234 345 1326 380 nec
1374 346 1547 381 sexum
1585 331 1762 383 habeat
1799 349 1892 384 nec

208 409 417 452 aetatem
467 419 560 453 nec
617 403 816 454 definita
869 406 1093 469 corporis
1146 399 1414 454 membra.“
1486 404 1620 455 Haec
1670 407 1894 471 pontifex

207 492 354 526 nosse
392 477 602 542 populos
649 493 749 527 non
798 477 922 545 vult3
969 493 1084 527 nam
1122 477 1242 527 falsa
1280 493 1390 527 esse
1429 493 1530 528 non
1568 486 1722 544 putat.
1798 481 1892 531 Ex-

149 557 177 600 5
207 550 378 616 pedire
423 553 576 618 igitur
623 553 869 602 existimat
915 551 1015 601 falli
1060 554 1111 601 in
1158 552 1395 617 religione
1437 554 1671 603 civitates.
1750 554 1892 612 Quod

209 625 375 674 dicere
425 627 573 675 etiam
617 627 670 676 in
714 625 856 675 libris
902 641 1072 675 rerum
1119 625 1394 675 divinarum
1440 625 1594 676 Varro
1639 629 1746 692 ipse
1794 643 1894 678 non

209 698 416 749 dubitat.
491 698 752 749 Praeclara
798 699 994 766 religi0,
1049 715 1146 763 quo
1195 700 1446 764 confugiat
1490 700 1774 750 liberandus
1820 704 1893 751 in-

206 773 402 839 firmuS,
442 780 492 823 et
530 789 645 823 cum
681 774 941 822 veritatem
979 788 1076 838 qua
1111 772 1354 822 liberetur
1392 775 1624 841 inquirat,
1663 776 1894 825 credatur

207 849 253 895 ei
300 847 532 912 expedire
583 847 715 912 quod
763 847 961 896 fallitur.
1037 846 1297 896 Poeticum
1335 861 1452 896 sane
1492 847 1699 898 deorum
1738 865 1895 913 genus

125 928 184 970 10
213 936 305 971 cur
348 920 579 971 Scaevola
632 927 856 987 respuat,
904 920 1090 969 eisdem
1135 919 1314 969 litteris
1361 936 1461 970 non
1515 928 1730 972 tacetur:
1784 925 1898 987 quia

211 997 282 1044 sie
306 995 534 1044 videlicet
556 995 676 1044 deos
707 994 1000 1061 deformant,
1038 1000 1094 1043 ut
1131 1008 1223 1042 nec
1261 992 1405 1044 bonis
1443 994 1724 1045 hominibus
1764 1012 1894 1046 com-

210 1073 472 1135 parentur,
512 1084 626 1117 cum
666 1068 815 1117 alium
855 1068 1042 1117 faciunt
1080 1067 1257 1134 furari,
1296 1068 1445 1118 alium
1484 1069 1785 1136 adulterare,
1825 1072 1895 1120 sic

208 1144 327 1191 item
366 1142 549 1207 aliquid
588 1142 730 1191 aliter
768 1143 982 1207 turpiter
1020 1147 1168 1206 atque
1206 1143 1373 1207 inepte
1412 1142 1578 1192 dicere
1617 1158 1674 1193 ac
1712 1144 1898 1212 facere;

210 1223 314 1265 tres
368 1217 498 1266 inter
552 1231 606 1265 se
661 1216 777 1265 deas
832 1222 1048 1265 certasse
1111 1215 1170 1264 de
1224 1217 1443 1280 praemio
1497 1216 1897 1284 pulchritudiniS,

123 1297 180 1339 15
209 1292 361 1339 victas
401 1290 523 1340 duas
562 1305 590 1338 a
619 1289 810 1339 Venere
842 1289 1042 1338 Troiam
1081 1291 1339 1355 evertisse3
1377 1289 1540 1340 Iovem
1578 1292 1742 1356 ipsum
1781 1307 1894 1341 con-

209 1365 334 1413 verti
378 1365 430 1413 in
475 1363 652 1412 bovem
699 1370 783 1413 aut
829 1378 1063 1429 cygnum,
1109 1370 1165 1412 ut
1212 1377 1325 1412 cum
1373 1363 1534 1428 aliqua
1581 1364 1896 1432 concumbat3

208 1437 350 1486 deam
400 1437 589 1486 homini
640 1436 857 1504 nubere,
913 1435 1182 1486 Saturnum
1228 1435 1412 1486 liberos
1460 1437 1719 1488 devorare:
1774 1439 1898 1489 nihil

209 1510 422 1576 denique
460 1527 607 1576 posse
649 1511 862 1575 confingi
900 1510 1251 1560 miraculorum
1291 1518 1438 1575 atque
1477 1513 1725 1579 vitiorum,
1766 1513 1898 1578 quod

210 1600 311 1634 non
350 1584 418 1633 ibi
458 1586 737 1650 reperiatur
784 1591 930 1650 atque
978 1584 1037 1633 ab
1085 1585 1292 1634 deorum
1346 1590 1520 1634 natura
1574 1585 1717 1650 longe
1758 1586 1898 1636 absit.

121 1668 180 1710 20
212 1658 252 1708 Ο
294 1658 525 1708 Scaevola
563 1659 784 1724 pontifex
824 1661 1056 1725 maxime,
1102 1658 1244 1708 ludos
1283 1658 1422 1724 tolle,
1462 1660 1503 1707 si
1541 1666 1706 1726 potes3
1755 1675 1895 1725 prae-

212 1734 319 1797 cipe
359 1733 577 1799 populiS,
626 1748 688 1782 ne
727 1732 849 1782 tales
887 1733 1102 1782 honores
1142 1731 1236 1782 diis
1275 1732 1619 1782 inmortalibus
1659 1733 1899 1800 deferant,

211 1806 298 1857 ubi
344 1808 550 1856 crimina
596 1807 804 1856 deorum
848 1806 998 1856 libeat
1044 1808 1215 1856 mirari
1261 1814 1311 1855 et
1359 1821 1483 1871 quae
1528 1807 1638 1855 fieri
1687 1815 1898 1872 possunt

210 1881 400 1945 placeat
437 1882 633 1930 imitari.
712 1880 764 1929 Si
810 1887 976 1930 autem
1021 1879 1114 1930 tibi
1160 1880 1475 1944 responderit
1511 1880 1750 1945 populus:
1800 1879 1897 1930 Vos

212 1954 355 2003 nobis
394 1956 698 2019 importastis
737 1956 832 2003 ista
869 1955 1151 2019 pontifices:
1192 1954 1310 2002 deos
1348 1955 1484 2019 ipsos
1522 1968 1664 2021 roga,
1716 1953 1897 2019 quibus

124 2035 181 2078 25
211 2028 558 2092 instigantibus
605 2029 699 2077 ista
747 2030 986 2095 iussistiS,
1033 2044 1094 2077 ne
1134 2027 1248 2077 talia
1288 2027 1382 2077 sibi
1419 2026 1622 2076 iubeant
1660 2027 1896 2078 exhiberi.

211 2101 347 2160 Quae
395 2104 437 2150 si
483 2101 607 2150 mala
654 2108 770 2150 sunt
815 2108 866 2150 et
911 2109 1175 2167 propterea
1221 2101 1356 2151 nullo
1407 2101 1551 2151 modo
1592 2101 1652 2151 de
1690 2101 1898 2151 deorum

211 2176 464 2224 maiestate
506 2174 774 2241 credenda,
819 2177 976 2224 maior
1015 2182 1091 2224 est
1130 2175 1336 2224 deorum
1375 2176 1576 2240 iniuria,
1616 2175 1677 2224 de
1717 2175 1898 2240 quibus

211 2251 398 2314 inpune
446 2249 715 2313 finguntur.
794 2248 905 2298 Sed·
940 2264 1040 2297 non
1089 2255 1137 2297 te
1185 2248 1414 2316 audiunt,
1464 2249 1726 2298 daemones
1766 2255 1897 2316 sunt,

213 2338 362 2388 prava
401 2322 596 2388 docent,
634 2321 865 2386 turpibus
905 2322 1141 2386 gaudent:
1180 2337 1280 2371 non
1320 2322 1480 2371 solum
1518 2337 1618 2370 non
1657 2322 1899 2387 deputant

125 2408 182 2448 30
213 2398 459 2462 iniuriam,
499 2398 540 2445 si
571 2395 631 2444 de
655 2395 751 2444 illis
782 2397 875 2444 ista
906 2396 1167 2462 fingantur,
1207 2395 1294 2444 sed
1318 2411 1426 2445 eam
1463 2397 1628 2460 potius
1665 2397 1899 2446 iniuriam

215 2471 349 2520 ferre
400 2485 500 2519 non
547 2474 779 2535 possunt,
826 2471 868 2518 si
906 2484 996 2534 per
1036 2484 1208 2518 eorum
1247 2469 1507 2518 sollemnia·
1539 2484 1637 2518 non
1676 2475 1896 2534 agantur.

213 2544 316 2594 Iam
364 2559 481 2593 vero
531 2545 572 2592 si
622 2542 858 2592 adversus
896 2558 982 2592 eos
1021 2542 1184 2592 Iovem
1223 2541 1531 2609 interpelleS,
1585 2544 1793 2592 maxime
1834 2542 1897 2592 ob

216 2634 323 2668 eam
361 2632 573 2684 causam,
613 2617 727 2682 quia
765 2618 872 2666 eius
910 2615 1052 2682 plura
1090 2617 1295 2665 crimina
1333 2615 1461 2665 ludis
1501 2618 1740 2666 scaenicis
1779 2618 1897 2666 acti·

217 2699 407 2742 tantur:
464 2705 629 2741 nonne
677 2691 869 2741 etiamsi
921 2690 1079 2740 Deum
1131 2689 1294 2739 lovem
1345 2691 1642 2755 nuncupatis
1653 2729 1668 2756 ‚
1715 2705 1742 2739 a
1799 2704 1898 2755 quo

335 2883 387 2922 13
421 2879 494 2936 ae]
529 2879 611 2923 aut
642 2877 685 2921 A
708 2879 724 2935 fl
748 2882 803 2923 23
835 2875 1114 2934 respondeat
1145 2875 1189 2919 A
1211 2877 1227 2932 ΙΙ
1251 2879 1306 2920 33
1337 2874 1539 2932 plurima
1570 2874 1614 2919 A
