2020 3122
182 984 235 1023 10

179 1350 232 1390 15

177 1717 233 1756 20

179 2083 236 2121 25

176 2449 234 2488 30

267 193 377 244 4522
937 199 972 232 s.
997 198 1272 233 AUGUSTINI

268 323 384 381 stat,
424 316 518 364 nisi
557 319 612 363 ut
644 328 721 379 ea,
761 327 884 376 quae
924 311 1129 360 mirifice
1170 317 1417 373 tamquam
1458 308 1690 358 divinitus
1727 312 1945 375 praedici

268 389 342 438 vel
382 389 489 437 fieri
521 386 748 436 videntur
780 401 872 434 nec
911 392 1075 449 tamen
1108 383 1166 432 ad
1202 385 1351 432 unius
1383 381 1470 430 Dei
1503 381 1691 432 cultum
1722 384 1944 435 referun-

267 469 372 527 tur,
413 463 493 511 cui
526 459 814 526 simpliciter
851 458 1109 507 inhaerere
1150 454 1416 506 fatentibus
1454 470 1650 520 quoque
1681 455 1946 508 Platonicis

269 542 317 584 et
355 550 444 600 per
475 533 628 583 multa
659 531 954 583 testantibus
987 531 1144 580 solum
1183 529 1464 579 beatificum
1502 528 1687 579 bonum
1720 538 1809 598 est,
1847 547 1945 582 ma·
1983 547 1993 551 ·

267 609 512 674 lignorum
559 607 851 656 daemonum
904 605 1114 654 ludibria
1165 610 1214 652 et
1268 602 1547 652 seductoria
1600 604 1948 674 inpedimenta,

268 698 390 747 quae
431 697 544 731 vera
590 683 770 746 pietate
812 679 1023 728 cavenda
1063 684 1200 743 sunt,
1246 675 1519 741 prudenter
1564 677 1978 750 intellegantur?-

266 755 422 805 Porro
463 761 625 805 autem
676 767 1014 818 quaecumque
1055 750 1290 799 miracula
1331 751 1431 798 sive
1478 765 1569 815 per
1608 752 1805 817 angelos
1845 755 1945 803 sive

269 843 581 894 quocumque
614 827 757 877 modo
790 828 856 875 ita
889 825 1122 874 divinitus
1154 825 1294 884 fiunt,
1333 829 1389 872 ut
1421 822 1509 872 Dei
1547 826 1718 892 uniuS,
1756 827 1808 875 in
1849 842 1946 892 quo

269 902 369 951 solo
417 902 559 951 beata
607 903 703 950 vita
750 906 849 966 est,
904 898 1092 947 cultum
1145 897 1532 962 religionemque
1588 900 1947 968 commendent,

268 991 325 1025 ea
365 990 478 1024 vere
519 974 577 1023 ab
618 976 688 1023 eis
729 973 803 1022 vel
842 988 933 1037 per
972 987 1079 1038 eOS,
1120 974 1204 1036 qui
1244 986 1334 1020 nos
1375 971 1650 1021 secundum
1687 975 1947 1024 veritatem

265 1051 595 1114 pietatemque
637 1047 865 1111 diligunt,
904 1046 1013 1094 fieri
1051 1047 1159 1110 ipso
1198 1044 1300 1094 Deo
1339 1045 1390 1094 in
1429 1044 1525 1094 illis
1564 1053 1799 1112 operante
1841 1063 1945 1098 cre-

266 1122 480 1171 dendum
519 1128 607 1170 est.
683 1120 854 1184 Neque
903 1122 1032 1168 enim
1081 1119 1310 1168 audiendi
1357 1125 1494 1186 sunt,
1546 1121 1631 1184 qui
1669 1119 1827 1171 Deum
1872 1123 1944 1171 in-

265 1195 507 1244 visibilem
538 1193 745 1243 visibilia
775 1193 1010 1242 miracula
1043 1194 1237 1258 operari
1276 1199 1469 1257 negant,
1511 1208 1623 1243 cum
1661 1195 1766 1259 ipse
1800 1197 1947 1245 etiam

266 1269 536 1318 secundum
592 1270 725 1334 ipsos
781 1268 955 1317 fecerit
1007 1267 1267 1332 mundum,
1324 1281 1471 1331 quem
1525 1275 1659 1316 certe
1706 1267 1946 1320 visibilem

266 1358 443 1407 negare
484 1357 583 1391 non
620 1349 842 1407 possunt.
922 1340 1171 1405 Quidquid
1210 1342 1361 1404 igitur
1400 1339 1621 1390 mirabile
1670 1341 1812 1391 fit-in
1853 1343 1945 1392 hoc

266 1416 470 1481 mund0,
515 1417 739 1480 profecto
786 1418 949 1465 minus
991 1420 1066 1463 est
1114 1429 1259 1479 quam
1306 1420 1439 1463 totus
1485 1414 1565 1463 hic
1613 1415 1848 1482 mundus,
1897 1416 1946 1466 id

266 1496 342 1538 est
373 1489 559 1538 caelum
593 1496 642 1539 et
681 1497 811 1539 terra
844 1496 893 1538 et
925 1490 1087 1537 omnia
1128 1503 1252 1552 quae
1292 1490 1342 1536 in
1375 1489 1446 1537 eis
1479 1495 1610 1555 sunt,
1650 1504 1774 1554 quae
1809 1497 1944 1540 certe

265 1562 395 1612 Deus
428 1563 557 1612 fecit.
613 1562 752 1612 Sicut
783 1570 949 1612 autem
978 1564 1084 1627 ipse
1118 1564 1203 1626 qui
1234 1562 1365 1627 fecit,
1395 1563 1463 1612 ita
1487 1561 1662 1611 modus
1696 1578 1793 1627 quo
1827 1564 1959 1613 fecit

266 1636 488 1685 occultus
521 1643 596 1686 est
627 1642 676 1686 et
714 1635 1211 1702 inconprehensibilis
1250 1634 1451 1685 homini.
1515 1635 1745 1693 Quamvis
1778 1638 1943 1702 itaque

265 1709 498 1758 miracula
546 1710 809 1759 visibilium
863 1716 1152 1759 naturarum
1205 1708 1402 1758 videndi
1456 1709 1740 1759 assiduitate
1795 1710 1944 1776 vilue-

266 1785 387 1849 rint,
435 1790 618 1843 tamen,
671 1799 783 1833 cum
831 1799 886 1833 ea
934 1785 1182 1848 sapienter
1227 1784 1503 1849 intuemur,
1557 1785 1944 1834 inusitatissimis

265 1858 628 1921 rarissimisque
668 1859 851 1906 maiora
891 1863 1020 1906 sunt.
1090 1856 1213 1905 Nam
1253 1863 1302 1905 et
1341 1858 1474 1906 omni
1513 1857 1772 1923 miraculo,
1812 1858 1943 1922 quod

265 1930 320 1978 fit
358 1945 447 1995 per
479 1930 741 1996 hominem,
783 1932 938 1979 maius
971 1929 1262 1979 miraculum
1296 1936 1372 1979 est
1410 1930 1569 1980 hom0.
1634 1929 1945 1996 Quapropter

269 2001 423 2068 DeuS,
463 2005 546 2067 qui
586 2004 702 2053 secit
734 2004 939 2053 visibilia
972 2003 1161 2053 caelum
1195 2010 1243 2052 et
1275 2010 1480 2070 terram,
1518 2018 1617 2052 non
1653 2003 1946 2069 dedignatur

271 2075 430 2124 facere
470 2075 676 2125 visibilia
716 2077 950 2126 miracula
988 2079 1039 2126 in
1080 2077 1214 2126 caelo
1253 2076 1330 2125 vel
1368 2083 1524 2141 terra,
1574 2077 1752 2141 quibus
1792 2078 1850 2127 ad
1891 2093 1943 2127 se

267 2148 559 2197 invisibilem
622 2150 881 2199 colendum
943 2153 1125 2200 excitet
1186 2152 1397 2199 animam
1458 2149 1616 2199 adhuc
1671 2149 1944 2201 visibilibus

267 2221 502 2286 deditam3
540 2222 625 2271 ubi
663 2239 779 2271 vero
821 2231 869 2272 et
909 2224 1102 2288 quando
1143 2225 1307 2289 faciat,
1347 2222 1744 2274 incommutabile
1786 2226 1943 2274 consi-

265 2294 387 2344 lium
425 2310 577 2359 penes
616 2297 777 2360 ipsum
819 2304 914 2362 est,
955 2299 1005 2345 in
1046 2299 1187 2346 cuius
1228 2298 1548 2362 dispositione
1588 2299 1683 2346 iam
1722 2305 1945 2364 tempora

268 2369 393 2416 sacta
433 2376 549 2416 sunt
590 2384 927 2433 quaecumque
969 2371 1133 2419 sutura
1173 2377 1301 2420 sunt.
1363 2371 1484 2419 Nam
1525 2371 1810 2435 temporalia
1843 2387 1943 2420 mo-

269 2457 386 2490 vens
426 2442 761 2506 temporaliter
800 2458 899 2491 non
939 2451 1185 2508 movetur,
1231 2459 1323 2493 nec
1363 2444 1503 2493 aliter
1543 2447 1678 2494 novit
1724 2445 1944 2494 facienda

265 2530 411 2579 quam
443 2515 581 2580 sacta,
615 2531 704 2563 nec
738 2515 878 2564 aliter
909 2517 1190 2565 invocantes
1223 2517 1420 2566 exaudit
1453 2533 1598 2581 quam
1629 2519 1944 2568 invocaturos

263 2587 408 2636 videt.
494 2588 614 2636 Nam
665 2595 871 2637 etcum
921 2589 1186 2638 exaudiunt
1235 2590 1393 2654 angeli
1441 2592 1568 2650 eius,
1622 2592 1726 2655 ipse
1774 2593 1823 2640 in
1872 2593 1943 2641 eis

264 2661 483 2726 exaudit,
538 2670 784 2726 tamquam
832 2664 883 2710 in
930 2678 1045 2710 vero
1093 2678 1184 2711 nec
1233 2678 1380 2712 manu
1428 2664 1556 2712 facto
1607 2664 1798 2729 templo·
1838 2679 1963 2731 suos

382 2867 436 2905 22
467 2861 805 2918 rarissimisque
838 2862 935 2906 AF
934 2877 985 2915 v;
1017 2863 1224 2918 rarisque
1257 2863 1404 2907 Kbce¹
1446 2865 1461 2920 ss
1499 2869 1554 2907 25
1588 2864 1665 2908 uel
1693 2867 1817 2908 terra
1850 2862 1950 2908 ΑΚ

259 2922 390 2975 (402,
421 2925 532 2976 29)‚·
563 2921 638 2965 vel
667 2920 716 2964 in
746 2923 780 2967 t.
811 2935 837 2966 v
