<?xml version="1.0" encoding="UTF-8"?>
<!DOCTYPE html PUBLIC "-//W3C//DTD XHTML 1.0 Transitional//EN"
    "http://www.w3.org/TR/xhtml1/DTD/xhtml1-transitional.dtd">
<html xmlns="http://www.w3.org/1999/xhtml" xml:lang="en" lang="en">
 <head>
  <title>
</title>
<meta http-equiv="Content-Type" content="text/html;charset=utf-8" />
  <meta name='ocr-system' content='tesseract 3.04.00' />
  <meta name='ocr-capabilities' content='ocr_page ocr_carea ocr_par ocr_line ocrx_word'/>
</head>
<body>
  <div class='ocr_page' id='page_1' title='image "./decivitatedeilib01auguuoft_0132.png"; bbox 0 0 2020 3122; ppageno 0'>
   <div class='ocr_carea' id='block_1_1' title="bbox 205 127 1239 189">
    <p class='ocr_par' dir='ltr' id='par_1_1' title="bbox 205 127 1239 189">
     <span class='ocr_line' id='line_1_1' title="bbox 205 127 1239 189; baseline -0.001 -8"><span class='ocrx_word' id='word_1_1' title='bbox 205 137 310 189; x_wconf 80' lang='grc'>120</span> <span class='ocrx_word' id='word_1_2' title='bbox 790 127 804 132; x_wconf 78' lang='grc'>”</span> <span class='ocrx_word' id='word_1_3' title='bbox 905 146 939 180; x_wconf 79' lang='lat' dir='ltr'>s,</span> <span class='ocrx_word' id='word_1_4' title='bbox 963 146 1239 182; x_wconf 72' lang='lat' dir='ltr'>Auous&#39;mm</span> 
     </span>
    </p>
   </div>
   <div class='ocr_carea' id='block_1_2' title="bbox 201 251 1890 457">
    <p class='ocr_par' dir='ltr' id='par_1_2' title="bbox 201 251 1890 457">
     <span class='ocr_line' id='line_1_2' title="bbox 201 251 1889 324; baseline -0.002 -15"><span class='ocrx_word' id='word_1_5' title='bbox 201 251 390 310; x_wconf 77' lang='lat' dir='ltr'>iurasse</span> <span class='ocrx_word' id='word_1_6' title='bbox 439 265 748 324; x_wconf 86' lang='lat' dir='ltr'>cognoverat.</span> <span class='ocrx_word' id='word_1_7' title='bbox 826 258 968 317; x_wconf 85' lang='lat' dir='ltr'>Quod</span> <span class='ocrx_word' id='word_1_8' title='bbox 1015 260 1199 310; x_wconf 85' lang='lat' dir='ltr'>factum</span> <span class='ocrx_word' id='word_1_9' title='bbox 1237 258 1481 323; x_wconf 85' lang='lat' dir='ltr'>Vergilius</span> <span class='ocrx_word' id='word_1_10' title='bbox 1527 265 1699 323; x_wconf 89' lang='lat' dir='ltr'>postea</span> <span class='ocrx_word' id='word_1_11' title='bbox 1741 272 1889 322; x_wconf 89' lang='lat' dir='ltr'>quam</span> 
     </span>
     <span class='ocr_line' id='line_1_3' title="bbox 201 331 1890 400; baseline -0.002 -17"><span class='ocrx_word' id='word_1_12' title='bbox 201 333 509 384; x_wconf 82' lang='lat' dir='ltr'>laudabiliter</span> <span class='ocrx_word' id='word_1_13' title='bbox 558 335 979 400; x_wconf 86' lang='lat' dir='ltr'>commemoravit,</span> <span class='ocrx_word' id='word_1_14' title='bbox 1031 335 1266 383; x_wconf 86' lang='lat' dir='ltr'>continuo</span> <span class='ocrx_word' id='word_1_15' title='bbox 1308 333 1575 382; x_wconf 85' lang='lat' dir='ltr'>elementer</span> <span class='ocrx_word' id='word_1_16' title='bbox 1615 331 1890 380; x_wconf 80' lang='lat' dir='ltr'><strong>exhorruit.</strong></span> 
     </span>
     <span class='ocr_line' id='line_1_4' title="bbox 203 406 762 457; baseline -0.004 0"><span class='ocrx_word' id='word_1_17' title='bbox 203 407 327 457; x_wconf 89' lang='lat' dir='ltr'>Cum</span> <span class='ocrx_word' id='word_1_18' title='bbox 366 410 497 456; x_wconf 91' lang='lat' dir='ltr'>enim</span> <span class='ocrx_word' id='word_1_19' title='bbox 537 406 762 456; x_wconf 85' lang='lat' dir='ltr'>dixisset:</span> 
     </span>
    </p>
   </div>
   <div class='ocr_carea' id='block_1_3' title="bbox 146 511 1628 647">
    <p class='ocr_par' dir='ltr' id='par_1_3' title="bbox 146 511 1628 647">
     <span class='ocr_line' id='line_1_5' title="bbox 557 511 1628 573; baseline -0.001 -15"><span class='ocrx_word' id='word_1_20' title='bbox 557 511 816 573; x_wconf 77' lang='lat' dir='ltr'>Natosque</span> <span class='ocrx_word' id='word_1_21' title='bbox 852 513 997 572; x_wconf 75' lang='lat' dir='ltr'>pater</span> <span class='ocrx_word' id='word_1_22' title='bbox 1034 526 1164 560; x_wconf 78' lang='lat' dir='ltr'>nova.</span> <span class='ocrx_word' id='word_1_23' title='bbox 1202 511 1336 559; x_wconf 81' lang='lat' dir='ltr'>bella</span> <span class='ocrx_word' id='word_1_24' title='bbox 1373 512 1628 558; x_wconf 79' lang='lat' dir='ltr'>moventes</span> 
     </span>
     <span class='ocr_line' id='line_1_6' title="bbox 146 583 1585 647; baseline -0.001 -14"><span class='ocrx_word' id='word_1_25' title='bbox 146 595 169 633; x_wconf 89' lang='lat'>5</span> <span class='ocrx_word' id='word_1_26' title='bbox 352 585 434 633; x_wconf 88' lang='lat' dir='ltr'>Ad</span> <span class='ocrx_word' id='word_1_27' title='bbox 471 600 683 647; x_wconf 83' lang='lat' dir='ltr'>poenam</span> <span class='ocrx_word' id='word_1_28' title='bbox 721 584 931 646; x_wconf 82' lang='lat' dir='ltr'>pulchra</span> <span class='ocrx_word' id='word_1_29' title='bbox 968 600 1059 647; x_wconf 86' lang='lat' dir='ltr'>pro</span> <span class='ocrx_word' id='word_1_30' title='bbox 1099 585 1333 634; x_wconf 72' lang='lat' dir='ltr'>libertate</span> <span class='ocrx_word' id='word_1_31' title='bbox 1371 583 1585 644; x_wconf 73' lang='lat' dir='ltr'>vocabit,</span> 
     </span>
    </p>
   </div>
   <div class='ocr_carea' id='block_1_4' title="bbox 203 686 1592 853">
    <p class='ocr_par' dir='ltr' id='par_1_4' title="bbox 203 686 1592 853">
     <span class='ocr_line' id='line_1_7' title="bbox 203 686 1075 736; baseline -0.001 0"><span class='ocrx_word' id='word_1_32' title='bbox 203 703 315 736; x_wconf 86' lang='lat' dir='ltr'>mox</span> <span class='ocrx_word' id='word_1_33' title='bbox 356 687 533 736; x_wconf 91' lang='lat' dir='ltr'>deinde</span> <span class='ocrx_word' id='word_1_34' title='bbox 574 686 860 736; x_wconf 84' lang='lat' dir='ltr'>exclamavit</span> <span class='ocrx_word' id='word_1_35' title='bbox 899 694 949 735; x_wconf 89' lang='lat' dir='ltr'>et</span> <span class='ocrx_word' id='word_1_36' title='bbox 988 688 1075 736; x_wconf 92' lang='lat' dir='ltr'>ait:</span> 
     </span>
     <span class='ocr_line' id='line_1_8' title="bbox 351 791 1592 853; baseline -0.002 -14"><span class='ocrx_word' id='word_1_37' title='bbox 351 792 543 852; x_wconf 83' lang='lat' dir='ltr'><strong>Infelix,</strong></span> <span class='ocrx_word' id='word_1_38' title='bbox 583 794 852 853; x_wconf 81' lang='lat' dir='ltr'>utcumque</span> <span class='ocrx_word' id='word_1_39' title='bbox 891 791 1056 839; x_wconf 70' lang='lat' dir='ltr'>ferent</span> <span class='ocrx_word' id='word_1_40' title='bbox 1095 806 1154 839; x_wconf 85' lang='lat' dir='ltr'>ea.</span> <span class='ocrx_word' id='word_1_41' title='bbox 1191 791 1326 839; x_wconf 81' lang='lat' dir='ltr'>faeta</span> <span class='ocrx_word' id='word_1_42' title='bbox 1362 791 1592 839; x_wconf 79' lang='lat' dir='ltr'>minores.</span> 
     </span>
    </p>
   </div>
   <div class='ocr_carea' id='block_1_5' title="bbox 119 891 1897 1105">
    <p class='ocr_par' dir='ltr' id='par_1_5' title="bbox 119 891 1897 1105">
     <span class='ocr_line' id='line_1_9' title="bbox 206 891 1897 959; baseline -0.002 -17"><span class='ocrx_word' id='word_1_43' title='bbox 206 893 606 959; x_wconf 89' lang='lat' dir='ltr'>Quomodolibet,</span> <span class='ocrx_word' id='word_1_44' title='bbox 665 895 855 959; x_wconf 83' lang='lat' dir='ltr'>inquit,</span> <span class='ocrx_word' id='word_1_45' title='bbox 928 908 983 941; x_wconf 90' lang='lat' dir='ltr'>ea</span> <span class='ocrx_word' id='word_1_46' title='bbox 1042 893 1168 942; x_wconf 85' lang='lat' dir='ltr'>facta</span> <span class='ocrx_word' id='word_1_47' title='bbox 1228 893 1416 957; x_wconf 82' lang='lat' dir='ltr'>posteri</span> <span class='ocrx_word' id='word_1_48' title='bbox 1471 892 1654 957; x_wconf 81' lang='lat' dir='ltr'>ferant,</span> <span class='ocrx_word' id='word_1_49' title='bbox 1711 891 1760 939; x_wconf 89' lang='lat' dir='ltr'>id</span> <span class='ocrx_word' id='word_1_50' title='bbox 1815 896 1897 940; x_wconf 80' lang='lat' dir='ltr'>est</span> 
     </span>
     <span class='ocr_line' id='line_1_10' title="bbox 203 962 1892 1032; baseline -0.002 -16"><span class='ocrx_word' id='word_1_51' title='bbox 203 967 485 1032; x_wconf 80' lang='lat' dir='ltr'>praeferant</span> <span class='ocrx_word' id='word_1_52' title='bbox 531 974 580 1016; x_wconf 90' lang='lat' dir='ltr'>et</span> <span class='ocrx_word' id='word_1_53' title='bbox 620 966 873 1031; x_wconf 84' lang='lat' dir='ltr'>extollant,</span> <span class='ocrx_word' id='word_1_54' title='bbox 922 968 1008 1030; x_wconf 91' lang='lat' dir='ltr'>qui</span> <span class='ocrx_word' id='word_1_55' title='bbox 1045 965 1171 1014; x_wconf 92' lang='lat' dir='ltr'>filios</span> <span class='ocrx_word' id='word_1_56' title='bbox 1211 965 1413 1031; x_wconf 85' lang='lat' dir='ltr'>oceidit,</span> <span class='ocrx_word' id='word_1_57' title='bbox 1451 965 1623 1014; x_wconf 86' lang='lat' dir='ltr'>infelix</span> <span class='ocrx_word' id='word_1_58' title='bbox 1663 971 1751 1014; x_wconf 90' lang='lat' dir='ltr'>est.</span> <span class='ocrx_word' id='word_1_59' title='bbox 1827 962 1892 1013; x_wconf 88' lang='lat' dir='ltr'>Et</span> 
     </span>
     <span class='ocr_line' id='line_1_11' title="bbox 119 1037 1552 1105; baseline -0.003 -14"><span class='ocrx_word' id='word_1_60' title='bbox 119 1053 171 1091; x_wconf 88' lang='lat'>10</span> <span class='ocrx_word' id='word_1_61' title='bbox 206 1048 456 1105; x_wconf 86' lang='lat' dir='ltr'>tamquam</span> <span class='ocrx_word' id='word_1_62' title='bbox 497 1040 555 1089; x_wconf 89' lang='lat' dir='ltr'>ad</span> <span class='ocrx_word' id='word_1_63' title='bbox 597 1039 951 1089; x_wconf 83' lang='lat' dir='ltr'>consolandum</span> <span class='ocrx_word' id='word_1_64' title='bbox 990 1038 1238 1088; x_wconf 87' lang='lat' dir='ltr'>infelicem</span> <span class='ocrx_word' id='word_1_65' title='bbox 1278 1037 1552 1088; x_wconf 84' lang='lat' dir='ltr'>subiunxit:</span> 
     </span>
    </p>
   </div>
   <div class='ocr_carea' id='block_1_6' title="bbox 351 1143 1765 1207">
    <p class='ocr_par' dir='ltr' id='par_1_6' title="bbox 351 1143 1765 1207">
     <span class='ocr_line' id='line_1_12' title="bbox 351 1143 1765 1207; baseline 0.001 -15"><span class='ocrx_word' id='word_1_66' title='bbox 351 1145 521 1193; x_wconf 73' lang='lat' dir='ltr'>Vincit</span> <span class='ocrx_word' id='word_1_67' title='bbox 559 1161 697 1193; x_wconf 86' lang='lat' dir='ltr'>amor</span> <span class='ocrx_word' id='word_1_68' title='bbox 736 1145 932 1206; x_wconf 74' lang='lat' dir='ltr'>patriae</span> <span class='ocrx_word' id='word_1_69' title='bbox 970 1144 1275 1206; x_wconf 84' lang='lat' dir='ltr'>laudumque</span> <span class='ocrx_word' id='word_1_70' title='bbox 1313 1144 1538 1191; x_wconf 79' lang='lat' dir='ltr'>inmensa,</span> <span class='ocrx_word' id='word_1_71' title='bbox 1578 1143 1765 1207; x_wconf 75' lang='lat' dir='ltr'>cupido,</span> 
     </span>
    </p>
   </div>
   <div class='ocr_carea' id='block_1_7' title="bbox 118 1245 1957 2637">
    <p class='ocr_par' dir='ltr' id='par_1_7' title="bbox 118 1245 1957 2637">
     <span class='ocr_line' id='line_1_13' title="bbox 203 1245 1895 1311; baseline 0.001 -16"><span class='ocrx_word' id='word_1_72' title='bbox 203 1247 376 1295; x_wconf 90' lang='lat' dir='ltr'>Nonne</span> <span class='ocrx_word' id='word_1_73' title='bbox 403 1249 454 1295; x_wconf 90' lang='lat' dir='ltr'>in</span> <span class='ocrx_word' id='word_1_74' title='bbox 479 1246 572 1295; x_wconf 84' lang='lat' dir='ltr'>hoo</span> <span class='ocrx_word' id='word_1_75' title='bbox 597 1245 768 1310; x_wconf 89' lang='lat' dir='ltr'>Brut0‚</span> <span class='ocrx_word' id='word_1_76' title='bbox 808 1248 893 1311; x_wconf 93' lang='lat' dir='ltr'>qui</span> <span class='ocrx_word' id='word_1_77' title='bbox 933 1252 983 1295; x_wconf 86' lang='lat' dir='ltr'>et</span> <span class='ocrx_word' id='word_1_78' title='bbox 1021 1245 1147 1294; x_wconf 87' lang='lat' dir='ltr'>filios</span> <span class='ocrx_word' id='word_1_79' title='bbox 1187 1245 1367 1296; x_wconf 84' lang='lat' dir='ltr'>oceidit</span> <span class='ocrx_word' id='word_1_80' title='bbox 1407 1253 1455 1295; x_wconf 88' lang='lat' dir='ltr'>et</span> <span class='ocrx_word' id='word_1_81' title='bbox 1494 1261 1520 1294; x_wconf 93' lang='lat' dir='ltr'>a</span> <span class='ocrx_word' id='word_1_82' title='bbox 1561 1261 1612 1294; x_wconf 87' lang='lat' dir='ltr'>se</span> <span class='ocrx_word' id='word_1_83' title='bbox 1652 1261 1895 1311; x_wconf 87' lang='lat' dir='ltr'>percusso</span> 
     </span>
     <span class='ocr_line' id='line_1_14' title="bbox 203 1320 1894 1385; baseline 0 -16"><span class='ocrx_word' id='word_1_84' title='bbox 203 1320 334 1369; x_wconf 89' lang='lat' dir='ltr'>hosti</span> <span class='ocrx_word' id='word_1_85' title='bbox 372 1320 471 1369; x_wconf 85' lang='lat' dir='ltr'>filio</span> <span class='ocrx_word' id='word_1_86' title='bbox 497 1320 752 1384; x_wconf 89' lang='lat' dir='ltr'>Tarquinii</span> <span class='ocrx_word' id='word_1_87' title='bbox 791 1327 963 1369; x_wconf 90' lang='lat' dir='ltr'>mutuo</span> <span class='ocrx_word' id='word_1_88' title='bbox 1003 1334 1272 1384; x_wconf 85' lang='lat' dir='ltr'>percussus</span> <span class='ocrx_word' id='word_1_89' title='bbox 1313 1321 1628 1384; x_wconf 86' lang='lat' dir='ltr'>supervivere</span> <span class='ocrx_word' id='word_1_90' title='bbox 1667 1335 1767 1369; x_wconf 91' lang='lat' dir='ltr'>non</span> <span class='ocrx_word' id='word_1_91' title='bbox 1806 1336 1894 1385; x_wconf 83' lang='lat' dir='ltr'>po·</span> 
     </span>
     <span class='ocr_line' id='line_1_15' title="bbox 204 1392 1893 1460; baseline 0.001 -18"><span class='ocrx_word' id='word_1_92' title='bbox 204 1395 300 1443; x_wconf 87' lang='lat' dir='ltr'>tuit</span> <span class='ocrx_word' id='word_1_93' title='bbox 339 1396 483 1458; x_wconf 90' lang='lat' dir='ltr'>eique</span> <span class='ocrx_word' id='word_1_94' title='bbox 522 1395 689 1458; x_wconf 88' lang='lat' dir='ltr'>potius</span> <span class='ocrx_word' id='word_1_95' title='bbox 728 1396 833 1458; x_wconf 90' lang='lat' dir='ltr'>ipse</span> <span class='ocrx_word' id='word_1_96' title='bbox 859 1393 1159 1457; x_wconf 83' lang='lat' dir='ltr'>Tarquinius</span> <span class='ocrx_word' id='word_1_97' title='bbox 1201 1395 1486 1460; x_wconf 82' lang='lat' dir='ltr'>supervixit,</span> <span class='ocrx_word' id='word_1_98' title='bbox 1528 1392 1755 1443; x_wconf 90' lang='lat' dir='ltr'>Collatini</span> <span class='ocrx_word' id='word_1_99' title='bbox 1790 1393 1893 1443; x_wconf 38' lang='lat' dir='ltr'>*eol-</span> 
     </span>
     <span class='ocr_line' id='line_1_16' title="bbox 119 1465 1893 1533; baseline 0 -16"><span class='ocrx_word' id='word_1_100' title='bbox 119 1478 172 1518; x_wconf 85' lang='lat'>15</span> <span class='ocrx_word' id='word_1_101' title='bbox 203 1467 340 1532; x_wconf 86' lang='lat' dir='ltr'>legae</span> <span class='ocrx_word' id='word_1_102' title='bbox 390 1467 585 1516; x_wconf 87' lang='lat' dir='ltr'>videtur</span> <span class='ocrx_word' id='word_1_103' title='bbox 638 1469 920 1516; x_wconf 83' lang='lat' dir='ltr'>innocentia</span> <span class='ocrx_word' id='word_1_104' title='bbox 972 1466 1244 1533; x_wconf 79' lang='lat' dir='ltr'>vindicata,</span> <span class='ocrx_word' id='word_1_105' title='bbox 1298 1469 1383 1531; x_wconf 92' lang='lat' dir='ltr'>qui</span> <span class='ocrx_word' id='word_1_106' title='bbox 1429 1466 1590 1516; x_wconf 89' lang='lat' dir='ltr'>bonus</span> <span class='ocrx_word' id='word_1_107' title='bbox 1640 1465 1758 1516; x_wconf 84' lang='lat' dir='ltr'>civis</span> <span class='ocrx_word' id='word_1_108' title='bbox 1797 1467 1893 1517; x_wconf 84' lang='lat' dir='ltr'>hoc</span> 
     </span>
     <span class='ocr_line' id='line_1_17' title="bbox 206 1540 1892 1606; baseline 0 -16"><span class='ocrx_word' id='word_1_109' title='bbox 206 1541 475 1606; x_wconf 88' lang='lat' dir='ltr'>Tarquinio</span> <span class='ocrx_word' id='word_1_110' title='bbox 520 1541 663 1605; x_wconf 84' lang='lat' dir='ltr'>pulso</span> <span class='ocrx_word' id='word_1_111' title='bbox 710 1556 885 1606; x_wconf 88' lang='lat' dir='ltr'>passus</span> <span class='ocrx_word' id='word_1_112' title='bbox 934 1548 1031 1606; x_wconf 84' lang='lat' dir='ltr'>est,</span> <span class='ocrx_word' id='word_1_113' title='bbox 1078 1540 1210 1605; x_wconf 91' lang='lat' dir='ltr'>quod</span> <span class='ocrx_word' id='word_1_114' title='bbox 1264 1547 1501 1605; x_wconf 82' lang='lat' dir='ltr'>tyrannus</span> <span class='ocrx_word' id='word_1_115' title='bbox 1539 1543 1645 1606; x_wconf 91' lang='lat' dir='ltr'>ipse</span> <span class='ocrx_word' id='word_1_116' title='bbox 1686 1541 1892 1606; x_wconf 90' lang='lat' dir='ltr'>Tarqui-</span> 
     </span>
     <span class='ocr_line' id='line_1_18' title="bbox 206 1612 1892 1679; baseline 0 -15"><span class='ocrx_word' id='word_1_117' title='bbox 206 1612 354 1664; x_wconf 84' lang='lat' dir='ltr'>nius?</span> <span class='ocrx_word' id='word_1_118' title='bbox 400 1614 522 1663; x_wconf 90' lang='lat' dir='ltr'>Nam</span> <span class='ocrx_word' id='word_1_119' title='bbox 563 1622 612 1664; x_wconf 94' lang='lat' dir='ltr'>et</span> <span class='ocrx_word' id='word_1_120' title='bbox 642 1614 772 1664; x_wconf 90' lang='lat' dir='ltr'>idem</span> <span class='ocrx_word' id='word_1_121' title='bbox 796 1614 981 1663; x_wconf 89' lang='lat' dir='ltr'>Brutus</span> <span class='ocrx_word' id='word_1_122' title='bbox 1021 1616 1418 1679; x_wconf 81' lang='lat' dir='ltr'>consanguineus</span> <span class='ocrx_word' id='word_1_123' title='bbox 1443 1614 1700 1679; x_wconf 91' lang='lat' dir='ltr'>Tarquinii</span> <span class='ocrx_word' id='word_1_124' title='bbox 1738 1615 1892 1664; x_wconf 84' lang='lat' dir='ltr'>fuisse</span> 
     </span>
     <span class='ocr_line' id='line_1_19' title="bbox 205 1687 1897 1754; baseline 0.001 -17"><span class='ocrx_word' id='word_1_125' title='bbox 205 1687 522 1754; x_wconf 84' lang='lat' dir='ltr'>perhibetur3</span> <span class='ocrx_word' id='word_1_126' title='bbox 586 1689 672 1737; x_wconf 89' lang='lat' dir='ltr'>sed</span> <span class='ocrx_word' id='word_1_127' title='bbox 725 1688 1019 1738; x_wconf 86' lang='lat' dir='ltr'>Collatinum</span> <span class='ocrx_word' id='word_1_128' title='bbox 1073 1687 1301 1737; x_wconf 86' lang='lat' dir='ltr'>videlieet</span> <span class='ocrx_word' id='word_1_129' title='bbox 1355 1687 1624 1738; x_wconf 88' lang='lat' dir='ltr'>similitudo</span> <span class='ocrx_word' id='word_1_130' title='bbox 1679 1691 1897 1738; x_wconf 87' lang='lat' dir='ltr'>nominis</span> 
     </span>
     <span class='ocr_line' id='line_1_20' title="bbox 205 1761 1896 1829; baseline 0.001 -19"><span class='ocrx_word' id='word_1_131' title='bbox 205 1764 413 1829; x_wconf 88' lang='lat' dir='ltr'>pressit,</span> <span class='ocrx_word' id='word_1_132' title='bbox 464 1764 579 1826; x_wconf 92' lang='lat' dir='ltr'>quia</span> <span class='ocrx_word' id='word_1_133' title='bbox 633 1763 779 1811; x_wconf 91' lang='lat' dir='ltr'>etiam</span> <span class='ocrx_word' id='word_1_134' title='bbox 826 1762 1124 1826; x_wconf 86' lang='lat' dir='ltr'>Tarquinius</span> <span class='ocrx_word' id='word_1_135' title='bbox 1178 1761 1457 1811; x_wconf 83' lang='lat' dir='ltr'>vocabatur.</span> <span class='ocrx_word' id='word_1_136' title='bbox 1533 1761 1723 1811; x_wconf 90' lang='lat' dir='ltr'>Mutare</span> <span class='ocrx_word' id='word_1_137' title='bbox 1775 1777 1896 1827; x_wconf 85' lang='lat' dir='ltr'>ergo</span> 
     </span>
     <span class='ocr_line' id='line_1_21' title="bbox 118 1837 1894 1903; baseline 0 -18"><span class='ocrx_word' id='word_1_138' title='bbox 118 1847 174 1886; x_wconf 81' lang='lat'>20</span> <span class='ocrx_word' id='word_1_139' title='bbox 207 1851 411 1903; x_wconf 82' lang='lat' dir='ltr'>nomen,</span> <span class='ocrx_word' id='word_1_140' title='bbox 451 1851 551 1884; x_wconf 93' lang='lat' dir='ltr'>non</span> <span class='ocrx_word' id='word_1_141' title='bbox 589 1838 798 1900; x_wconf 90' lang='lat' dir='ltr'>patriam</span> <span class='ocrx_word' id='word_1_142' title='bbox 838 1842 1121 1901; x_wconf 80' lang='lat' dir='ltr'>cogeretur3</span> <span class='ocrx_word' id='word_1_143' title='bbox 1166 1843 1418 1900; x_wconf 89' lang='lat' dir='ltr'>postremo</span> <span class='ocrx_word' id='word_1_144' title='bbox 1457 1837 1509 1886; x_wconf 90' lang='lat' dir='ltr'>in</span> <span class='ocrx_word' id='word_1_145' title='bbox 1549 1837 1655 1885; x_wconf 90' lang='lat' dir='ltr'>eius</span> <span class='ocrx_word' id='word_1_146' title='bbox 1695 1838 1894 1885; x_wconf 88' lang='lat' dir='ltr'>nomine</span> 
     </span>
     <span class='ocr_line' id='line_1_22' title="bbox 206 1908 1898 1975; baseline 0.001 -17"><span class='ocrx_word' id='word_1_147' title='bbox 206 1909 302 1959; x_wconf 88' lang='lat' dir='ltr'>hoe</span> <span class='ocrx_word' id='word_1_148' title='bbox 347 1909 642 1959; x_wconf 85' lang='lat' dir='ltr'>vocabulum</span> <span class='ocrx_word' id='word_1_149' title='bbox 696 1912 861 1959; x_wconf 89' lang='lat' dir='ltr'>minus</span> <span class='ocrx_word' id='word_1_150' title='bbox 910 1915 1063 1975; x_wconf 86' lang='lat' dir='ltr'>esset,</span> <span class='ocrx_word' id='word_1_151' title='bbox 1116 1908 1167 1958; x_wconf 94' lang='lat' dir='ltr'>L.</span> <span class='ocrx_word' id='word_1_152' title='bbox 1224 1908 1492 1958; x_wconf 88' lang='lat' dir='ltr'>Collatinus</span> <span class='ocrx_word' id='word_1_153' title='bbox 1554 1910 1898 1959; x_wconf 85' lang='lat' dir='ltr'>tantummodo</span> 
     </span>
     <span class='ocr_line' id='line_1_23' title="bbox 207 1982 1895 2047; baseline 0.001 -16"><span class='ocrx_word' id='word_1_154' title='bbox 207 1990 481 2032; x_wconf 87' lang='lat' dir='ltr'>vocaretur.</span> <span class='ocrx_word' id='word_1_155' title='bbox 560 1982 656 2032; x_wconf 89' lang='lat' dir='ltr'>Sed</span> <span class='ocrx_word' id='word_1_156' title='bbox 681 1983 792 2033; x_wconf 90' lang='lat' dir='ltr'>ideo</span> <span class='ocrx_word' id='word_1_157' title='bbox 818 1998 916 2032; x_wconf 90' lang='lat' dir='ltr'>non</span> <span class='ocrx_word' id='word_1_158' title='bbox 945 1984 1108 2031; x_wconf 86' lang='lat' dir='ltr'>amisit</span> <span class='ocrx_word' id='word_1_159' title='bbox 1148 1983 1278 2047; x_wconf 87' lang='lat' dir='ltr'>quod</span> <span class='ocrx_word' id='word_1_160' title='bbox 1311 1985 1416 2032; x_wconf 89' lang='lat' dir='ltr'>sine</span> <span class='ocrx_word' id='word_1_161' title='bbox 1456 1982 1556 2032; x_wconf 90' lang='lat' dir='ltr'>ullo</span> <span class='ocrx_word' id='word_1_162' title='bbox 1597 1983 1895 2032; x_wconf 90' lang='lat' dir='ltr'>detrimento</span> 
     </span>
     <span class='ocr_line' id='line_1_24' title="bbox 207 2056 1896 2123; baseline 0.001 -18"><span class='ocrx_word' id='word_1_163' title='bbox 207 2063 377 2121; x_wconf 90' lang='lat' dir='ltr'>posset</span> <span class='ocrx_word' id='word_1_164' title='bbox 424 2058 676 2123; x_wconf 78' lang='lat' dir='ltr'>amittere,</span> <span class='ocrx_word' id='word_1_165' title='bbox 730 2064 787 2106; x_wconf 92' lang='lat' dir='ltr'>ut</span> <span class='ocrx_word' id='word_1_166' title='bbox 833 2063 883 2106; x_wconf 91' lang='lat' dir='ltr'>et</span> <span class='ocrx_word' id='word_1_167' title='bbox 927 2057 1115 2105; x_wconf 92' lang='lat' dir='ltr'>honore</span> <span class='ocrx_word' id='word_1_168' title='bbox 1163 2058 1355 2121; x_wconf 88' lang='lat' dir='ltr'>primus</span> <span class='ocrx_word' id='word_1_169' title='bbox 1397 2056 1570 2106; x_wconf 88' lang='lat' dir='ltr'>consul</span> <span class='ocrx_word' id='word_1_170' title='bbox 1610 2064 1659 2106; x_wconf 89' lang='lat' dir='ltr'>et</span> <span class='ocrx_word' id='word_1_171' title='bbox 1699 2058 1896 2106; x_wconf 87' lang='lat' dir='ltr'>civitate</span> 
     </span>
     <span class='ocr_line' id='line_1_25' title="bbox 208 2129 1899 2198; baseline 0.001 -20"><span class='ocrx_word' id='word_1_172' title='bbox 208 2129 370 2179; x_wconf 85' lang='lat' dir='ltr'>bonus</span> <span class='ocrx_word' id='word_1_173' title='bbox 428 2131 547 2178; x_wconf 84' lang='lat' dir='ltr'>civis</span> <span class='ocrx_word' id='word_1_174' title='bbox 602 2145 770 2179; x_wconf 83' lang='lat' dir='ltr'>carere</span> <span class='ocrx_word' id='word_1_175' title='bbox 825 2129 1096 2179; x_wconf 89' lang='lat' dir='ltr'>iuberetur.</span> <span class='ocrx_word' id='word_1_176' title='bbox 1183 2129 1410 2179; x_wconf 88' lang='lat' dir='ltr'>Etiamne</span> <span class='ocrx_word' id='word_1_177' title='bbox 1458 2133 1551 2179; x_wconf 88' lang='lat' dir='ltr'>ista</span> <span class='ocrx_word' id='word_1_178' title='bbox 1602 2137 1678 2179; x_wconf 91' lang='lat' dir='ltr'>est</span> <span class='ocrx_word' id='word_1_179' title='bbox 1727 2130 1899 2198; x_wconf 74' lang='lat' dir='ltr'>gloria,</span> 
     </span>
     <span class='ocr_line' id='line_1_26' title="bbox 119 2202 1894 2268; baseline -0.001 -14"><span class='ocrx_word' id='word_1_180' title='bbox 119 2215 180 2255; x_wconf 69' lang='lat'>25</span> <span class='ocrx_word' id='word_1_181' title='bbox 212 2203 341 2252; x_wconf 92' lang='lat' dir='ltr'>Iunii</span> <span class='ocrx_word' id='word_1_182' title='bbox 379 2202 522 2251; x_wconf 87' lang='lat' dir='ltr'>Bruti</span> <span class='ocrx_word' id='word_1_183' title='bbox 561 2202 849 2252; x_wconf 88' lang='lat' dir='ltr'>detestanda</span> <span class='ocrx_word' id='word_1_184' title='bbox 894 2204 1128 2267; x_wconf 92' lang='lat' dir='ltr'>iniquitas</span> <span class='ocrx_word' id='word_1_185' title='bbox 1169 2210 1219 2251; x_wconf 88' lang='lat' dir='ltr'>et</span> <span class='ocrx_word' id='word_1_186' title='bbox 1256 2203 1409 2252; x_wconf 92' lang='lat' dir='ltr'>nihilo</span> <span class='ocrx_word' id='word_1_187' title='bbox 1451 2203 1584 2252; x_wconf 89' lang='lat' dir='ltr'>utilis</span> <span class='ocrx_word' id='word_1_188' title='bbox 1623 2205 1697 2252; x_wconf 89' lang='lat' dir='ltr'>rei</span> <span class='ocrx_word' id='word_1_189' title='bbox 1734 2203 1894 2268; x_wconf 87' lang='lat' dir='ltr'>publi-</span> 
     </span>
     <span class='ocr_line' id='line_1_27' title="bbox 210 2273 1957 2343; baseline 0.001 -17"><span class='ocrx_word' id='word_1_190' title='bbox 210 2273 333 2326; x_wconf 84' lang='lat' dir='ltr'>cae?</span> <span class='ocrx_word' id='word_1_191' title='bbox 390 2276 615 2325; x_wconf 87' lang='lat' dir='ltr'>Etiamne</span> <span class='ocrx_word' id='word_1_192' title='bbox 655 2277 714 2325; x_wconf 91' lang='lat' dir='ltr'>ad</span> <span class='ocrx_word' id='word_1_193' title='bbox 753 2276 879 2325; x_wconf 89' lang='lat' dir='ltr'>hane</span> <span class='ocrx_word' id='word_1_194' title='bbox 917 2276 1299 2341; x_wconf 88' lang='lat' dir='ltr'>perpetrandam</span> <span class='ocrx_word' id='word_1_195' title='bbox 1343 2278 1492 2343; x_wconf 83' lang='lat' dir='ltr'>„vicit</span> <span class='ocrx_word' id='word_1_196' title='bbox 1531 2291 1668 2325; x_wconf 91' lang='lat' dir='ltr'>amor</span> <span class='ocrx_word' id='word_1_197' title='bbox 1706 2279 1897 2340; x_wconf 87' lang='lat' dir='ltr'>patriae</span> <span class='ocrx_word' id='word_1_198' title='bbox 1951 2302 1957 2308; x_wconf 91' lang='lat'><em>-</em></span> 
     </span>
     <span class='ocr_line' id='line_1_28' title="bbox 209 2345 1894 2415; baseline 0.001 -16"><span class='ocrx_word' id='word_1_199' title='bbox 209 2350 506 2414; x_wconf 81' lang='lat' dir='ltr'>laudumque</span> <span class='ocrx_word' id='word_1_200' title='bbox 546 2352 770 2399; x_wconf 90' lang='lat' dir='ltr'>inmensa</span> <span class='ocrx_word' id='word_1_201' title='bbox 802 2345 1047 2414; x_wconf 82' lang='lat' dir='ltr'>cupido“‘?</span> <span class='ocrx_word' id='word_1_202' title='bbox 1109 2350 1208 2398; x_wconf 88' lang='lat' dir='ltr'>Iam</span> <span class='ocrx_word' id='word_1_203' title='bbox 1248 2349 1451 2414; x_wconf 89' lang='lat' dir='ltr'>expulso</span> <span class='ocrx_word' id='word_1_204' title='bbox 1491 2352 1663 2414; x_wconf 90' lang='lat' dir='ltr'>utique</span> <span class='ocrx_word' id='word_1_205' title='bbox 1689 2350 1894 2415; x_wconf 90' lang='lat' dir='ltr'>Tarqui-</span> 
     </span>
     <span class='ocr_line' id='line_1_29' title="bbox 210 2421 1896 2489; baseline 0 -16"><span class='ocrx_word' id='word_1_206' title='bbox 210 2425 291 2473; x_wconf 91' lang='lat' dir='ltr'>nio</span> <span class='ocrx_word' id='word_1_207' title='bbox 342 2431 549 2489; x_wconf 86' lang='lat' dir='ltr'>tyranno</span> <span class='ocrx_word' id='word_1_208' title='bbox 602 2423 775 2472; x_wconf 89' lang='lat' dir='ltr'>consul</span> <span class='ocrx_word' id='word_1_209' title='bbox 822 2438 936 2473; x_wconf 86' lang='lat' dir='ltr'>cum</span> <span class='ocrx_word' id='word_1_210' title='bbox 972 2421 1127 2472; x_wconf 89' lang='lat' dir='ltr'>Bruto</span> <span class='ocrx_word' id='word_1_211' title='bbox 1175 2431 1372 2472; x_wconf 86' lang='lat' dir='ltr'>creatus</span> <span class='ocrx_word' id='word_1_212' title='bbox 1419 2430 1495 2472; x_wconf 90' lang='lat' dir='ltr'>est</span> <span class='ocrx_word' id='word_1_213' title='bbox 1544 2425 1750 2472; x_wconf 86' lang='lat' dir='ltr'>maritus</span> <span class='ocrx_word' id='word_1_214' title='bbox 1799 2422 1896 2473; x_wconf 92' lang='lat' dir='ltr'>Lu-</span> 
     </span>
     <span class='ocr_line' id='line_1_30' title="bbox 211 2495 1897 2562; baseline 0.001 -16"><span class='ocrx_word' id='word_1_215' title='bbox 211 2499 392 2547; x_wconf 85' lang='lat' dir='ltr'>cretiae</span> <span class='ocrx_word' id='word_1_216' title='bbox 447 2496 500 2546; x_wconf 88' lang='lat' dir='ltr'>L.</span> <span class='ocrx_word' id='word_1_217' title='bbox 556 2496 855 2561; x_wconf 88' lang='lat' dir='ltr'>Tarquinius</span> <span class='ocrx_word' id='word_1_218' title='bbox 912 2495 1193 2546; x_wconf 89' lang='lat' dir='ltr'>Collatinus.</span> <span class='ocrx_word' id='word_1_219' title='bbox 1288 2495 1445 2553; x_wconf 84' lang='lat' dir='ltr'>Quam</span> <span class='ocrx_word' id='word_1_220' title='bbox 1499 2499 1628 2545; x_wconf 88' lang='lat' dir='ltr'>iuste</span> <span class='ocrx_word' id='word_1_221' title='bbox 1682 2497 1897 2562; x_wconf 87' lang='lat' dir='ltr'>populus</span> 
     </span>
     <span class='ocr_line' id='line_1_31' title="bbox 123 2568 1898 2637; baseline -0.002 -13"><span class='ocrx_word' id='word_1_222' title='bbox 123 2585 178 2624; x_wconf 84' lang='lat'>30</span> <span class='ocrx_word' id='word_1_223' title='bbox 210 2586 375 2621; x_wconf 91' lang='lat' dir='ltr'>mores</span> <span class='ocrx_word' id='word_1_224' title='bbox 414 2573 463 2620; x_wconf 91' lang='lat' dir='ltr'>in</span> <span class='ocrx_word' id='word_1_225' title='bbox 506 2571 625 2637; x_wconf 81' lang='lat' dir='ltr'>cive,</span> <span class='ocrx_word' id='word_1_226' title='bbox 665 2586 763 2620; x_wconf 90' lang='lat' dir='ltr'>non</span> <span class='ocrx_word' id='word_1_227' title='bbox 803 2585 983 2618; x_wconf 93' lang='lat' dir='ltr'>nomen</span> <span class='ocrx_word' id='word_1_228' title='bbox 1023 2568 1261 2618; x_wconf 84' lang='lat' dir='ltr'>adtendit!</span> <span class='ocrx_word' id='word_1_229' title='bbox 1327 2569 1483 2627; x_wconf 87' lang='lat' dir='ltr'>Quam</span> <span class='ocrx_word' id='word_1_230' title='bbox 1522 2572 1671 2634; x_wconf 90' lang='lat' dir='ltr'>impie</span> <span class='ocrx_word' id='word_1_231' title='bbox 1711 2570 1898 2620; x_wconf 84' lang='lat' dir='ltr'>Brutus</span> 
     </span>
    </p>
   </div>
   <div class='ocr_carea' id='block_1_8' title="bbox 333 2684 875 2739">
    <p class='ocr_par' dir='ltr' id='par_1_8' title="bbox 333 2684 875 2739">
     <span class='ocr_line' id='line_1_32' title="bbox 333 2684 875 2739; baseline -0.006 -12"><span class='ocrx_word' id='word_1_232' title='bbox 333 2685 405 2739; x_wconf 85' lang='grc'>11)</span> <span class='ocrx_word' id='word_1_233' title='bbox 436 2684 550 2729; x_wconf 88' lang='lat' dir='ltr'>Aen.</span> <span class='ocrx_word' id='word_1_234' title='bbox 585 2687 626 2738; x_wconf 86' lang='grc'>6,</span> <span class='ocrx_word' id='word_1_235' title='bbox 659 2686 744 2727; x_wconf 83' lang='grc'>820</span> <span class='ocrx_word' id='word_1_236' title='bbox 778 2696 875 2737; x_wconf 86' lang='lat' dir='ltr'>sqq.</span> 
     </span>
    </p>
   </div>
   <div class='ocr_carea' id='block_1_9' title="bbox 215 2812 1896 2931">
    <p class='ocr_par' dir='ltr' id='par_1_9' title="bbox 215 2812 1896 2931">
     <span class='ocr_line' id='line_1_33' title="bbox 215 2812 1896 2931; baseline 0 -72"><span class='ocrx_word' id='word_1_237' title='bbox 215 2874 287 2931; x_wconf 66' lang='lat' dir='ltr'>ou</span> <span class='ocrx_word' id='word_1_238' title='bbox 310 2815 565 2919; x_wconf 53' lang='lat' dir='ltr'><strong>3{)1·Uin9st</strong></span> <span class='ocrx_word' id='word_1_239' title='bbox 587 2813 807 2881; x_wconf 67' lang='lat' dir='ltr'><strong><em>A2KE23;</em></strong></span> <span class='ocrx_word' id='word_1_240' title='bbox 838 2812 952 2916; x_wconf 55' lang='lat' dir='ltr'>picit</span> <span class='ocrx_word' id='word_1_241' title='bbox 982 2813 1051 2857; x_wconf 80' lang='grc' dir='ltr'>Α.1</span> <span class='ocrx_word' id='word_1_242' title='bbox 1067 2830 1083 2868; x_wconf 85' lang='lat'>,·</span> <span class='ocrx_word' id='word_1_243' title='bbox 1114 2813 1271 2857; x_wconf 77' lang='lat' dir='ltr'>uincet</span> <span class='ocrx_word' id='word_1_244' title='bbox 1304 2813 1431 2871; x_wconf 73' lang='lat' dir='ltr'>Very.</span> <span class='ocrx_word' id='word_1_245' title='bbox 1458 2816 1473 2871; x_wconf 75' lang='grc' dir='ltr'>ΙΙ</span> <span class='ocrx_word' id='word_1_246' title='bbox 1497 2819 1552 2859; x_wconf 80' lang='lat'>28</span> <span class='ocrx_word' id='word_1_247' title='bbox 1585 2817 1780 2871; x_wconf 72' lang='lat' dir='ltr'>tyranno</span> <span class='ocrx_word' id='word_1_248' title='bbox 1813 2828 1896 2859; x_wconf 86' lang='lat' dir='ltr'>om.</span> 
     </span>
     <span class='ocr_line' id='line_1_34' title="bbox 397 2886 942 2931; baseline -0.002 -13"><span class='ocrx_word' id='word_1_249' title='bbox 397 2888 541 2931; x_wconf 75' lang='lat' dir='ltr'>impie</span> <span class='ocrx_word' id='word_1_250' title='bbox 572 2886 685 2926; x_wconf 87' lang='lat' dir='ltr'>mss;</span> <span class='ocrx_word' id='word_1_251' title='bbox 714 2887 836 2916; x_wconf 82' lang='lat' dir='ltr'>mms</span> <span class='ocrx_word' id='word_1_252' title='bbox 856 2886 884 2916; x_wconf 87' lang='lat' dir='ltr'>e</span> <span class='ocrx_word' id='word_1_253' title='bbox 916 2886 942 2917; x_wconf 82' lang='lat' dir='ltr'><strong><em>v</em></strong></span> 
     </span>
    </p>
   </div>
  </div>
 </body>
</html>
