2020 3122
252 130 359 182 548
940 139 976 173 5.
1002 139 1278 174 Auenszrrm

253 253 433 318 quihus
484 252 542 301 ad
598 252 794 301 easdem
849 253 1072 301 miserias
1125 253 1406 301 necessario
1460 251 1727 316 putabatur
1778 253 1937 301 anima

252 327 495 375 reditura:
553 326 669 390 quid
710 332 862 375 restat
902 327 1275 374 convenientius
1314 327 1484 390 pietati
1548 341 1693 390 quam
1733 325 1935 375 credere

253 415 351 448 non
399 415 508 448 esse
555 399 842 464 inpossibile
888 399 989 448 Deo
1038 405 1087 448 et
1135 414 1212 466 ea,
1260 414 1383 463 quae
1432 414 1700 463 numquam
1749 400 1936 464 fecerit,

253 489 374 522 nova
410 474 571 522 facere
605 481 654 522 et
685 473 917 522 ineffabili
948 474 1272 537 praescientia
1313 472 1613 521 voluntatem
1653 472 1937 522 mutabilem

194 557 221 597 5
254 563 352 595 non
399 544 618 596 hahere?
678 547 834 597 Porro
882 553 1047 596 autem
1092 552 1262 595 utrum
1309 547 1582 594 animarum
1619 545 1938 595 liberatarum

257 636 348 669 nec
383 620 592 670 ulterius
626 621 684 669 ad
719 623 941 669 miserias
973 620 1308 669 rediturarum
1340 634 1579 668 numerus
1616 621 1774 683 possit
1813 634 1938 668 sem·

253 710 343 759 por
382 696 566 760 augeri,
606 696 699 759 ipsi
732 694 956 759 viderint,
998 695 1081 756 qui
1122 693 1180 741 de
1221 707 1388 741 rerum
1429 693 1668 742 infinitate
1709 692 1938 742 cohiben-

254 768 314 816 da
376 775 475 816 tam
538 767 788 817 subtiliter
851 768 1124 832 disputant3
1188 781 1278 814 nos
1333 781 1448 814 vero
1512 768 1938 815 ratiocinationem

253 848 473 890 nostram
522 857 581 890 ex
630 849 842 905 utroque
889 840 1042 889 latere
1086 841 1423 889 terminamus.
1502 839 1554 888 Si
1594 841 1724 888 enim
1763 846 1940 905 potest,

170 925 223 965 10
258 915 374 979 quid
408 931 582 964 causae
617 922 705 981 est,
737 922 793 963 ut
823 920 1033 978 negetur
1066 915 1223 963 creari
1255 915 1475 979 potuisse
1502 913 1634 978 quod
1672 928 1940 978 numquam

255 996 394 1037 antea
422 995 642 1038 creatum
668 996 813 1054 esset,
845 990 888 1036 si
919 987 1237 1036 liberatarum
1270 988 1544 1036 animarum
1568 1002 1820 1053 numeruS,
1853 988 1938 1050 qui

254 1070 522 1126 numquam
547 1069 690 1111 antea
722 1063 828 1127 fuit,
869 1077 967 1110 non
1001 1061 1158 1110 solum
1196 1062 1355 1110 sactus
1388 1066 1464 1109 est
1497 1061 1663 1125 semel,
1703 1061 1789 1109 sed
1829 1061 1938 1108 fieri

255 1151 523 1199 numquam
564 1133 792 1185 desinet?
835 1135 886 1184 Si
926 1142 1089 1184 autem
1129 1141 1324 1199 oportet
1362 1141 1418 1183 111
1458 1140 1624 1183 certus
1664 1136 1727 1183 sit
1763 1133 1939 1183 libera-

254 1218 418 1258 tarum
450 1209 625 1273 aliquis
657 1225 894 1258 numerus
935 1211 1222 1274 animarum,
1264 1223 1386 1272 quae
1419 1207 1478 1256 ad
1512 1209 1758 1256 miseriam
1797 1222 1938 1256 num-

169 1293 222 1332 15
260 1298 405 1347 quam
431 1283 649 1348 redeant,
674 1299 834 1347 neque
866 1284 959 1331 iste
993 1298 1230 1331 numerus
1264 1281 1472 1330 ulterius
1505 1287 1763 1345 augeatur:
1794 1282 1940 1330 etiam

253 1359 358 1420 ipse
411 1358 516 1404 sine
569 1356 744 1423 dubio,
798 1358 1097 1420 quicumque
1138 1357 1257 1420 erit,
1308 1363 1421 1404 ante
1461 1356 1634 1419 utique
1673 1369 1943 1419 numquam

254 1431 368 1495 1'uit3
418 1432 501 1494 qui
547 1431 770 1494 profecto
820 1445 1047 1478 crescere
1095 1435 1144 1478 et
1194 1430 1251 1478 ad
1293 1444 1408 1478 suae
1450 1429 1735 1492 quantitatis
1776 1429 1941 1477 termi-

253 1518 373 1552 num
413 1505 672 1567 pervenire
706 1505 810 1552 sine
844 1503 1006 1566 aliquo
1038 1518 1137 1551 non
1169 1508 1337 1566 posset
1375 1503 1537 1566 131ῐίος
1578 1501 1708 1565 quod
1747 1503 1941 1551 initium

258 1592 316 1625 eo
357 1577 501 1625 modo
543 1584 683 1625 311163
723 1592 992 1640 numquam
1033 1576 1140 1625 fuit.
1216 1575 1321 1623 Hoc
1363 1590 1479 1639 ergo
1520 1581 1575 1623 ut
1615 1581 1768 1641 esset,
1808 1590 1942 1623 crea-

167 1660 224 1700 20
256 1658 336 1698 1115
377 1657 452 1699 651
491 1650 651 1716 homo,
691 1657 802 1699 31116
843 1665 991 1714 quem
1032 1649 1196 1698 nullus
1236 1650 1342 1698 fuit.

901 1836 1092 1890 CAPUT
1132 1835 1301 1888 XXII.

258 1947 660 1995 De·condz'ci0ne
705 1947 855 1994 unius
900 1946 1061 2007 primi
1103 1945 1316 1992 hominis
1356 1949 1507 2003 atque
1547 1945 1598 1991 in
1646 1956 1702 1991 eo
1738 1943 1943 2003 qenerz’s

989 2019 1212 2066 humani.

409 2121 510 2170 Hac
559 2123 710 2186 igitur
758 2122 1045 2185 quaestione
1098 2119 1380 2168 difficillima
1432 2125 1635 2182 propter
1686 2118 1945 2166 aeternita-

173 2203 229 2243 25
262 2201 362 2243 tem
422 2193 511 2242 Dei
566 2210 689 2243 nova
745 2195 958 2243 creantis
1021 2195 1125 2242 sine
1181 2195 1396 2241 novitate
1453 2191 1612 2255 aliqua
1665 2190 1944 2249 voluntatiS,
2019 2218 2020 2242 ÷

263 2274 498 2332 quantum
525 2270 791 2333 potuimus,
831 2267 1068 2332 explicata
1101 2282 1199 2315 non
1233 2272 1308 2315 est
1339 2265 1548 2314 arduum
1586 2264 1752 2313 videre
1791 2263 1945 2312 multo
2019 2259 2020 2262 ’

264 2343 416 2390 fuisse
458 2341 634 2390 melius
676 2341 805 2404 quod
847 2342 1030 2389 sactum
1071 2346 1166 2406 est,
1206 2346 1262 2388 ut
1302 2355 1360 2388 ex
1399 2354 1498 2387 uno
1538 2338 1758 2402 homine,
1798 2352 1945 2401 quem

262 2417 479 2479 primum
520 2414 759 2479 condidit,
800 2414 1148 2478 multiplicaret
1187 2427 1342 2477 genus
1381 2412 1676 2477 humanum,
1717 2426 1864 2474 quam
1905 2411 1946 2458 si

264 2488 312 2536 id
352 2488 631 2537 incohasset
672 2504 696 2536 a
735 2486 976 2552 pluribus
1052 2486 1174 2534 Nam
1214 2501 1326 2535 cum
1367 2487 1637 2534 animantes
1677 2483 1794 2532 alias
1834 2483 1945 2532 soli-

175 2571 231 2610 30
266 2563 414 2610 tarias
449 2569 496 2610 61
523 2562 733 2625 quodam
773 2560 916 2608 modo
958 2560 1207 2625 solivagas,
1248 2559 1295 2607 id
1337 2566 1426 2623 est,
1466 2573 1590 2622 quae
1631 2556 1945 2606 solitudinem

263 2637 416 2699 magis
466 2634 716 2699 adpetant,
767 2635 914 2682 sicuti
962 2640 1078 2682 sunt
1118 2632 1305 2697 aquilae
1347 2632 1501 2697 milvi,
1547 2631 1714 2679 leones
1755 2629 1858 2694 lupi
1897 2636 1946 2677 et
1965 2680 1978 2683 ἢ

385 2810 406 2847 1
442 2807 633 2862 putatur
666 2805 707 2846 V
727 2807 742 2859 ΙΙ
769 2810 820 2848 11
855 2806 926 2848 est
955 2803 1001 2847 A
1023 2804 1038 2859 ΙΙ
1066 2808 1116 2846 12
1154 2817 1409 2858 numquam
1457 2804 1596 2846 antea
1634 2815 1726 2845 non
1761 2800 1804 2844 V
1833 2802 1848 2856 ΙΙ
1891 2805 1944 2843 18

264 2866 424 2919 posset
463 2864 575 2917 VA;
604 2863 753 2920 possit
783 2877 807 2906 v
