2020 3122
555 180 620 212 m:
645 178 884 212 CIVITATE
908 180 997 212 DEI
1021 180 1062 212 L.
1086 181 1116 212 1.
1141 179 1181 213 c.
1207 182 1260 213 31.
1284 182 1338 214 32.
1714 169 1786 221 49

103 292 198 342 fide
230 307 316 342 cor
347 291 590 342 mundans
615 291 674 339 ad
699 291 927 340 caelestia
958 291 1034 340 vel
1067 292 1449 356 supercaelestia
1489 294 1786 357 capessenda

99 366 273 415 humili
310 367 492 431 pietate
542 364 815 413 humanum
852 371 1068 414 mutaret
1107 365 1340 414 affectum
1380 372 1430 414 et
1469 381 1495 414 3
1535 367 1785 416 dominatu

98 438 428 505 superborum
468 439 761 487 daemonum
799 437 1046 487 liberaret.

714 625 912 679 CAPUT
945 625 1174 680 XXXII.

388 735 463 783 De
501 735 853 783 scaenicorum
894 735 1204 783 institutione
1243 736 1490 783 ludorum.
1821 743 1844 781 5

247 836 431 887 Verum
480 843 644 886 tamen
693 837 891 902 scitote,
938 837 1023 900 qui
1068 839 1163 886 ista
1210 838 1412 885 nescitis
1465 844 1513 886 et
1569 839 1653 901 qui
1699 853 1784 886 vos

99 913 228 962 scire
277 910 617 976 dissimulatiS,
673 909 932 976 advertite,
993 912 1078 974 qui
1124 910 1359 959 adversus
1406 910 1721 960 liberatorem
1761 927 1787 959 a

103 984 280 1035 talibus
320 985 530 1034 dominis
570 985 911 1033 murmuratis:
953 983 1055 1032 ludi
1094 985 1328 1050 scaenici,
1369 984 1647 1048 spectacula
1684 991 1787 1033 tur-

102 1059 383 1124 pitudinum
423 1065 472 1107 et
509 1057 708 1107 licentia
746 1059 1031 1123 vanitatum,
1070 1073 1168 1106 non
1207 1058 1462 1106 hominum
1501 1060 1658 1125 vitiis,
1700 1059 1785 1107 sed

103 1132 308 1181 deorum
348 1138 628 1181 vestrorum
666 1132 816 1180 iussis
855 1131 1036 1179 Romae
1076 1133 1291 1180 instituti
1331 1138 1459 1180 sunt.
1537 1131 1784 1180 Tolerabi-
1821 1141 1874 1180 10

102 1205 197 1255 lius
251 1205 441 1254 divinos
495 1204 710 1253 honores
767 1203 1030 1253 deferretis
1083 1204 1153 1253 illi
1203 1204 1423 1269 Scipioni
1469 1219 1615 1269 quam
1670 1205 1787 1254 deos

106 1279 392 1328 eiusmodi
441 1278 683 1327 coleretis,
759 1277 932 1342 Neque
973 1280 1105 1326 enim
1144 1285 1285 1327 erant
1322 1278 1393 1326 illi
1432 1278 1500 1327 dii
1539 1294 1628 1327 suo
1668 1294 1786 1342 pon-

102 1353 232 1402 tifice
273 1352 516 1402 meliores
593 1351 722 1401 Ecce
763 1351 1035 1418 adtendite,
1085 1353 1127 1400 si
1166 1367 1306 1401 mens
1346 1358 1443 1401 tam
1484 1351 1568 1401 diu
1607 1355 1787 1416 potatis

102 1425 356 1476 erroribus
405 1425 540 1475 ebria
585 1441 670 1474 vos
718 1424 901 1489 aliquid
951 1440 1124 1474 sanum
1172 1425 1485 1474 considerare
1524 1425 1786 1490 permittit!

101 1499 178 1549 Dii
221 1506 426 1565 propter
480 1498 745 1548 sedandam
800 1514 1066 1563 corporum
1111 1499 1444 1563 pestilentiam
1497 1499 1639 1548 ludos
1695 1499 1788 1548 sibi
1823 1508 1874 1547 15

101 1575 355 1623 scaenicos
405 1572 627 1623 exhiberi
674 1572 932 1638 iubebant;
978 1573 1199 1637 pontifex
1241 1580 1402 1622 autem
1443 1579 1647 1637 propter
1686 1575 1785 1621 ani-

100 1662 295 1697 morum
349 1647 612 1696 cavendam
665 1645 997 1711 pestilentiam
1058 1648 1211 1711 ipsam
1276 1662 1503 1695 scaenam
1565 1648 1787 1695 construi

101 1720 406 1786 prohibebat.
486 1721 538 1769 Si
578 1720 738 1785 aliqua
783 1720 894 1769 luce
935 1722 1115 1769 mentis
1155 1722 1372 1769 animum
1412 1722 1609 1784 corpori
1648 1735 1785 1784 prae-

100 1797 297 1861 ponitiS,
337 1794 500 1859 eligite
527 1810 674 1858 quem
707 1792 899 1843 colatis!
940 1793 1112 1858 Neque
1147 1796 1278 1843 enim
1315 1800 1364 1842 et
1403 1793 1481 1842 illa
1522 1806 1785 1858 corporum

101 1869 381 1933 pestilentia
421 1868 531 1917 ideo
572 1869 876 1934 conquievit,
925 1869 1038 1931 quia
1085 1867 1267 1932 populo
1307 1867 1540 1916 bellicoso
1582 1874 1631 1915 et
1670 1867 1785 1915 solis
1818 1876 1875 1914 20

103 1948 245 1992 antea
282 1942 412 1991 ludis
436 1941 743 1991 circensibus
776 1941 979 1990 adsueto
1018 1940 1248 1990 ludorum
1290 1942 1628 1990 scaenicorum
1669 1940 1785 1989 deli-

104 2022 211 2064 cata
250 2015 546 2065 subintravit
568 2017 777 2080 insania3
818 2015 902 2064 sed
944 2017 1120 2064 astutia
1159 2016 1423 2079 spirituum
1462 2014 1800 2063 nefandorum*

102 2089 393 2154 praevidens
438 2089 568 2137 illam
615 2088 947 2154 pestilentiam
992 2090 1088 2137 iam
1134 2089 1231 2137 fine
1280 2087 1444 2137 debito
1485 2095 1785 2137 cessaturam

104 2163 245 2211 aliam
283 2163 427 2227 longe
467 2164 763 2229 graviorem,
803 2178 900 2227 qua
937 2162 1205 2227 plurimum
1245 2162 1438 2228 gaudet,
1478 2178 1536 2210 ex
1575 2162 1665 2210 hac
1705 2176 1783 2209 oc-

104 2238 299 2285 casione
354 2251 455 2284 non
510 2235 825 2302 corporibus,
880 2237 967 2285 sed
1014 2235 1234 2284 moribus
1283 2238 1470 2285 curavit
1520 2237 1783 2300 inmittere,
1817 2244 1871 2283 25

103 2324 226 2374 quae
274 2312 461 2358 animos
507 2312 804 2359 miserorum
848 2312 998 2359 tantis
1047 2309 1326 2359 obcaecavit
1366 2309 1606 2375 tenebris,
1653 2315 1785 2356 tanta

102 2383 411 2432 deformitate
466 2383 700 2450 foedavit,
761 2390 818 2433 ut
871 2385 1017 2432 etiam
1073 2384 1216 2432 modo
1280 2378 1437 2451 (quod
1498 2381 1784 2430 incredibile

103 2456 308 2506 forsitan
346 2458 456 2522 erit,
495 2459 537 2506 si
576 2473 602 2505 a
641 2459 824 2506 nostris
862 2459 1075 2522 posteris
1114 2452 1367 2522 audietur)
1407 2456 1622 2504 Romana
1660 2454 1782 2503 urbe

102 2535 298 2596 vastata,
339 2545 462 2594 quos
501 2531 779 2595 pestilentia
810 2533 902 2579 ista
940 2531 1160 2595 possedit
1199 2538 1344 2595 atque
1385 2530 1496 2578 inde
1538 2530 1779 2592 fugientes

105 2601 446 2668 Carthaginem
484 2606 744 2668 pervenire
790 2611 1080 2670 potuerunt,
1119 2606 1170 2652 in
1209 2604 1414 2652 theatris
1455 2601 1632 2650 cotidie
1674 2615 1777 2648 cer·
1812 2609 1866 2647 30

104 2678 241 2724 tatim
279 2693 369 2741 pro
409 2676 733 2727 histrionibus
764 2679 1058 2726 insanirent.

219 2852 279 2949 Ι1114
311 2847 514 2904 cogitare
546 2848 591 2891 A
629 2850 644 2904 ΙΙ
682 2853 734 2892 16
766 2850 961 2905 propter
991 2849 1146 2892 labem
1179 2846 1436 2890 animorum
1471 2846 1506 2887 Α
1551 2847 1565 2899 Η
1606 2850 1660 2886 24
1692 2844 1780 2887 hac

105 2918 187 2950 om.

193 2995 287 3019 Auo.
311 2997 363 3019 mn
388 2996 464 3020 σιν.
489 2996 568 3022 nm.
600 2989 630 3020 1.
1401 2981 1428 3019 4
