2020 3122
155 963 209 1002 10

155 1330 208 1369 15

153 1696 208 1736 20

153 2241 207 2280 25

150 2609 206 2648 30

240 168 346 220 238
912 176 947 209 s,
971 175 1245 210 Aueuszrmi

241 289 560 340 daemonibus
601 288 859 355 supplicet,
899 289 1029 354 quod
1067 287 1120 337 hi
1159 289 1364 354 spiritus
1403 289 1454 336 in
1493 286 1672 337 talibus
1713 286 1925 337 multum

239 364 488 430 valerent,
552 362 929 412 Constantinum
990 365 1340 427 imperatorem
1402 377 1501 410 non
1564 360 1924 426 supplicantem

241 437 577 504 daemonibuS,
617 437 703 486 sed
742 438 906 502 ipsum
945 451 1114 485 verum
1156 435 1312 485 Deum
1353 434 1596 485 colentem
1634 436 1784 485 tantis
1823 442 1921 485 ter-

241 514 375 560 renis
415 511 641 576 implevit
686 509 998 577 muneribuS,
1045 516 1227 573 quanta
1275 516 1445 574 optare
1493 507 1656 558 nullus
1697 508 1923 575 auderet3

242 587 322 634 cui
362 587 508 634 etiam
533 584 745 634 condere
779 585 1025 633 civitatem
1050 583 1269 632 Romano
1308 584 1517 648 imperio
1558 583 1755 648 sociam,
1793 581 1926 632 velut

240 660 396 723 ipsius
446 658 629 708 Romae
679 657 853 724 filiam,
905 657 990 706 sed
1043 659 1149 706 sine
1197 657 1359 721 aliquo
1409 657 1703 706 daemonum
1741 655 1925 721 templo

243 732 604 797 simulacroque
644 733 903 781 concessit.
981 730 1075 780 Diu
1113 731 1385 797 imperavit,
1428 732 1714 779 universum
1753 729 1925 779 orbem

240 806 515 855 Romanum
562 821 692 855 unus
731 805 983 869 Augustus
1030 805 1190 853 tenuit
1237 810 1287 853 et
1336 804 1576 870 defendit3
1623 806 1674 852 in
1721 803 1924 853 admini-

241 880 454 929 strandis
487 885 536 928 et
567 879 795 943 gerendis
820 877 960 927 bellis
993 879 1427 927 victoriosissimus
1467 878 1573 944 fuit,
1612 879 1664 926 in
1703 879 1924 942 tyrannis

242 952 576 1018 opprimendis
623 968 713 1016 per
760 953 922 1000 onmia
967 958 1312 1017 prosperatus3
1360 950 1665 1016 grandaevus
1713 952 1924 1015 aegritu-

240 1027 352 1076 dine
393 1034 442 1094 et
481 1032 735 1075 senectute
776 1026 1040 1074 defunctus
1080 1031 1169 1091 est,
1207 1024 1332 1074 filios
1371 1027 1671 1090 imperantes
1710 1024 1924 1089 reliquit.

242 1099 336 1149 Sed
376 1114 553 1148 rursus
593 1115 655 1148 ne
680 1100 950 1164 imperator
990 1100 1252 1163 quisquam
1291 1098 1401 1148 ideo
1428 1098 1738 1148 Christianus
1779 1105 1925 1164 esset,

239 1181 295 1223 ut
342 1173 626 1222 felicitatem
666 1172 975 1222 Constantini
1022 1178 1323 1239 mereretur,
1371 1188 1485 1222 cum
1533 1179 1739 1237 propter
1777 1173 1925 1221 vitam

243 1254 491 1297 aeternam
516 1249 725 1311 quisque
759 1245 934 1295 debeat
974 1262 1082 1296 esse
1109 1245 1439 1297 Christianus:
1479 1246 1730 1296 Iovianum
1769 1245 1924 1295 multo

244 1323 388 1371 citius
429 1335 576 1384 quam
613 1320 855 1369 Iulianum
903 1319 1125 1385 abstulit,
1172 1319 1459 1370 Gratianum
1497 1321 1630 1369 ferro
1669 1321 1925 1385 tyrannico

240 1395 467 1459 permisit
523 1395 763 1458 interimi,
813 1394 955 1458 longe
1016 1394 1215 1458 quidem
1269 1396 1438 1444 mitius
1493 1409 1639 1459 quam
1692 1408 1926 1458 magnum

240 1467 529 1532 Pompeium
577 1466 820 1516 colentem
867 1467 1000 1516 velut
1037 1467 1283 1516 Romanos
1331 1468 1463 1517 deos
1540 1467 1663 1517 Nam
1701 1467 1781 1517 ille
1821 1469 1923 1516 vin·

242 1541 394 1590 dicari
449 1557 475 1589 a
530 1540 712 1590 Catone
767 1556 866 1590 non
915 1543 1098 1607 potuit,
1155 1557 1302 1605 quem
1349 1541 1502 1591 civilis
1549 1540 1666 1590 belli
1712 1540 1925 1606 quodam

241 1615 385 1664 modo
425 1614 659 1663 heredem
706 1614 996 1680 reliquerat3
1043 1617 1136 1664 iste
1177 1622 1363 1675 autem,
1412 1617 1633 1680 quamvis
1671 1617 1781 1680 piae
1821 1617 1922 1664 ani-

241 1703 347 1738 mae
400 1688 577 1737 solacia
627 1687 739 1737 talia
790 1703 889 1737 non
936 1690 1212 1756 requirant,
1259 1704 1285 1737 a
1325 1689 1603 1738 Theodosio
1650 1689 1923 1739 vindicatus

240 1769 330 1829 est,
369 1777 517 1826 quem
541 1763 682 1826 regni
705 1764 999 1827 participem
1031 1763 1231 1829 fecerat,
1271 1778 1384 1812 cum
1423 1762 1680 1828 parvulum
1719 1762 1923 1812 haberet

238 1836 455 1902 fratrem,
495 1835 679 1885 avidior
718 1835 839 1885 fidae
882 1837 1131 1885 societatis
1171 1852 1318 1900 quam
1357 1838 1532 1886 nimiae
1572 1838 1846 1902 potestatis

844 2063 845 2066 η
866 2022 1064 2078 CAPUT
1097 2023 1292 2078 XXVI.

526 2130 603 2178 De
638 2132 744 2189 fide
782 2138 831 2179 et
861 2133 1054 2193 pietate
1099 2131 1365 2181 Theodosii
1402 2131 1630 2193 Auqusti.

388 2230 526 2280 Unde
569 2239 617 2280 et
662 2232 743 2280 ille
791 2247 890 2281 non
930 2233 1089 2283 solum
1129 2236 1237 2283 vivo
1279 2235 1488 2283 servavit
1527 2249 1673 2298 quam
1713 2233 1922 2283 debebat

238 2305 409 2371 fidem,
463 2320 634 2354 verum
690 2307 837 2354 etiam
890 2313 1004 2370 post
1053 2309 1160 2356 eius
1208 2314 1418 2356 mortem
1466 2307 1665 2372 pulsum
1713 2307 1773 2356 ab
1813 2309 1919 2356 eius

237 2378 556 2428 interfectore
596 2378 802 2428 Maximo
843 2378 1235 2430 Valentinianum
1275 2383 1381 2430 eius
1418 2381 1678 2446 parvulum
1717 2381 1920 2430 fratrem

237 2454 289 2500 in
329 2453 406 2501 sui
444 2458 610 2517 partes
657 2454 851 2516 imperii
891 2459 1140 2519 tamquam
1181 2454 1489 2503 Christianus
1530 2455 1723 2519 excepit
1759 2454 1919 2519 pupil-

237 2525 353 2591 lum,
391 2531 596 2590 paterno
638 2525 902 2575 custodivit
940 2527 1132 2594 affectu,
1173 2543 1319 2592 quem
1359 2527 1651 2578 destitutum
1691 2527 1919 2578 omnibus

240 2598 415 2664 opibus
463 2598 597 2648 nullo
648 2601 845 2663 negotio
898 2607 1067 2664 posset
1114 2602 1331 2667 auferre,
1386 2603 1428 2650 si
1473 2601 1618 2651 latius
1681 2601 1919 2667 regnandi

239 2673 504 2737 cupiditate
530 2673 682 2737 magis
708 2687 854 2736 quam
878 2672 1217 2723 benefaciendi
1257 2676 1457 2724 caritate
1497 2675 1746 2740 flagraret3
1786 2675 1916 2724 unde

356 2849 411 2888 10
443 2845 739 2902 prosperatus
774 2843 833 2897 0‚·
863 2846 1160 2902 prosperatus
1194 2846 1265 2889 est
1295 2845 1466 2891 AKFv
1505 2847 1521 2902 ΙΙ
1559 2851 1615 2890 22
1649 2847 1697 2891 et
1726 2845 1916 2890 fratrem

236 2903 384 2946 AKF
402 2905 418 2960 ΙΙ
442 2909 496 2949 28
530 2917 640 2948 suae
670 2903 816 2960 partis
847 2903 1042 2961 imperio
1074 2904 1119 2947 A
