2020 3122
547 110 613 142 DE
638 109 876 142 CIVITATE
901 111 990 143 DEI
1014 111 1055 143 L.
1080 111 1125 142 x.
1150 111 1188 143 6.
1215 112 1268 143 11.
1649 99 1757 150 419

75 230 124 273 et
177 221 575 286 incorporalitate
631 221 698 270 dii
753 236 777 269 a
834 221 1153 271 daemonibus
1209 222 1603 288 distinguuntur,
1658 238 1755 287 quo

73 296 217 347 modo
259 295 376 343 deos
410 310 518 343 esse
561 294 939 344 existimandum
979 297 1042 344 sit
1083 295 1235 344 solem
1269 302 1317 344 et
1356 295 1523 344 lunam
1563 303 1611 345 et
1642 298 1754 346 visi-

72 369 187 420 bilia
220 374 383 418 cetera
422 369 473 416 in
507 367 654 433 caelo,
696 383 819 432 quae
860 383 1066 433 corpora
1102 384 1209 417 esse
1243 385 1342 418 non
1382 368 1591 436 dubitat3
1632 377 1680 419 et
1713 372 1755 419 si

73 442 141 492 dii
173 449 304 509 sunt,
338 457 434 506 quo
467 441 611 490 modo
645 441 725 490 alii
755 441 979 507 benefici,
1012 442 1092 490 alii
1123 442 1330 491 malefici
1363 458 1469 492 esse
1504 443 1754 510 dicantur3

72 523 121 566 et
167 531 264 581 quo
306 515 449 564 modo
497 514 911 582 incorporalibuS,
960 531 1072 564 cum
1113 517 1210 564 sint
1250 518 1500 582 corporei,
1550 519 1751 566 coniun-

71 596 260 656 gantur.
325 589 528 647 Quaerit
568 590 713 638 etiam
753 588 903 638 veluti
942 588 1195 655 dubitans,
1238 595 1405 638 utrum
1445 591 1494 638 in
1535 590 1752 640 divinan-

70 663 201 714 tibus
249 670 298 712 et
345 662 583 728 quaedam
623 665 747 711 mira
794 663 1086 712 facientibus
1126 665 1312 711 animae
1354 665 1453 711 sint
1499 666 1753 728 passiones

73 753 132 787 an
172 737 322 802 aliqui
361 739 565 802 spiritus
608 737 917 786 extrinsecus
957 739 1174 802 veniant,
1221 752 1310 801 per
1352 752 1475 801 quos
1515 737 1635 786 haec
1674 753 1751 786 va-

68 810 220 877 leant3
261 817 310 860 et
341 813 506 875 potius
540 812 707 859 venire
741 812 1050 860 extrinsecus
1083 812 1286 877 conicit,
1311 826 1384 866 veo
1421 810 1551 875 quod
1582 811 1751 876 lapidi-

69 883 160 934 bus
201 891 250 933 et
295 883 463 933 herbis
504 883 735 933 adhibitis
783 889 832 932 et
878 884 1076 949 alligent
1125 884 1384 949 quosdam,
1433 892 1481 934 et
1531 887 1752 949 aperiant

71 957 231 1007 clausa
272 960 415 1019 ostia,
466 957 540 1006 vel
591 958 772 1022 aliquid
815 959 920 1006 eius
960 959 1092 1007 modi
1132 958 1422 1007 mirabiliter
1468 966 1752 1024 operentur.

71 1031 207 1081 Unde
250 1032 368 1081 dicit
401 1031 519 1080 alios
552 1033 743 1096 opinari
777 1047 884 1080 esse
919 1032 1162 1096 quoddam
1194 1048 1366 1098 genUS,
1406 1034 1487 1081 cui
1520 1032 1750 1081 exaudire

61 1107 134 1155 'sit
164 1107 437 1172 proprium,
477 1111 651 1155 natura
684 1105 839 1171 fallax,
872 1106 1181 1172 omniforme,
1212 1105 1569 1167 multimodum,
1604 1107 1752 1154 simu-

68 1178 172 1228 lans
205 1179 323 1228 deos
358 1186 405 1228 et
437 1179 700 1228 daemones
733 1185 782 1228 et
814 1181 999 1229 animas
1033 1180 1395 1246 defunctorum,
1436 1187 1484 1229 et
1516 1180 1609 1228 hoc
1642 1195 1752 1228 esse

71 1252 201 1318 quod
233 1253 412 1301 efficiat
439 1253 559 1302 11366
593 1255 754 1302 61111113
783 1268 906 1318 (11136
929 1254 1158 1302 videntur
1186 1253 1313 1302 bona
1342 1268 1451 1302 esse
1481 1254 1556 1302 vel
1580 1268 1749 1319 prava3

71 1333 293 1376 ceterum
340 1328 469 1375 circa
518 1342 595 1393 ea,
651 1342 774 1392 quae
823 1342 936 1376 vere
984 1327 1113 1376 bona
1154 1335 1290 1393 sunt,
1345 1327 1466 1375 nihil
1505 1326 1750 1391 opitulari,

72 1402 219 1450 immo
253 1415 368 1449 vero
407 1402 501 1448 ista
532 1416 623 1449 nec
661 1415 828 1466 nosse,
870 1401 955 1449 sed
996 1407 1043 1450 et
1082 1400 1206 1450 male
1248 1400 1508 1450 conciliare
1550 1406 1600 1449 et
1637 1402 1754 1449 insi-

71 1474 256 1523 mulare
297 1481 442 1539 atque
482 1474 705 1539 inpedire
738 1489 1106 1539 nonnumquam
1140 1476 1336 1524 virtutis
1368 1474 1565 1524 sedulos
1598 1480 1752 1523 secta-

74 1553 221 1614 toreS,
263 1554 311 1597 et
341 1547 543 1612 plenum
576 1563 684 1597 esse
717 1549 1010 1597 temeritatis
1042 1555 1090 1597 et
1123 1549 1292 1614 fastUS,
1323 1547 1536 1612 gaudere
1570 1548 1751 1597 nidori-

69 1619 185 1687 hus,
233 1620 594 1671 adulationibus
642 1623 770 1687 capi,
817 1628 866 1670 et
914 1629 1100 1689 cetera,
1149 1637 1273 1687 quae
1320 1622 1379 1671 de
1428 1622 1521 1670 hoc
1568 1637 1749 1686 genere

69 1694 310 1745 fallacium
361 1695 786 1760 malignorumque
850 1698 1134 1763 spirituum,
1198 1698 1282 1760 qui
1336 1697 1646 1745 extrinsecus
1700 1697 1752 1743 in

69 1770 279 1818 animam
325 1771 528 1819 veniunt
581 1769 921 1834 humanosque
978 1785 1154 1819 sensus
1203 1771 1390 1834 sopitos
1436 1769 1750 1833 vigilantesve

69 1841 329 1909 deludunt,
377 1858 475 1892 non
515 1848 763 1907 tamquam
804 1842 897 1891 sibi
934 1858 1170 1908 persuasa
1210 1844 1487 1909 confirmat,
1528 1842 1613 1891 sed
1653 1849 1752 1891 tam

70 1918 286 1966 tenuiter
319 1919 598 1981 suspicatur
631 1923 714 1966 aut
754 1915 967 1981 dubitat,
1006 1925 1061 1966 ut
1101 1917 1220 1965 haec
1260 1916 1379 1965 alios
1420 1923 1604 1964 asserat
1647 1917 1750 1980 opi-

69 1992 187 2039 nari.
265 1989 471 2039 Difficile
514 1992 696 2055 quippe
744 1991 837 2039 fuit
876 1996 1010 2039 tanto
1050 1989 1342 2056 philosopho
1383 1996 1611 2039 cunctam
1652 1989 1748 2037 dia-

67 2062 274 2112 bolicam
323 2065 609 2113 societatem
648 2063 723 2112 vel
770 2079 916 2113 nosse
957 2064 1032 2113 vel
1078 2064 1287 2113 fidenter
1326 2079 1556 2130 arguere,
1604 2078 1750 2127 quam

71 2137 315 2202 quaelibet
356 2137 547 2186 anicula
587 2137 861 2186 Christiana
901 2153 992 2186 nec
1034 2144 1296 2187 cunctatur
1336 2131 1467 2204 esse,
1516 2143 1565 2186 et
1603 2136 1749 2185 liber-

70 2212 191 2260 rime
224 2211 510 2261 detestatur.
574 2211 678 2260 Nisi
710 2211 836 2260 forte
869 2213 962 2260 iste
996 2219 1044 2260 et
1075 2213 1253 2277 ipsum,
1292 2211 1351 2260 ad
1384 2226 1531 2275 quem
1563 2210 1752 2276 scribit,

67 2284 370 2334 Anebontem
443 2291 693 2350 tamquam
754 2284 923 2334 talium
986 2300 1240 2334 sacrorum
1300 2284 1750 2350 praeclarissimum

1787 896 1840 935 10

1784 1263 1837 1302 15

1785 1632 1840 1672 ’20

1783 1998 1838 2039 25

69 2360 335 2408 antistitem
376 2366 426 2407 et
464 2359 583 2408 alios
632 2358 801 2408 talium
841 2374 1046 2424 operum
1094 2366 1342 2423 tamquam
1381 2358 1658 2408 divinorum
1699 2363 1748 2406 et
1779 2367 1836 2406 30

68 2431 125 2480 ad
172 2432 289 2481 deos
337 2432 568 2482 colendos
616 2434 971 2498 pertinentium
1018 2433 1339 2483 admiratores
1386 2431 1748 2481 verecundatur

67 2505 328 2556 offendere.

216 2579 451 2644 Sequitur
490 2586 654 2629 tamen
695 2586 744 2629 et
784 2595 838 2629 ea
878 2580 1010 2629 velut
1049 2580 1342 2645 inquirendo
1383 2583 1746 2643 commemorat,

69 2667 190 2716 quae
239 2654 401 2702 sobrie
443 2653 750 2704 considerata
796 2653 948 2703 tribui
987 2669 1086 2703 uon
1132 2661 1342 2720 possunt
1381 2654 1476 2702 nisi
1522 2651 1746 2714 maIIgnis

68 2731 116 2774 et
169 2726 420 2776 fallacibus
474 2727 816 2792 potestatibus.
910 2727 1113 2785 Quaerit
1167 2729 1297 2776 enim
1352 2741 1442 2775 cur
1495 2732 1743 2788 tamquam
1776 2732 1833 2774 35

68 2799 351 2850 melioribus
390 2803 627 2849 invocatis
668 2803 807 2865 quasi
845 2801 1097 2866 peioribus
1137 2803 1431 2865 imperetur,
1471 2806 1526 2848 ut
1564 2799 1745 2846 iniusta

1297 2897 1388 2940 27*
