2038 3152
581 165 648 196 DE
673 163 914 197 CIVITATE
938 165 1026 197 DEI
1050 166 1091 197 L.
1116 166 1146 198 1.
1172 166 1208 198 c.
1233 168 1286 200 30.
1701 157 1771 207 47

93 280 207 345 criS,
246 292 359 326 cum
398 278 472 325 vir
504 278 719 341 optimus
758 282 1098 343 quaereretur,
1140 280 1399 327 universus
1439 286 1639 328 senatus
1678 280 1773 328 ele-

91 354 173 418 git,
213 352 355 400 cuius
394 365 449 399 os
488 351 696 398 fortasse
735 363 836 398 non
876 349 1124 399 auderetis
1163 353 1406 419 aspicere,
1444 354 1549 416 ipse
1589 368 1674 400 vos
1713 352 1773 401 ab

89 425 180 474 hac
220 423 509 489 inpudentia
541 422 808 472 cohiberet.
886 422 986 472 Cur
1026 425 1157 472 enim
1196 424 1378 473 adflicti
1416 424 1566 474 rebus
1606 425 1773 474 adver-

92 501 159 548 sis
199 498 259 547 de
299 496 606 563 temporibus
638 497 905 560 querimini
930 495 1236 564 Christianis,
1277 500 1371 547 nisi
1412 500 1524 562 quia
1563 505 1775 547 vestram

90 572 334 622 luxuriam
374 572 553 636 cupitis
592 569 775 619 habere
815 585 1041 619 securam
1081 579 1130 620 et
1167 571 1514 635 perditissimis
1553 571 1774 621 moribus

90 652 278 696 remota
302 647 436 694 omni
467 644 804 694 molestiarum
829 645 1092 709 asperitate
1133 641 1395 694 diffluere?
1433 644 1603 710 Neque
1644 647 1775 694 enim

88 725 351 785 propterea
392 719 571 784 cupitis
609 716 792 767 habere
830 733 1003 782 pacem
1042 724 1092 767 et
1130 719 1264 767 omni
1301 733 1482 782 genere
1524 720 1776 783 copiarum

90 793 362 854 abundare,
402 799 459 842 ut
496 792 573 841 his
611 790 755 840 bonis
792 791 1001 841 honeste
1041 793 1269 859 utamini,
1307 792 1401 841 hoc
1441 798 1516 841 est
1554 791 1775 840 modeste

92 866 271 932 sobrie,
309 871 646 932 temperanter
668 866 765 933 pie,
806 865 890 914 sed
915 871 972 916 ut
995 865 1184 915 infinita
1221 867 1432 915 varietas
1471 865 1775 930 voluptatum

89 942 276 990 insanis
302 939 623 990 effusionibus
656 941 960 1006 exquiratur,
998 940 1328 1004 secundisque
1368 939 1518 988 rebus
1559 954 1615 988 ea
1653 938 1777 987 mala

91 1016 314 1064 oriantur
338 1016 390 1063 in
413 1012 651 1079 moribUS,
683 1028 807 1077 quae
842 1012 1170 1062 saevientibus
1201 1015 1370 1078 peiora
1407 1015 1505 1062 sint
1535 1011 1776 1062 hostibus

91 1088 154 1138 At
190 1087 272 1137 1116
314 1087 479 1153 Scipio
518 1087 740 1152 pontifex
779 1089 1019 1136 maximus
1058 1094 1244 1154 vester,
1282 1086 1363 1136 ille
1403 1087 1584 1136 iudicio
1624 1087 1776 1136 totius

92 1168 292 1211 senatus
349 1163 424 1210 vir
483 1162 699 1225 optimus
711 1200 726 1227 ,
779 1162 923 1209 istam
976 1160 1114 1210 vobis
1167 1166 1394 1209 metuens
1452 1159 1778 1209 calamitatem

91 1234 288 1285 nolebat
326 1234 567 1284 aemulam
612 1239 731 1283 tunc
778 1236 974 1298 imperii
1011 1233 1218 1283 Romani
1257 1232 1600 1298 Carthaginem
1647 1233 1778 1282 dirui

93 1315 142 1359 et
180 1308 467 1358 decernenti
515 1313 573 1357 ut
618 1306 903 1357 dirueretur
950 1306 1318 1356 contradicebat
1357 1306 1549 1373 Catoni,
1596 1309 1776 1355 timens

91 1383 300 1432 infirmis
347 1383 521 1432 animis
573 1380 768 1431 hostem
823 1383 1141 1430 securitatem
1187 1388 1237 1430 et
1282 1388 1530 1445 tamquam
1579 1379 1778 1445 pupillis

92 1455 280 1506 civibus
326 1455 559 1505 idoneum
605 1461 821 1505 tutorem
867 1456 1201 1504 necessarium
1247 1454 1419 1504 videns
1466 1469 1574 1503 esse
1620 1460 1777 1503 terro·

93 1545 212 1580 rem.
289 1529 391 1579 Nec
448 1545 560 1579 eum
609 1530 854 1578 sententia
900 1527 1094 1578 fefellit:
1148 1544 1202 1577 re
1250 1530 1356 1593 ipsa
1401 1527 1663 1594 probatum
1703 1534 1779 1577 est

93 1619 240 1669 quam
292 1619 465 1653 verum
518 1603 720 1652 diceret.
797 1602 966 1652 Deleta
1019 1604 1200 1668 quippe
1256 1601 1547 1667 Carthagine
1602 1616 1776 1666 magno

93 1677 282 1727 scilicet
318 1684 511 1727 terrore
550 1676 796 1726 Romanae
843 1678 918 1725 rei
955 1675 1180 1741 publicae
1227 1675 1432 1740 depulso
1473 1683 1524 1724 et
1562 1677 1778 1725 extincto

93 1757 226 1801 tanta
273 1751 332 1800 de
388 1750 538 1800 rebus
591 1752 845 1816 prosperis
900 1757 1008 1799 orta
1060 1749 1185 1798 mala
1233 1751 1466 1799 continuo
1515 1748 1779 1798 subsecuta

93 1832 225 1892 sunt,
262 1831 319 1875 ut
350 1832 586 1890 corrupta
632 1825 951 1889 disruptaque
993 1824 1255 1873 concordia
1292 1825 1432 1888 prius
1472 1824 1628 1872 saevis
1667 1837 1777 1871 cru·

95 1900 321 1964 entisque
384 1897 708 1948 seditionibus
719 1937 734 1964 ,
795 1897 971 1946 deinde
1035 1912 1147 1946 mox
1209 1897 1445 1946 malarum
1508 1897 1777 1945 conexione

95 1987 354 2022 causarum
399 1971 540 2021 bellis
587 1973 734 2021 etiam
781 1970 1004 2020 civilibus
1050 1977 1212 2020 tantae
1260 1978 1448 2036 strages
1496 1969 1777 2035 ederentur,

94 2053 260 2095 tantus
309 2047 508 2110 sanguis
555 2045 916 2111 effunderetur,
963 2050 1097 2094 tanta
1145 2044 1411 2110 cupiditate
1458 2044 1776 2109 proscriptio-

94 2135 215 2169 num
253 2135 309 2172 ac
347 2121 630 2184 rapinarum
663 2119 878 2168 ferveret
915 2119 1193 2184 inmanitaS,
1230 2125 1286 2167 ut
1325 2117 1532 2166 Romani
1570 2116 1654 2183 illi,
1694 2118 1779 2181 qui

93 2195 190 2243 vita
228 2195 498 2258 integriore
544 2192 668 2242 mala
707 2191 993 2242 metuebant
1031 2192 1090 2241 ab
1129 2191 1378 2258 hostibUS,
1424 2191 1616 2257 perdita
1654 2191 1776 2239 inte-

95 2269 273 2332 gritate
320 2268 446 2316 vitae
494 2265 772 2316 crudeliora
816 2272 1107 2331 paterentur
1153 2281 1179 2315 a
1218 2265 1430 2332 civibus3
1481 2279 1633 2330 eaque
1673 2265 1778 2327 ipsa

94 2339 244 2390 libido
295 2340 603 2407 dominandi,
656 2355 779 2404 quac
837 2341 968 2389 inter
1019 2339 1111 2388 alia
1160 2341 1276 2388 vitia
1329 2340 1524 2404 generis
1578 2336 1779 2388 humani

1810 945 1864 985 10

1809 1316 1863 1356 15

1810 1686 1866 1726 20

1809 2053 1865 2093 25

97 2415 337 2464 meracior
375 2416 535 2464 inerat
566 2416 798 2463 universo
837 2412 1019 2479 populo
1059 2412 1294 2479 Romano,
1330 2419 1502 2478 postea
1541 2426 1686 2476 quam
1725 2410 1776 2457 in
1807 2420 1864 2460 30

95 2489 265 2552 paucis
318 2487 683 2553 potentioribus
737 2488 879 2554 vicit,
942 2485 1151 2536 obtritos
1207 2487 1529 2551 fatigatosque
1585 2490 1777 2534 ceteros

97 2562 244 2610 etiam
281 2563 395 2626 iugo
436 2563 687 2611 servitutis
726 2562 987 2626 oppressit.

215 2736 270 2776 31
304 2732 491 2777 obrutos
522 2734 567 2776 A
