2020 3122
514 159 581 190 DE
605 157 843 191 CIVITATE
867 158 955 190 DEI
979 158 1022 191 L.
1048 159 1118 190 111.
1145 133 1259 193 cs1c.
1284 162 1337 194 17.
1676 151 1777 202 121

99 271 332 336 collegam
378 272 564 336 primae
613 285 668 319 ac
715 285 867 318 novae
915 269 1046 318 illius
1084 274 1366 337 potestatis,
1414 287 1561 337 quem
1598 283 1781 341 posset,

99 348 140 396 si
177 345 272 394 hoc
311 343 666 409 offendebatur,
706 345 905 392 nomine
930 349 1122 392 tantum
1153 347 1362 412 privare,
1402 354 1451 395 et
1488 348 1645 410 patria
1681 350 1778 411 pri·

97 421 224 468 vavit
263 426 312 468 et
350 416 560 467 bonore!
605 416 738 466 Haec
788 417 913 466 mala
952 416 1080 466 facta
1119 425 1257 484 sunt,
1303 419 1423 468 haec
1463 420 1664 468 adversa
1704 436 1779 470 ac-

97 492 340 559 ciderunt,
380 492 574 556 quando
599 493 651 539 in
674 490 755 539 illa
779 506 834 539 re
858 488 1055 555 publica
1090 506 1279 558 „aequo
1320 500 1370 541 et
1407 493 1631 542 modesto
1670 496 1778 543 iure

96 569 330 631 agitatum
387 561 507 614 est.“
590 563 852 614 Lucretius
900 578 1123 630 quoque,
1178 567 1264 629 qui
1316 567 1367 614 in
1421 565 1584 615 locum'
1637 566 1779 617 Bruti
1811 575 1837 614 5

95 641 257 690 fuerat
296 638 613 704 subrogatus,
652 637 841 703 morbo,
881 643 1143 702 antequam
1182 639 1314 687 idem
1354 654 1511 687 annus
1550 643 1780 690 termina·

95 722 260 780 retur,
315 712 606 777 absumptus
659 719 748 761 est.
824 711 896 761 Ita
949 711 1001 760 P.
1041 711 1263 761 Valerius
1275 752 1289 778 ,
1344 714 1430 776 qui
1476 721 1783 763 successerat

98 787 352 848 CollatinO,
393 794 442 836 et
479 786 540 835 M.
580 785 840 850 Horatius,
869 788 966 850 >qui
1004 801 1094 850 pro
1135 785 1369 835 defuncto
1409 785 1642 835 Lucretio
1683 788 1780 835 suf-

96 862 257 910 fectus
312 861 499 927 fuerat,
555 875 737 909 annum
790 859 930 908 illum
983 860 1247 909 funereum
1300 867 1448 924 atque
1494 866 1781 926 tartareum,

96 937 181 999 qui
228 934 456 983 consules
512 935 731 998 quinque
786 933 982 1000 habuit,
1044 934 1444 1000 compleverunt,
1506 948 1603 997 quo
1655 949 1781 982 anno
1815 941 1870 981 10

96 1007 380 1057 consulatus
418 1009 575 1072 ipsius
605 1023 787 1056 novum
825 1007 1067 1055 honorem
1106 1022 1161 1056 ac
1200 1014 1496 1072 potestatem
1536 1010 1783 1072 auspicata

98 1090 172 1131 est
210 1081 428 1130 Romana
467 1096 548 1130 res
586 1080 796 1146 publica.

735 1281 933 1336 CAPUT
965 1283 1138 1336 XVII.

96 1391 217 1440 Post
253 1393 400 1439 initia
440 1392 724 1440 consularis
764 1392 967 1452 imperii
1002 1391 1182 1450 quibus
1220 1391 1364 1438 malis
1403 1395 1589 1438 vexata
1623 1387 1786 1450 fuerit

199 1464 434 1514 Romana
473 1479 556 1513 res
589 1466 819 1527 publica,
868 1465 965 1513 diis
1004 1478 1102 1513 non
1144 1464 1524 1526 opitulantibu8‚
1565 1477 1687 1523 quos
1817 1470 1871 1510 15

834 1538 1042 1588 colebat.

244 1641 384 1690 Tunc
422 1643 519 1690 iam
565 1641 818 1690 deminuto
867 1640 1122 1706 paululum
1162 1647 1321 1707 metu,
1367 1655 1467 1689 non
1508 1642 1621 1704 quia
1658 1639 1785 1689 bella

98 1716 496 1781 conquieverant,
537 1714 623 1763 sed
665 1717 778 1779 quia
817 1730 916 1763 non
957 1722 1056 1763 tam
1094 1716 1229 1779 gravi
1266 1714 1486 1779 pondere
1527 1713 1783 1778 urgebant,

94 1789 234 1837 finito
275 1787 463 1838 scilicet
502 1795 750 1855 tempore,
801 1804 898 1852 quo
939 1803 1095 1852 aequo
1137 1794 1186 1837 et
1225 1788 1447 1836 modesto
1486 1789 1595 1836 iure
1636 1789 1782 1851 agita-

96 1870 202 1912 tum
255 1870 352 1928 est,
403 1869 574 1911 secuta
625 1869 740 1911 sunt
792 1877 916 1926 quae
957 1862 1087 1910 idem
1129 1861 1391 1910 Sallustius
1446 1860 1662 1909 breviter
1702 1876 1781 1909 ex·
1814 1869 1870 1909 20

95 1935 263 2000 plicat:
309 1935 465 2001 „Dein
511 1935 677 1984 servili
722 1937 930 2000 imperio
977 1942 1144 1999 patres
1191 1934 1386 1999 plebem
1426 1949 1683 2000 exercere,
1722 1935 1781 1983 de

96 2011 192 2058 vita
238 2016 385 2073 atque
432 2016 572 2073 tergo
620 2011 756 2073 regio
805 2024 941 2058 more
994 2008 1277 2075 consulere,
1331 2023 1448 2073 agro
1499 2007 1683 2072 pellere
1735 2014 1785 2056 et

98 2085 278 2132 ceteris
318 2081 605 2147 expertibus
631 2082 722 2131 soli
761 2084 813 2131 in
852 2084 1060 2147 imperio
1101 2097 1260 2147 agere.
1339 2080 1529 2139 Quibus
1569 2083 1783 2130 saevitiis

39 2167 42 2170 ’
98 2164 147 2205 et
193 2158 400 2205 maxime
455 2157 655 2205 faenore
711 2171 947 2221 oppressa
995 2155 1186 2223 plebeS,
1241 2170 1355 2205 cum
1394 2154 1603 2204 assiduis
1641 2154 1783 2203 hellis

98 2228 341 2279 tributum
381 2237 430 2279 et
467 2229 691 2279 militiam
743 2229 889 2278 simul
927 2229 1184 2296 toleraret,
1230 2235 1415 2278 armata
1452 2235 1671 2277 montem
1709 2243 1781 2276 sa·
1814 2237 1869 2276 25

49 2315 57 2320 ·
99 2317 238 2352 crum
279 2310 424 2368 atque
456 2304 753 2352 Aventinum
791 2303 988 2370 insedit,
1027 2310 1231 2368 tumque
1272 2302 1499 2352 tribunos
1537 2300 1695 2366 plebis
1735 2308 1783 2349 et

102 2375 192 2425 alia
230 2378 340 2426 iura
379 2376 473 2426 sibi
511 2379 712 2442 paravit.
790 2376 1159 2426 Discordiarum
1199 2384 1248 2426 et
1287 2376 1570 2425 certaminis
1609 2376 1781 2423 utrim-

84 2456 194 2514 'que
267 2451 378 2499 finis
451 2451 546 2499 fuit
619 2450 893 2499 secundum
973 2449 1158 2499 bellurn
1230 2449 1486 2499 Punicum.
1505 2443 1535 2470 “
1650 2446 1778 2504 Quid

98 2523 262 2587 itaque
311 2539 400 2588 ego
447 2531 608 2573 tantas
659 2539 821 2573 moras
860 2523 936 2573 vel
977 2523 1200 2572 scribens
1239 2525 1418 2588 patiar,
1464 2521 1540 2569 vel
1578 2519 1780 2568 lecturis

218 2666 292 2721 20)
325 2665 445 2709 nist.
476 2666 512 2711 1.

101 2831 275 2927 AKFIJ
322 2826 550 2894 diminuto
597 2841 623 2872 υ
669 2830 725 2882 (c.
758 2831 848 2882 27,·
888 2827 916 2870 Ζ.
949 2830 1016 2872 22
1050 2839 1084 2870 c.
1118 2829 1176 2869 19
1208 2823 1341 2879 med.)
1386 2825 1400 2878 fl
1447 2826 1500 2864 27
1547 2821 1650 2863 iura
1693 2819 1780 2862 sibi

251 2901 269 2938 ;
301 2899 334 2929 s.
365 2899 395 2931 1.
427 2899 455 2930 v
