2020 3122
133 1079 186 1118 10

132 1476 184 1515 15

129 1844 185 1884 20

127 2582 183 2622 30

224 148 328 200 126
907 158 941 191 s,
966 158 1241 192 AUGcsTm1

219 272 447 322 humanis
496 272 665 321 saltem
714 271 888 321 usibus
935 268 1208 320 vindicari?
1266 270 1387 320 Nam
1439 286 1562 335 quae
1613 278 1732 320 tunc
1772 270 1908 322 velut

221 347 279 395 ad
327 345 591 396 sedandam
636 345 966 410 pestilentiam
1012 345 1275 410 diligenter
1321 347 1530 410 repetita
1578 351 1724 410 atque
1764 360 1905 410 repa-

219 427 346 487 rata,
402 422 496 468 nisi
549 426 720 485 postea
775 419 948 468 eodem
1002 419 1148 468 modo
1195 419 1417 483 neglecta
1467 425 1613 482 atque
1668 425 1906 483 usurpata

219 494 483 560 latitarent,
523 509 622 542 non
655 496 828 557 utique
853 509 1055 557 magnae
1081 495 1285 558 peritiae
1311 492 1544 541 Varronis
1583 492 1906 559 tribueretur,

220 568 351 632 quod
392 567 615 617 scribens
656 567 715 616 de
748 566 950 616 aedibus
991 569 1144 616 sacris
1183 574 1282 616 tam
1322 566 1474 615 multa
1513 568 1735 630 ignorata
1773 581 1903 614 com-

219 648 475 691 memorat.
575 640 670 690 Sed
733 647 851 690 tunc
912 643 1112 690 interim
1176 640 1371 704 elegans
1434 655 1533 688 non
1594 639 1904 704 pestilentiae

220 715 459 782 depulsiO,
497 715 583 764 sed
624 715 830 764 deorum
871 717 1121 763 excusatio
1159 721 1421 779 procurata
1461 721 1550 762 est.

852 886 1049 939 CAPUT
1081 885 1284 939 XVIII.

278 996 510 1054 Quantae
549 996 721 1043 clades
760 994 1017 1043 Romanos
1054 995 1147 1042 sub
1188 994 1327 1043 bellis
1367 994 1577 1043 Punicis
1617 995 1852 1044 triverint

531 1066 735 1129 frustra
775 1069 984 1117 deorum
1013 1069 1295 1130 praesidiis
1335 1069 1581 1129 εκρετῖίὶε.

365 1171 466 1219 Iam
517 1185 633 1219 vero
681 1170 882 1219 Punicis
930 1169 1099 1237 bellis,
1148 1186 1261 1220 cum
1311 1171 1443 1220 inter
1496 1177 1763 1235 utrumque
1815 1172 1903 1219 im-

217 1247 411 1310 perium
450 1245 653 1294 victoria
677 1244 761 1293 diu
801 1259 982 1309 anceps
1022 1250 1168 1309 atque
1207 1247 1397 1293 incerta
1433 1243 1675 1309 penderet
1713 1243 1903 1309 populi-

218 1335 314 1383 que
362 1319 458 1367 duo
505 1317 771 1383 praevalidi
817 1320 1032 1383 impetus
1078 1320 1130 1367 in
1177 1318 1470 1368 alterutrum
1517 1307 1903 1367 fortissimos'et

218 1392 617 1458 opulentissimos
644 1399 861 1458 agerent,
901 1398 1021 1456 quot
1043 1394 1310 1442 minutiora
1333 1407 1486 1457 regna
1510 1393 1722 1441 contrita
1761 1391 1901 1442 sunt!

219 1482 342 1531 quae
381 1465 534 1515 urbes
559 1466 744 1530 amplae
770 1465 1061 1530 nobilesque
1102 1466 1305 1533 deletae,
1346 1472 1466 1530 quot
1505 1465 1743 1532 adflictae,
1782 1473 1904 1530 quot

215 1540 437 1606 perditae
463 1538 705 1589 civitates!
747 1539 905 1597 Quam
928 1540 1071 1604 longe
1103 1539 1298 1604 lateque
1338 1547 1411 1589 tot
1451 1541 1678 1604 regiones
1718 1545 1903 1588 terrae-

217 1630 312 1679 que
338 1620 551 1663 vastatae
585 1612 721 1662 sunt!
763 1613 1002 1671 Quotiens
1026 1615 1143 1663 victi
1173 1614 1290 1662 hinc
1322 1619 1468 1678 atque
1507 1613 1622 1662 inde
1663 1612 1901 1668 victores!

218 1688 347 1746 Quid
393 1688 648 1737 hominum
695 1694 1044 1752 consumptum
1091 1694 1168 1737 est
1213 1687 1288 1736 vel
1327 1689 1652 1752 pugnantium
1691 1686 1903 1736 militum

215 1762 292 1811 vel
339 1761 398 1811 ab
454 1763 603 1810 armis
652 1764 928 1810 vacantium
968 1759 1290 1826 populorum!
1344 1761 1534 1818 Quanta
1583 1762 1655 1809 vis
1706 1762 1903 1810 navium

219 1838 420 1884 marinis
469 1837 616 1884 etiam
662 1835 864 1900 proeliis
911 1851 1148 1900 oppressa
1195 1842 1244 1884 et
1295 1835 1601 1883 diversarum
1640 1840 1922 1898 tempesta-⁴

216 1918 322 1959 tum
353 1911 585 1958 varietate
619 1908 875 1958 submersa
908 1908 1003 1958 est!
1053 1909 1105 1957 Si
1138 1924 1368 1958 enarrare
1401 1908 1476 1957 vel
1516 1923 1903 1957 commemorare

217 1998 475 2048 conemur,
524 1982 643 2031 nihil
695 1982 824 2031 aliud
874 1999 1020 2047 quam
1067 1985 1337 2047 scriptores
1385 1984 1532 2031 etiam
1579 1997 1669 2030 nos
1717 1983 1902 2031 erimus

215 2057 464 2105 historiae.
541 2055 681 2105 Tunc
730 2071 904 2120 magno
957 2063 1093 2105 metu
1138 2055 1427 2121 perturbata
1466 2055 1684 2104 Romana
1731 2057 1902 2104 civitas

217 2130 275 2178 ad
315 2129 531 2178 remedia
569 2144 690 2178 vana
730 2136 779 2178 et
817 2130 1022 2178 ridenda
1062 2129 1306 2179 currebat.
1383 2129 1648 2178 Instaurati
1687 2136 1803 2177 sunt
1842 2144 1902 2178 ex

217 2205 508 2253 auctoritate
547 2202 788 2251 librorum
823 2201 1174 2268 Sibyllinorum
1213 2203 1316 2252 ludi
1357 2202 1649 2267 saeculareS‚
1689 2217 1901 2266 quorum

217 2276 477 2326 celebritas
515 2278 646 2324 inter
679 2283 878 2325 centum
918 2291 1071 2324 annos
1111 2277 1272 2325 fuerat
1310 2278 1535 2325 instituta
1575 2274 1900 2324 felicioribus-

216 2366 311 2416 que
345 2349 650 2415 temporibus
691 2351 926 2398 memoria
965 2349 1254 2414 neglegente
1293 2351 1522 2414 perierat.
1584 2348 1902 2398 Renovarunt

216 2426 363 2474 etiam
401 2423 659 2489 pontifices
699 2423 841 2472 ludos
881 2438 1047 2472 sacros
1093 2424 1267 2471 inferis
1307 2430 1357 2472 et
1395 2425 1529 2488 ipsos
1569 2422 1776 2471 abolitos
1817 2424 1899 2471 anss
1937 2485 1942 2489 Π

215 2500 292 2547 nis
316 2504 593 2547 retrorsum
616 2496 916 2546 melioribus,
993 2496 1236 2546 Nimirum
1268 2498 1414 2563 enim,
1454 2496 1647 2560 quando
1681 2497 1900 2545 renovati

217 2578 347 2639 sunt,
386 2578 522 2621 tanta
561 2573 701 2636 copia
738 2572 1058 2619 morientium
1097 2570 1276 2619 ditatos
1314 2570 1501 2619 inferos
1543 2571 1689 2618 etiam
1727 2569 1899 2618 ludere

216 2645 505 2712 delectabat,
544 2660 657 2694 cum
693 2645 916 2710 profecto
949 2646 1118 2693 miseri
1157 2644 1382 2692 homines
1420 2645 1526 2708 ipsa
1565 2642 1734 2692 rabida
1773 2642 1899 2691 bella

217 2727 266 2769 et
305 2726 536 2774 cruentas
585 2720 919 2768 animositates
967 2719 1295 2782 funereasque
1335 2718 1451 2766 hinc
1492 2723 1637 2781 atque
1677 2716 1791 2766 inde
1830 2718 1898 2764 vi-

336 2896 361 2935 5
393 2891 775 2936 commemoraret
803 2891 850 2935 A
