2020 3122
235 154 344 207 534
926 163 962 196 s,
988 162 1262 196 Auo-usum

236 279 418 344 sentis,
469 271 749 339 intellegis?
803 274 1158 339 numquidnam
1206 274 1584 338 existimandum
1631 280 1707 323 est
1754 273 1918 324 subito

235 351 335 400 Deo
375 350 617 416 placuisse
657 349 904 397 hominem
947 349 1132 415 facere,
1172 363 1320 413 quem
1358 363 1624 412 numquam
1665 354 1808 397 antea
1844 349 1918 396 in-

235 425 371 474 finita
420 430 555 473 retro
603 423 892 472 aeternitate
944 423 1172 488 fecisset,
1228 424 1307 471 eui
1362 421 1483 470 nihil
1533 423 1646 470 novi
1697 422 1919 471 accidere

168 515 178 523 ⁴
235 504 420 564 potest,
465 499 515 546 in
569 512 665 562 quo
716 495 949 545 mutabile
990 495 1170 560 aliquid
1220 511 1318 544 non
1365 489 1508 543 est?“
1561 497 1796 544 continuo
1844 510 1920 544 re-

179 582 203 620 5
237 571 435 636 spondit
482 570 541 619 ad
587 573 751 636 ipsum
791 570 945 619 Deum
993 569 1223 634 loquens:
1270 570 1560 618 Secundum
1607 571 1922 618 altitudinem

236 652 373 694 tuam
398 647 744 708 multiplicasti
762 647 894 704 filios
919 646 1184 693 hominum.
1235 641 1474 708 Sentiant,
1498 643 1673 709 inquit,
1696 642 1921 692 homines

235 718 368 783 quod
415 725 612 785 putant,
663 725 712 767 et
760 718 890 782 quod
939 719 1011 765 eis
1056 716 1216 781 placet
1255 718 1521 781 opinentur
1560 722 1609 765 et
1648 717 1922 781 disputent:

236 794 526 842 Secundum
573 793 890 841 altitudinem
938 797 1095 851 tuam,
1152 804 1300 854 quam
1347 789 1513 839 nullus
1561 796 1725 854 potest
1775 806 1920 839 nosse

236 866 521 932 hominum,
582 867 928 927 multiplicasti
982 867 1115 923 filios
1175 866 1441 913 hominum.
1530 862 1678 912 Valde
1741 866 1921 929 quippe

151 948 206 989 10
238 939 391 989 altum
429 947 504 988 est
543 945 593 989 et
631 953 828 1003 semper
866 938 1035 1004 fuisse,
1075 943 1124 986 et
1162 937 1428 1003 hominem,
1469 952 1617 1001 quem
1655 953 1921 1002 numquam

239 1013 445 1080 fecerat,
493 1028 551 1061 ex
600 1012 762 1077 aliquo
809 1018 1031 1076 tempore
1079 1012 1294 1075 primum
1346 1011 1507 1060 facere
1547 1010 1783 1078 voluisse,
1833 1027 1923 1061 nec

238 1086 497 1136 eonsilium
536 1085 937 1150 voluntatemque
978 1091 1211 1134 mutasse.

889 1287 1082 1342 CAPUT
1121 1287 1267 1341 XVI.

238 1396 317 1444 An
372 1401 429 1445 ut
475 1396 612 1444 Deus
659 1409 855 1457 semper
909 1398 1059 1444 etiam
1107 1397 1337 1443 dominus
1378 1392 1540 1455 fuisse
1588 1396 1923 1455 intelleqatur,

151 1478 206 1517 15
239 1471 549 1519 credendum
594 1472 662 1518 sit
701 1474 996 1518 creaturam
1036 1483 1233 1530 quoque
1271 1482 1543 1528 numquam
1582 1466 1803 1528 defuisse
1841 1471 1929 1517 eui

315 1545 689 1605 dominaretur,
737 1549 786 1591 et
823 1557 919 1603 quo
959 1545 1103 1591 modo
1143 1544 1351 1590 dicatur
1388 1555 1584 1603 semper
1623 1548 1852 1590 creatum

589 1618 726 1677 quod
763 1618 869 1665 dici
905 1631 1005 1665 non
1038 1621 1202 1678 potest
1241 1620 1578 1664 coaeternum.

388 1716 492 1782 Ego
540 1718 740 1782 quidem
788 1720 915 1767 sicut
955 1718 1217 1767 Dominum
1257 1717 1413 1766 Deum
1461 1717 1720 1782 aliquando
1772 1717 1924 1766 domi-

241 1806 359 1840 num
392 1806 491 1840 non
524 1792 677 1841 fuisse
709 1792 874 1841 dicere
915 1807 1013 1840 non
1054 1792 1225 1857 aude0,
1264 1792 1332 1839 ita
1371 1791 1620 1839 hominem
1658 1806 1926 1854 numquam

153 1875 209 1915 20
241 1873 383 1914 antea
438 1866 590 1914 fuisse
642 1873 692 1915 et
742 1881 802 1914 ex
865 1866 1076 1930 quodam
1130 1871 1354 1929 tempore
1408 1867 1624 1929 primum
1678 1865 1924 1914 hominem

247 1945 470 1988 creatum
502 1954 609 1988 esse
643 1939 867 1988 dubitare
908 1955 1006 1988 non
1046 1937 1217 1987 debeo.
1296 1937 1391 1986 Sed
1432 1953 1545 1987 cum
1584 1939 1745 2002 cogito
1785 1939 1928 1987 euius

247 2014 323 2060 rei
371 2013 599 2062 dominus
646 2028 842 2078 semper
882 2014 1053 2077 fuerit,
1101 2014 1143 2060 si
1183 2027 1379 2076 semper
1419 2018 1644 2060 ereatura
1683 2027 1782 2060 non
1821 2012 1929 2077 fuit,

249 2086 506 2134 adfirmare
554 2086 735 2151 aliquid
789 2089 1109 2151 pertimeSCO,
1159 2087 1273 2149 quia
1320 2091 1370 2133 et
1414 2100 1491 2133 me
1531 2087 1695 2149 ipsum
1733 2087 1930 2134 intueor

250 2165 300 2208 et
339 2161 578 2223 scriptum
610 2175 719 2208 esse
759 2160 947 2210 recolo:
995 2162 1115 2218 Quis
1154 2161 1406 2208 hominum
1437 2165 1603 2220 potest
1637 2161 1773 2207 scire
1812 2174 1926 2207 con·

154 2242 211 2282 25
244 2234 409 2281 silium
441 2234 550 2293 Dei,
592 2240 681 2282 aut
711 2237 823 2294 quis
848 2237 1039 2296 poterit
1077 2235 1306 2294 coqitare
1345 2235 1471 2293 quid
1507 2235 1625 2281 velit
1647 2233 1926 2281 Dominus?

249 2307 587 2367 Coqitationes
634 2310 764 2355 enim
817 2310 1104 2356 mortalium
1159 2308 1365 2354 timidae
1411 2312 1460 2354 et
1505 2309 1736 2354 incertae
1782 2308 1925 2354 adin.-

242 2382 495 2428 ventiones
549 2386 766 2429 nostrae.
851 2381 1191 2442 Corruptibile
1244 2382 1375 2428 enim
1430 2394 1614 2441 corpus
1672 2381 1928 2439 adqravat

243 2456 487 2512 animam,
543 2458 593 2502 et
637 2456 875 2515 deprimit
919 2460 1126 2502 terrena
1183 2454 1482 2501 inhabitatio
1527 2467 1726 2501 sensum
1772 2455 1928 2500 multa

244 2529 560 2587 coyitantem.
637 2525 711 2574 Ex
749 2527 826 2575 his
865 2528 1030 2592 igitur,
1071 2541 1194 2590 quae
1233 2527 1284 2574 in
1323 2525 1414 2575 hae
1453 2532 1651 2574 terrena
1688 2524 1927 2573 inhabita-

365 2654 437 2707 29)
470 2652 577 2709 Sap.
611 2659 651 2708 9,
686 2658 739 2697 13
773 2667 872 2709 sqq.

369 2834 421 2872 10
453 2828 595 2873 fuisse
626 2842 741 2881 mss;
772 2828 921 2872 Deum
950 2827 1092 2872 fuisse
1125 2841 1150 2872 v
1190 2829 1206 2883 ΙΙ
1247 2832 1297 2871 11
1333 2841 1389 2871 ex
1421 2841 1510 2883 quo
1551 2827 1596 2871 V
1636 2829 1651 2884 u
1700 2832 1754 2871 14
1784 2826 1925 2870 fuisse

248 2901 428 2944 semper
458 2887 759 2945 intellegatur
788 2901 814 2931 v
