2020 3122
583 150 648 181 m:
674 150 912 182 cwmA'rE
938 151 1027 184 DEI
1052 153 1092 184 L.
1118 154 1205 186 vn.
1231 154 1267 186 c.
1294 156 1323 186 1.
1682 144 1790 196 273

814 301 1010 355 CAPUT
1050 303 1091 357 I.

111 410 189 458 An
227 422 340 459 cum
380 411 431 457 in
471 410 722 470 theologia
761 411 900 458 civili
936 411 1173 459 deitatem
1212 425 1311 460 non
1351 427 1457 461 esse
1496 416 1790 474 constiterit,

206 485 256 531 in
300 485 498 532 selectis
537 484 635 531 diis
674 496 784 531 eam
825 485 1045 532 inveniri
1076 498 1222 545 posse
1261 487 1569 535 credendum
1609 490 1686 536 sit.

256 584 392 633 Hanc
433 585 737 634 divinitatem
777 585 867 651 vel,
892 592 961 635 —ut
1000 587 1070 634 sic
1112 586 1340 652 dixerim,
1380 587 1610 638 deitatem
1651 586 1788 657 (nam

111 666 160 709 et
198 659 291 707 hoc
324 658 474 707 verbo
507 660 580 707 uti
611 660 707 708 iam
739 666 937 708 nostros
970 674 1069 708 non
1100 661 1249 724 piget,
1290 667 1343 708 ut
1382 661 1441 709 de
1484 661 1668 711 Graeco
1710 680 1788 712 ex·

109 733 330 798 pressius
381 732 682 781 transferant
735 733 784 781 id
840 733 971 797 quod
1025 732 1095 781 illi
1147 729 1358 798 θεότητα
1405 731 1673 802 appellant)
1725 764 1787 771 -

110 806 234 855 hanc
275 821 391 870 ergo
424 805 727 855 divinitatem
768 808 869 855 sive
910 807 1142 856 deitatem
1182 822 1280 856 non
1321 823 1429 856 esse
1469 810 1520 856 in
1561 823 1616 857 ea
1655 809 1790 858 theo-

109 879 257 947 logia,
305 894 453 943 quam
492 879 684 928 civilem
723 887 922 947 vocant,
963 896 1087 945 quae
1128 896 1154 929 a
1193 880 1356 930 Marco
1397 879 1613 931 Varrone
1655 883 1791 931 sede-

111 955 207 1003 cim
261 952 589 1002 voluminibus
637 953 875 1018 explicata
924 961 1029 1020 est,
1081 953 1131 1003 id
1182 962 1256 1003 est
1307 970 1406 1003 non
1444 958 1693 1020 perveniri
1732 957 1791 1004 ad

110 1033 337 1076 aeternae
383 1028 507 1076 vitae
557 1026 839 1077 felicitatem
886 1027 1056 1077 talium
1104 1028 1310 1077 deorum
1350 1028 1508 1090 culm,
1558 1029 1726 1093 quales
1766 1046 1791 1078 a
1828 1041 1880 1079 10

112 1099 390 1150 civitatibus
439 1100 748 1165 qualiterque
790 1101 983 1150 colendi
1022 1103 1237 1151 instituti
1276 1109 1413 1168 sunt,
1454 1105 1535 1151 cui
1574 1103 1791 1152 nondum

111 1175 357 1240 persuasit
411 1181 581 1223 sextus
635 1174 784 1241 liber,
839 1190 986 1239 quem
1034 1177 1256 1239 proxime
1306 1175 1623 1242 absolvimUS,
1679 1193 1792 1226 cum

110 1250 260 1297 istum
299 1248 506 1296 forsitan
543 1247 734 1315 legerit,
774 1248 892 1313 quid
932 1249 991 1298 de
1032 1248 1123 1298 hac
1164 1251 1449 1313 quaestione
1490 1245 1792 1315 expedienda

110 1321 318 1371 ulterius
343 1321 605 1387 desideret,
644 1337 742 1371 non
774 1321 988 1371 habebit.
1064 1322 1195 1371 Fieri
1229 1324 1359 1371 enim
1390 1330 1569 1390 potest,
1607 1329 1662 1372 ut
1702 1324 1790 1372 sal-

109 1402 209 1444 tem
249 1396 367 1445 deos
406 1394 617 1445 selectos
656 1402 801 1460 atque
841 1398 1150 1462 praecipuOS,
1190 1411 1314 1460 quos
1353 1395 1505 1445 Varro
1546 1397 1790 1446 volumine
1828 1407 1880 1446 15

110 1468 394 1533 complexus
427 1475 503 1518 est
534 1469 722 1536 ultime,
761 1470 820 1518 de
847 1469 1028 1534 quibus
1059 1485 1235 1535 parum
1268 1469 1494 1536 dixinmS,
1535 1472 1795 1535 quisquam

110 1542 341 1592 colendos
371 1550 578 1608 propter
608 1545 755 1593 vitani
787 1543 994 1610 beatam,
1035 1559 1159 1608 quae
1192 1559 1291 1592 non
1331 1545 1426 1592 nisi
1465 1551 1663 1593 aeterna
1705 1552 1793 1611 est,

109 1618 355 1682 opinetur.
433 1616 538 1674 Qua
569 1619 620 1666 in
652 1632 706 1666 re
740 1633 838 1666 non
879 1617 987 1666 dico
1029 1617 1159 1682 quod
1201 1617 1406 1666 facetius
1446 1620 1512 1666 ait
1536 1617 1792 1667 Tertullia-

111 1705 206 1739 nus
246 1691 454 1739 sortasse
497 1705 642 1755 quam
681 1693 867 1741 verius:
917 1690 969 1739 Si
1009 1691 1075 1740 dii
1115 1690 1365 1755 eliguntur
1405 1697 1460 1739 ut
1498 1690 1660 1758 bulbi,
1702 1694 1793 1740 uti-

114 1778 207 1828 que
240 1766 395 1813 ceteri
426 1764 628 1829 reprobi
658 1764 954 1814 iudicantur.
1030 1764 1140 1813 Non
1179 1764 1272 1813 hoc
1312 1764 1442 1815 dico:
1482 1764 1622 1813 video
1662 1766 1792 1813 enim
1826 1777 1882 1815 20

110 1837 256 1886 etiam
311 1853 370 1886 ex
425 1838 620 1887 selectis
676 1838 816 1903 seligi
870 1838 1060 1902 aliquos
1111 1837 1170 1886 ad
1220 1837 1402 1901 aliquid
1451 1839 1607 1887 maius
1647 1837 1792 1902 atque

111 1912 462 1978 praestantiuS,
511 1913 640 1960 sicut
686 1913 737 1960 in
778 1911 974 1978 militia,
1030 1927 1142 1960 cum
1182 1912 1370 1960 tirones
1411 1910 1554 1960 electi
1594 1912 1794 1978 fuerint,

112 1999 170 2032 ex
203 1983 280 2033 his
313 1999 510 2048 quoque
543 1984 794 2049 eliguntur
826 1985 884 2034 ad
926 2000 1050 2049 opus
1090 1984 1285 2049 aliquod
1325 1986 1482 2033 maius
1522 2000 1794 2051 armorum;

111 2064 162 2107 et
215 2072 329 2106 cum
384 2057 634 2122 eliguntur
686 2060 738 2107 in
778 2058 1006 2125 ecclesia,
1062 2060 1147 2122 qui
1193 2058 1311 2106 fiant
1348 2060 1640 2125 praepositi,
1694 2073 1791 2107 non

110 2132 280 2195 utique
328 2133 482 2180 ceteri
521 2131 875 2198 reprobantur,
922 2147 1035 2181 cum
1075 2147 1246 2180 omnes
1284 2130 1402 2180 boni
1442 2131 1609 2181 fideles
1651 2131 1792 2181 electi
1825 2153 1837 2170 =

111 2206 286 2253 merito
327 2212 691 2270 nuncupentur.
767 2205 1034 2270 Eliguntur
1071 2207 1122 2254 in
1162 2205 1381 2254 aedificio
1421 2204 1605 2270 lapides
1645 2221 1793 2269 angu-

111 2276 254 2345 lareS,
293 2293 392 2327 non
431 2278 708 2344 reprobatis
748 2281 942 2346 ceteris,
982 2281 1067 2343 qui
1106 2285 1385 2328 structurae
1425 2278 1648 2343 partibus
1688 2279 1793 2327 aliis

113 2351 426 2416 deputantur.
503 2351 767 2417 Eliguntur
799 2368 919 2402 uvae
952 2352 1011 2401 ad
1044 2352 1356 2419 vescendum,
1396 2367 1487 2401 nec
1527 2351 1791 2417 reproban—

111 2431 194 2474 tur
232 2424 375 2492 aliae,
424 2440 545 2490 quas
584 2426 910 2490 relinquimus
950 2426 1010 2475 ad
1048 2425 1330 2475 bibendum.
1407 2425 1515 2474 Non
1555 2441 1678 2490 opus
1718 2431 1792 2472 est

113 2497 263 2547 multa
302 2514 622 2566 percurrere,
661 2515 774 2548 cum
814 2515 895 2549 res
935 2502 985 2549 in
1026 2507 1194 2565 aperto
1235 2501 1312 2548 sit.
1391 2498 1547 2556 Quam
1586 2498 1647 2546 ob
1687 2512 1792 2545 rem
1825 2507 1881 2545 30

1822 675 1847 712 ει

1826 2141 1849 2180 1.)

1855 2140 1885 2179 Q!

231 2627 304 2682 19)
334 2625 523 2672 Nation.
553 2631 595 2683 2,
627 2632 667 2670 9.

231 2764 256 2802 6
287 2758 336 2802 id
367 2772 451 2803 om
483 2759 528 2802 A
572 2762 589 2816 fl
636 2764 690 2803 15
731 2759 903 2803 electos
934 2758 1063 2802 AF
1107 2764 1160 2802 19
1195 2757 1429 2813 eliguntur
1462 2753 1669 2806 CAKF,·
1710 2754 1789 2796 sel.

111 2822 170 2858 υ·
180 2816 346 2861 bulbi
382 2818 484 2870 Kv;
528 2818 662 2874 pului
702 2817 936 2874 C;pu1bi
974 2817 1044 2871 F,·
1091 2816 1219 2862 balbi
1257 2816 1334 2871 A!
1378 2819 1431 2857 21
1476 2813 1587 2869 eligi
1630 2788 1698 2864 A;
1738 2825 1793 2854 ex

112 2854 273 2919 electis
305 2875 418 2932 eligi
446 2876 570 2920 K2F

201 2965 294 2990 Aua.
321 2966 372 2989 nn
398 2966 635 2993 01v.m:1.1.
1384 2952 1438 2990 18
