2020 3122
239 114 347 167 310
909 125 943 158 s,
967 125 1243 160 Aueusrm

238 238 590 304 membrorum,
632 236 906 286 abscisione
939 238 1238 302 genitalium,
1280 241 1652 289 consecratione
1684 241 1919 308 mollium,

240 312 378 360 sestis
436 313 730 376 inpurorum
781 310 1208 376 obscenorumque
1258 312 1487 362 ludorum
1541 329 1695 363 unum
1747 330 1918 364 verum

239 384 410 450 Deum,
449 385 498 434 id
533 391 607 434 est
639 386 798 434 omnis
837 386 1024 434 animae
1066 386 1387 450 corporisque
1428 393 1715 454 creatorem,
1755 388 1917 437 colere

241 473 291 506 se
334 460 544 523 quisque
585 459 871 507 contendat:
910 474 1010 507 non
1048 458 1159 507 ideo
1197 465 1391 523 peccat,
1433 461 1545 523 quia
1584 476 1683 510 non
1724 467 1799 510 est
1838 477 1918 510 co-

173 538 207 578 ῖ)
241 530 415 581 lendus
465 547 613 596 quem
661 531 802 598 colit,
849 532 935 580 sed
985 534 1099 596 quia
1146 532 1407 582 colendum
1454 548 1553 582 non
1592 541 1648 583 ut
1687 535 1922 584 colendus

242 611 318 653 est
357 606 487 654 colit.
566 606 661 663 Qui
713 621 828 654 vero
871 613 920 654 et
959 605 1109 654 rebus
1148 605 1351 672 talibus,
1400 606 1450 655 id
1491 613 1567 655 est
1606 607 1834 673 turpibus
1873 614 1923 658 et

242 678 480 746 scelestiS,
522 686 570 728 et
609 695 707 728 non
747 679 905 729 Deum
943 694 1130 746 verum,
1169 679 1217 728 id
1258 686 1333 728 est
1371 681 1559 728 animae
1600 683 1922 747 corporisque

243 751 502 819 factorem,
542 754 628 802 sed
669 759 945 802 creaturam
987 754 1206 816 quamvis
1246 768 1345 801 non
1383 755 1611 802 vitiosam
1651 755 1781 815 colit,
1822 757 1922 804 sive

241 825 321 873 illa
376 828 439 876 sit
493 828 651 875 anima
707 828 808 875 sive
863 842 1044 890 corpus
1099 828 1200 875 sive
1253 827 1413 874 anima
1452 827 1598 876 simul
1638 835 1688 877 et
1727 844 1924 895 coerS,

156 907 209 946 10
243 898 318 948 bis
368 907 542 965 peccat
587 902 636 948 in
686 900 869 966 Deum,
917 899 1048 964 quod
1097 906 1146 948 et
1183 915 1273 963 pro
1314 901 1420 963 ipso
1461 900 1599 966 colit,
1652 901 1785 966 quod
1824 917 1924 951 non

243 979 318 1021 est
355 976 485 1040 ipse,
533 981 581 1022 et
620 973 800 1022 talibus
839 973 992 1022 rebus
1032 972 1171 1038 colit,
1219 972 1444 1036 qualibus
1484 989 1577 1023 nec
1616 976 1722 1039 ipse
1763 975 1924 1024 colen-

240 1046 332 1095 dus
358 1054 549 1102 estnec
574 1063 673 1096 non
696 1049 816 1111 ipse.
896 1047 992 1095 Sed
1031 1047 1083 1095 hi
1123 1061 1335 1111 quonam
1374 1047 1535 1113 modo,
1574 1047 1624 1096 id
1664 1055 1740 1098 est
1779 1064 1926 1114 quam

240 1124 454 1187 turpiter
479 1122 780 1187 nefarieque,
820 1121 1080 1186 coluerint,
1118 1123 1170 1169 in
1201 1127 1434 1184 promptu
1467 1127 1563 1187 est3
1604 1122 1721 1186 quid
1761 1129 1924 1172 autem

239 1193 315 1242 vel
356 1211 479 1260 quos
520 1195 778 1260 coluerint,
818 1202 950 1243 esset
989 1194 1272 1260 obscurum,
1311 1196 1407 1243 nisi
1446 1209 1619 1244 eorum
1658 1202 1927 1246 testaretur

157 1277 211 1316 15
245 1268 450 1320 historia
483 1285 538 1317 ea
570 1271 688 1333 ipsa,
729 1283 854 1333 quae
886 1268 1028 1317 foeda
1069 1275 1115 1317 et
1156 1269 1319 1332 turpia
1359 1269 1674 1335 confitentur,
1713 1272 1925 1319 numini-

242 1341 335 1392 bus
375 1342 664 1392 terribiliter
703 1341 1013 1407 exigentibus
1053 1341 1268 1407 reddita3
1319 1341 1450 1390 unde
1490 1345 1694 1392 remotis
1734 1349 1927 1392 constat

242 1416 526 1482 ambagibus
558 1417 773 1465 nefarios
798 1415 1061 1464 daemones
1093 1422 1238 1479 atque
1278 1415 1682 1465 inmundissimos
1722 1419 1926 1481 spiritus

244 1490 335 1540 hac
375 1493 509 1539 omni
550 1490 679 1539 civili
718 1489 961 1553 theologia
999 1487 1269 1538 invisendis
1309 1489 1500 1537 stolidis
1539 1490 1835 1554 imaginibus
1877 1498 1926 1540 et

241 1579 331 1628 per
371 1581 452 1614 eas
491 1563 802 1630 possidendis
842 1565 989 1612 etiam
1029 1562 1193 1612 stultis
1233 1562 1465 1611 cordibus
1505 1564 1747 1613 invitatos

155 1762 211 1803 20
849 1749 1041 1803 CAPUT
1074 1749 1326 1803 XXVIII.

249 1861 396 1919 Quod
425 1860 661 1908 doctrina
698 1858 945 1907 Varronis
984 1859 1047 1906 de
1086 1858 1335 1917 theoloqia
1376 1858 1426 1905 in
1466 1860 1606 1906 nulla
1644 1859 1744 1906 sibi
1775 1863 1928 1920 parte

938 1932 1226 1980 concordet.

393 2036 521 2093 Quid
567 2037 719 2099 igitur
763 2033 913 2100 valet,
962 2034 1093 2098 quod
1141 2034 1215 2081 vir
1262 2033 1577 2082 doctissimus
1617 2039 1667 2082 et
1706 2035 1927 2082 acutissi-

246 2125 355 2159 mus
395 2109 547 2157 Varro
593 2108 728 2157 velut
774 2107 943 2157 subtili
990 2107 1320 2172 disputatione
1369 2106 1459 2155 hos
1509 2122 1679 2156 omnes
1719 2106 1838 2156 deos
1877 2108 1930 2155 in

159 2190 215 2230 25
249 2183 437 2232 caelum
476 2189 526 2232 et
564 2188 750 2230 terram
788 2181 1013 2246 redigere
1054 2197 1109 2230 ac
1148 2181 1338 2229 referre
1379 2177 1621 2229 conatur?
1674 2179 1783 2229 Non
1820 2187 1928 2246 pot-

246 2263 343 2322 est3
390 2256 551 2305 fluunt
604 2255 665 2303 de
716 2254 965 2321 manibuS,
1011 2254 1266 2315 resiliunt,
1320 2252 1554 2302 labuntur
1594 2260 1643 2302 et
1681 2253 1928 2302 decidunt.

246 2330 479 2379 Dicturus
519 2331 651 2378 enim
691 2328 750 2377 de
790 2329 1009 2394 femini5‚
1047 2328 1142 2376 hoc
1182 2333 1258 2376 est
1297 2326 1356 2375 de
1397 2326 1603 2376 deabus:
1641 2326 1930 2394 „Quoniam,

246 2405 430 2470 inquit,
480 2410 536 2452 ut
581 2404 740 2467 primo
788 2401 913 2450 libro
962 2401 1061 2450 dixi
1101 2402 1160 2450 de
1200 2400 1344 2466 lociS‚
1398 2400 1496 2449 duo
1537 2407 1652 2450 sunt
1688 2401 1931 2465 principia

249 2478 456 2527 deorum
496 2476 831 2525 animadversa
869 2475 929 2523 de
971 2474 1103 2524 caelo
1145 2480 1194 2523 et
1232 2480 1390 2539 terra,
1441 2488 1468 2521 a
1508 2489 1605 2537 quo
1645 2473 1711 2522 dii
1749 2474 1931 2538 partim

158 2559 215 2599 30
250 2551 484 2600 dicuntur
532 2549 790 2615 caelesteS,
836 2550 1016 2613 partim
1054 2553 1343 2597 terrestres:
1388 2552 1445 2595 ut
1491 2548 1543 2595 in
1590 2546 1930 2612 superioribus

248 2626 443 2674 initium
483 2624 689 2673 fecimus
730 2638 757 2671 a
796 2621 946 2687 cae10,
985 2637 1099 2671 cum
1138 2621 1349 2669 diximus
1389 2620 1448 2669 de
1490 2619 1622 2687 Iano,
1663 2635 1810 2685 quem
1849 2619 1931 2669 alii

368 2799 422 2839 18
453 2794 707 2840 invisendis
739 2794 804 2838 ed.
841 2793 954 2837 Par.
986 2793 1038 2836 in
1069 2793 1176 2838 adn.
1201 2792 1328 2844 crit.,·
1358 2791 1406 2835 in
1428 2791 1630 2835 visendis
1660 2804 1686 2835 v
1732 2792 1748 2846 ss
1793 2794 1849 2834 25
1882 2791 1929 2835 et

247 2854 295 2898 in
324 2856 358 2898 t.
391 2868 416 2899 v
440 2855 455 2911 ΙΙ
479 2855 527 2898 et
556 2867 648 2898 non
679 2854 835 2910 potest
865 2851 988 2895 K2F
