2020 3122
533 129 600 159 DE
625 128 864 160 cxvrrA'rE
888 130 975 160 Dm
999 131 1040 162 L.
1064 131 1132 162 XI.
1156 130 1192 162 c.
1219 131 1271 163 13.
1297 133 1349 162 14.
1677 119 1781 169 481

103 244 252 301 stetit,
293 242 362 289 sic
402 255 511 289 esse
544 240 898 306 accipiendum,
938 247 993 289 ut
1025 256 1122 289 non
1163 241 1322 290 solum
1360 241 1602 291 homicida
1634 242 1784 291 fuerit

105 314 164 363 ab
196 316 351 380 initio,
382 313 431 362 id
465 320 540 362 est
570 315 711 362 initio
743 313 943 362 humani
976 317 1186 381 generiS,
1219 330 1277 363 ex
1311 330 1407 379 quo
1432 318 1603 380 utique
1636 315 1781 367 homo

104 388 262 437 sactus
295 394 395 453 est,
435 402 583 451 quem
614 387 903 451 decipiendo
943 395 1112 450 posset
1143 389 1392 453 occidere,
1432 404 1604 438 verum
1636 391 1782 438 etiam

104 461 162 510 ab
202 463 341 510 initio
382 475 498 510 suae
539 460 834 509 conditionis
874 462 923 508 in
962 462 1166 509 veritate
1208 477 1306 509 non
1346 465 1541 511 steterit
1579 470 1630 512 et
1670 463 1782 512 ideo

103 550 371 599 numquam
409 534 583 583 beatus
616 550 727 583 cum
770 535 951 582 sanctis
984 534 1167 597 angelis
1207 535 1378 600 fuerit,
1418 551 1507 584 suo
1547 551 1782 585 recusans
1815 545 1841 584 5

103 624 210 658 esse
251 608 477 658 subditus
518 610 729 656 creatori
770 614 818 656 et
858 622 945 656 sua
984 622 1073 671 per
1113 607 1394 672 superbiam
1426 609 1559 658 velut
1597 612 1783 674 privata

100 689 342 747 potestate
382 682 605 748 laetatus,
645 697 699 730 ac
739 696 828 746 per
867 681 960 729 hoc
1000 680 1151 729 falsus
1191 689 1240 729 et
1280 681 1436 747 fallax,
1477 684 1589 745 quia
1620 697 1781 747 neque

102 758 361 820 quisquam
399 762 694 820 potestatem
727 754 1089 819 Omnipotentis
1123 754 1295 821 evadit,
1335 763 1384 803 et
1417 757 1502 818 qui
1532 771 1622 819 per
1653 758 1782 820 piam

102 829 460 879 subiectionem
506 828 663 878 noluit
722 836 892 878 tenere
941 828 1073 892 quod
1119 844 1232 877 vere
1281 835 1378 894 est,
1431 828 1642 878 adfectat
1694 845 1784 893 per

102 902 363 968 superbam
396 903 657 951 elationem
690 902 920 951 simulare
961 901 1092 965 quod
1132 917 1230 950 non
1263 908 1352 967 est,
1391 909 1447 951 ut
1486 904 1556 950 sic
1595 902 1782 951 intelle·
1818 913 1872 952 10

101 983 244 1041 gatur
276 970 422 1025 etiam
455 976 587 1040 quod
626 976 802 1025 beatus
840 975 1082 1023 Iohannes
1115 975 1365 1040 apostolus
1397 978 1485 1024 ait:
1525 977 1600 1025 Ab
1642 979 1783 1026 initio

103 1053 331 1100 diabolus
364 1056 562 1112 peccat,
602 1050 696 1098 hoc
729 1057 820 1114 est,
859 1064 915 1097 ex
951 1065 1048 1113 quo
1082 1056 1278 1098 creatus
1310 1056 1399 1113 est,
1439 1052 1675 1098 iustitiam
1709 1065 1783 1098 re-

102 1126 310 1190 cusavit,
363 1139 510 1188 quam
556 1125 651 1172 nisi
706 1125 785 1188 pia
832 1122 1031 1187 Deoque
1080 1122 1275 1172 subdita
1323 1124 1547 1172 voluntas
1602 1123 1783 1172 habere

101 1213 200 1246 non
239 1205 420 1262 posset.
482 1197 609 1246 Huic
642 1198 915 1246 sententiae
957 1198 1180 1260 quisquis
1214 1197 1501 1262 adquiescit,
1540 1213 1638 1245 non
1672 1213 1784 1246 cum

101 1271 196 1320 illis
244 1272 504 1320 haereticis
546 1272 693 1336 sapit,
741 1270 790 1318 id
830 1276 906 1318 est
943 1270 1262 1335 ManichaeiS,
1310 1278 1358 1319 et
1398 1272 1438 1319 si
1490 1286 1612 1334 quae
1664 1270 1782 1319 aliae
1819 1279 1870 1319 15

100 1352 264 1410 pestes
310 1347 377 1393 ita
425 1346 666 1404 sentiunt,
714 1343 844 1408 quod
892 1359 1030 1392 suam
1080 1345 1323 1408 quandam
1368 1346 1619 1408 propriam
1665 1351 1784 1393 tam-

101 1434 247 1483 quam
288 1435 347 1467 ex
387 1418 591 1467 adverso
633 1417 844 1482 quodam
884 1419 1128 1482 principio
1168 1417 1390 1466 diabolus
1429 1417 1606 1467 habeat
1644 1425 1783 1467 natu-

101 1507 206 1541 ram
238 1492 372 1558 mali3
413 1494 498 1556 qui
536 1499 670 1541 tanta
703 1493 914 1540 vanitate
955 1491 1218 1557 desipiunt,
1259 1498 1328 1557 ut,
1369 1506 1482 1540 cum
1513 1491 1661 1540 verba
1691 1493 1782 1540 ista

100 1566 376 1630 evangelica
407 1568 459 1614 in
490 1567 781 1615 auctoritate
819 1564 1076 1613 nobiscum
1114 1565 1341 1630 habeant,
1378 1581 1478 1613 non
1517 1565 1784 1614 adtendant

98 1655 198 1688 non
244 1639 424 1688 dixisse
471 1638 755 1689 Dominum:
811 1639 851 1686 A
897 1640 1102 1687 veritate
1149 1638 1337 1687 alienus
1384 1639 1498 1703 fuit3
1554 1639 1662 1688 sed:
1720 1640 1782 1688 In
1816 1649 1873 1688 20

100 1717 314 1763 veritate
352 1728 452 1762 non
490 1717 645 1774 stetit,
694 1711 780 1762 ubi
820 1728 846 1760 a
884 1714 1089 1760 veritate
1130 1711 1318 1776 lapsum
1358 1712 1578 1776 intellegi
1615 1712 1782 1777 voluit,

99 1789 151 1835 in
182 1802 278 1851 qua
309 1789 480 1851 utique
516 1789 556 1835 si
589 1789 823 1851 stetisset,
855 1787 962 1834 eius
994 1788 1241 1850 particeps
1274 1785 1432 1834 factus
1463 1785 1636 1834 beatus
1670 1800 1784 1834 cum

101 1863 282 1910 sanctis
323 1860 507 1924 angelis
546 1866 872 1924 permaneret.

748 2046 943 2100 CAPUT
981 2046 1128 2099 XIV.

146 2156 251 2213 Quo
286 2170 477 2216 qenere
516 2157 780 2203 locutionis
821 2156 1009 2203 dictum
1047 2157 1114 2202 sit
1151 2156 1214 2202 de
1253 2155 1474 2214 diabolo,
1515 2157 1652 2215 quod
1688 2158 1740 2204 in
1812 2163 1867 2203 25

219 2231 431 2277 veritate
470 2243 569 2277 non
606 2231 822 2289 steterit,
862 2230 982 2288 quia
1021 2231 1209 2277 veritas
1248 2243 1346 2276 non
1388 2235 1463 2277 est
1501 2231 1552 2277 in
1591 2244 1661 2278 eo.

247 2330 467 2380 Subiecit
513 2337 677 2380 autem
723 2330 981 2395 indicium,
1029 2332 1169 2394 quasi
1218 2333 1603 2398 quaesissemus,
1649 2331 1779 2380 unde

98 2404 408 2471 ostendatur,
448 2405 579 2469 quod
618 2406 670 2452 in
703 2405 908 2452 veritate
942 2419 1041 2452 non
1080 2406 1296 2470 steterit,
1335 2412 1480 2468 atque
1515 2407 1600 2454 ait:
1648 2406 1779 2463 Quia

97 2492 196 2527 non
237 2484 311 2527 est
346 2482 535 2528 veritas
577 2481 627 2527 in
668 2492 740 2526 eo.
801 2475 946 2526 Esset
985 2484 1148 2526 autem
1186 2480 1238 2526 in
1271 2493 1353 2543 e0,
1393 2480 1435 2526 si
1472 2480 1523 2526 in
1562 2478 1642 2526 illa
1682 2484 1777 2526 ste-

218 2607 261 2661 1)
292 2606 356 2648 10.
388 2609 431 2659 8,
463 2610 533 2650 44.
598 2608 670 2661 12)
712 2612 743 2649 1.
777 2607 840 2649 10.
874 2610 914 2661 3,
949 2610 991 2649 8.

218 2742 240 2780 7
277 2737 425 2781 elatus
457 2737 507 2780 F
534 2739 549 2794 ss
578 2752 727 2794 neque
761 2738 1005 2794 quisquam
1037 2738 1107 2789 A‚·
1138 2736 1441 2792 nequisquam
1482 2735 1545 2788 V‚·
1576 2748 1660 2778 nec
1692 2749 1774 2778 un-

98 2809 236 2850 quam
267 2809 292 2839 v
316 2798 331 2852 u
358 2800 411 2839 14
441 2799 599 2852 posset
638 2796 748 2850 VA,·
778 2796 930 2853 possit
959 2811 985 2839 v
1008 2798 1023 2852 Η
1049 2801 1102 2839 16
1135 2796 1289 2839 malim
1319 2795 1427 2849 ista3
1462 2795 1519 2848 cf.
1553 2797 1656 2847 347,
1689 2797 1748 2837 30
1758 2810 1775 2847 ,-

98 2858 200 2910 405,
233 2859 321 2908 21‚·
351 2859 457 2909 449,
487 2860 553 2899 28
584 2857 599 2912 n
625 2859 678 2898 18
710 2856 824 2899 mali
855 2869 938 2899 om.
971 2855 1037 2898 Α1

186 2944 279 2969 Λυσι.
304 2945 355 2968 m:
380 2944 459 2968 cxv.
485 2945 565 2970 nm.
597 2938 627 2968 1.
1365 2932 1418 2970 31
