2038 3152
574 155 641 186 m:
666 154 903 186 CIVITATE
927 155 1015 186 Dm
1037 154 1081 187 L.
1107 155 1137 187 1.
1156 155 1192 187 c.
1218 157 1271 189 is.
1299 157 1351 188 19.
1731 146 1798 198 31

117 268 436 318 homicidium
484 273 702 330 certum,
751 282 862 315 cum
908 268 1071 331 ipsum
1118 267 1383 334 flagitium,
1431 270 1649 332 quamvis
1689 269 1801 317 alie-

119 359 251 408 num,
291 341 449 390 adhuc
488 341 671 405 pendet
707 342 966 389 incertum.

771 513 966 568 CAPUT
1000 513 1145 567 XIX.

120 625 196 674 De
233 624 499 683 Lucretia,
552 638 683 684 quae
729 638 782 671 se
828 623 888 671 ob
931 625 1140 671 inlatum
1178 624 1277 671 sihi
1312 628 1541 684 stuprum
1574 626 1802 685 peremit.

266 726 340 775 An
386 727 513 775 forte
561 725 677 774 huic
723 726 1014 790 perspicuae
1062 727 1266 791 rationi,
1319 741 1414 789 qua
1453 726 1662 774 dic-imus
1696 742 1801 775 cor·
1835 735 1861 774 5

119 816 238 866 pore
280 815 517 865 oppresso
556 814 868 864 nequaquam
906 801 1161 864 proposito
1202 801 1439 848 castitatis
1479 799 1576 848 ulla
1615 802 1665 848 in
1706 815 1802 848 ma-

119 875 222 925 lum
261 876 585 924 consensione
626 879 814 923 mutato
853 873 984 922 illius
1032 879 1224 922 tantum
1263 889 1372 923 esse
1412 873 1672 940 flagitium,
1721 876 1805 938 qui

121 950 405 1014 opprimens
438 947 778 1014 concubuerit,
819 963 917 996 non
948 947 1095 1014 illius,
1135 963 1258 1012 quae
1300 963 1534 1012 oppressa
1575 962 1804 997 concum-

119 1022 258 1072 benti
307 1022 440 1071 nulla
486 1021 734 1071 voluntate
783 1024 1116 1087 consenserit,
1168 1021 1506 1070 contradicere
1555 1021 1806 1071 audebunt

121 1097 197 1162 hi,
249 1103 419 1145 contra
472 1111 596 1160 quos
648 1097 939 1144 feminarum
989 1094 1378 1144 Christianarum
1424 1097 1474 1144 in
1525 1097 1804 1160 captivitate
1839 1105 1895 1144 10

121 1185 470 1235 oppressarum
517 1184 616 1218 non
667 1175 858 1218 tantum
909 1177 1125 1235 menteS,
1178 1185 1351 1218 verum
1403 1171 1548 1218 ctiam
1599 1185 1806 1234 corpora

122 1250 288 1293 sancta
328 1240 674 1292 defendimus?
749 1242 1031 1292 Lucretiam
1071 1250 1228 1308 certe,
1279 1250 1551 1292 matronam
1591 1243 1805 1291 nobilem

120 1324 436 1381 veteremque
468 1317 759 1382 Romanam,
802 1317 1066 1381 pudicitiae
1099 1319 1287 1381 magnis
1322 1318 1535 1366 efferunt
1566 1316 1806 1366 laudibus

121 1391 279 1440 Huius
335 1406 543 1455 corpore
603 1406 716 1439 cum
778 1390 1019 1439 violenter
1074 1406 1311 1455 oppresso
1366 1390 1622 1454 Tarquinii
1675 1392 1807 1452 regis

122 1465 252 1514 filius
277 1464 536 1513 libidinose
562 1466 748 1529 potitus
774 1472 920 1530 esset,
945 1464 1025 1512 illa
1051 1465 1213 1513 scelus
1238 1463 1590 1529 improbissimi
1614 1466 1804 1513 iuvenis
1839 1474 1893 1513 15

122 1541 298 1588 marito
347 1537 584 1587 Collatino
633 1545 683 1587 et
727 1540 1006 1603 propinquo
1046 1537 1226 1604 Bruto,
1276 1540 1393 1587 viris
1434 1538 1718 1587 clarissimis
1758 1546 1807 1587 et

122 1614 417 1679 fortissimis,
434 1613 667 1661 indicavit
691 1628 874 1676 eosque
893 1611 952 1660 ad
970 1613 1232 1661 vindictam
1260 1614 1566 1661 constrinxit.
1621 1611 1805 1660 Deinde

123 1686 252 1736 foedi
302 1688 353 1735 in
407 1701 459 1734 se
512 1688 762 1735 commissi
814 1702 959 1750 aegra
1009 1694 1156 1750 atque
1204 1688 1450 1750 inpatiens
1491 1702 1541 1735 se
1582 1688 1805 1750 peremit.

124 1760 251 1818 Quid
304 1758 561 1809 dicemus?
637 1760 869 1809 Adultera
923 1760 1043 1809 haec
1095 1776 1154 1808 an
1208 1767 1341 1808 casta
1390 1759 1648 1808 iudicanda
1697 1757 1807 1808 est?

125 1834 245 1892 Quis
284 1836 335 1883 in
381 1834 472 1882 hac
514 1836 849 1883 controversia
896 1834 1216 1883 laborandum
1256 1831 1537 1899 putaverit?
1598 1833 1806 1898 Egregie
1840 1844 1896 1883 20

123 1907 321 1975 quidam
354 1923 411 1957 ex
436 1907 530 1957 hoc
554 1910 895 1972 veraciterque
922 1908 1199 1956 declamans
1240 1909 1328 1957 ait:
1365 1907 1615 1974 „Mirabile
1657 1907 1806 1973 dicul,

43 1992 50 1998 “
123 1982 220 2031 duo
254 1982 457 2031 suerunt
481 1989 531 2031 et
554 1981 850 2031 adulterium
884 1998 1012 2031 unus
1046 1977 1287 2031 admisitf‘
1363 1980 1625 2046 Splendide
1660 1988 1806 2045 atque

123 2057 393 2104 verissime.
455 2055 660 2104 Intuens
686 2058 816 2104 enim
840 2058 891 2104 in
916 2055 1129 2104 duorum
1162 2071 1427 2120 corporum
1459 2057 1804 2104 commixtione

122 2132 271 2179 unius
319 2131 762 2194 inquinatissimam
811 2129 1156 2196 cupiditatem,
1219 2129 1421 2178 alterius
1485 2131 1806 2178 castissimam

123 2203 449 2269 voluntatem,
500 2210 549 2252 et
603 2219 701 2252 non
756 2203 873 2268 quid
915 2205 1262 2269 coniunctione
1302 2202 1664 2268 membrorum,
1721 2201 1806 2250 sed
1839 2211 1893 2250 25

126 2277 241 2342 quid
282 2279 558 2326 animorum
598 2277 880 2326 diversitate
921 2284 1151 2342 ageretur
1191 2277 1484 2327 adtendens:
1534 2276 1694 2343 „DuO,
1734 2278 1804 2324 in·

125 2352 246 2416 quit,
286 2347 504 2417 suerunt,
543 2358 592 2400 et
632 2350 928 2400 adulterium
969 2367 1098 2400 unus
1139 2346 1379 2400 admisit.“

274 2422 370 2473 Sed
418 2424 535 2488 quid
585 2432 660 2474 est
706 2424 821 2491 hoc,
869 2425 999 2490 quod
1046 2427 1095 2473 in
1137 2441 1243 2474 eam
1283 2426 1478 2490 gravius
1517 2422 1806 2488 vindicatur,

126 2512 249 2562 quae
289 2496 584 2549 adulterium
610 2514 708 2550 nou
734 2496 963 2548 admisit?
1039 2498 1161 2547 Nam
1200 2499 1279 2548 ille
1318 2500 1475 2564 patria
1515 2512 1629 2546 cum
1665 2502 1802 2560 patre

124 2570 296 2635 pulsus
325 2566 449 2636 est,
498 2571 618 2621 haec
666 2588 857 2621 summo
907 2579 981 2621 est
1026 2579 1235 2621 mactata
1282 2571 1535 2637 supplicio
1615 2570 1666 2618 Si
1705 2583 1803 2617 non
1834 2579 1891 2617 30

127 2652 201 2693 est
251 2645 331 2693 illa
380 2646 667 2709 inpudicitia
715 2662 810 2710 qua
856 2648 1006 2695 invita
1058 2648 1377 2711 opprimitur,
1424 2660 1522 2692 non
1571 2649 1646 2691 est
1683 2642 1802 2690 haec

126 2718 311 2766 iustitia
351 2734 446 2782 qua
485 2726 617 2768 casta
655 2721 874 2784 punitur.
951 2719 1046 2768 Vos
1087 2720 1298 2786 appello,
1344 2719 1477 2783 leges
1517 2716 1802 2778 iudicesque

226 2868 303 2933 “19¹
333 2891 528 2934 dicimus
559 2891 603 2933 A
627 2893 642 2947 ΙΙ
666 2896 720 2934 31
755 2890 1058 2946 conprimitur
1089 2890 1189 2932 KF
