2020 3122
533 151 600 182 DE
624 150 866 184 CIVITATE
889 153 977 185 DEI
999 154 1041 186 L.
1066 151 1136 186 xx.
1161 154 1198 187 c.
1222 157 1275 188 10.
1300 157 1354 188 11.
1687 148 1794 201 477

113 262 244 328 quod
276 262 428 312 multa
459 264 510 312 in
543 278 652 312 sese
684 263 881 329 habeat3
915 265 1001 314 sed
1033 281 1157 330 quae
1191 266 1352 333 habet,
1384 268 1504 318 haec
1538 276 1587 319 et
1619 278 1708 337 est,
1743 280 1796 322 et

114 353 169 387 ea
201 338 363 386 omnia
395 352 524 386 unus
557 343 645 385 est.
722 337 892 401 Neque
934 340 1066 387 enim
1104 340 1301 407 multae,
1341 342 1427 390 sed
1466 359 1564 392 una
1603 347 1793 410 sapien-

111 413 178 461 tia
218 417 307 476 est,
345 411 396 458 in
440 425 536 474 qua
578 417 694 460 sunt
735 411 915 459 infiniti
954 412 1151 475 quidam
1192 416 1335 478 eique
1375 416 1502 465 finiti
1540 417 1795 468 thensauri

111 499 280 534 rerum
329 483 752 550 intellegibilium,
802 486 854 533 in
901 484 1080 548 quibus
1132 494 1249 535 sunt
1299 503 1470 537 omnes
1524 491 1792 541 invisibiles

112 565 257 623 atque
304 557 729 607 incommutabiles
776 560 993 607 rationes
1041 574 1208 621 rerum
1256 562 1401 609 etiam
1442 563 1706 614 visibilium
1746 573 1795 615 et
1827 573 1852 612 5

110 631 440 698 mutabilium,
491 647 614 696 quae
654 647 745 696 per
783 633 940 697 ipsam
980 632 1135 681 factae
1176 642 1305 682 sunt.
1383 634 1625 692 Quoniam
1663 638 1794 688 Deus

109 721 209 755 non
248 705 431 770 aliquid
470 707 699 755 nesciens
738 706 878 772 fecit,
927 706 1059 770 quod
1106 722 1198 755 nec
1238 707 1297 755 de
1339 708 1559 772 quolibet
1596 711 1794 761 homine

110 780 295 830 artifice
350 786 486 829 recte
546 779 644 828 dici
697 786 884 846 potest3
939 795 1089 844 porro
1146 782 1187 829 si
1242 782 1404 830 sciens
1451 783 1569 832 fecit
1618 787 1795 851 omnia,

109 869 166 903 ea
218 855 390 918 utique
446 854 564 903 fecit
618 869 742 918 quae
797 860 1015 903 noverat.
1089 852 1164 902 Ex
1214 870 1311 919 quo
1363 859 1582 906 occurrit
1632 860 1792 907 animo

110 926 341 992 quiddam
395 928 602 993 mirum,
654 927 737 976 sed
790 934 953 976 tamen
1001 943 1201 990 verum,
1257 930 1389 993 quod
1435 931 1528 979 iste
1579 931 1792 981 mundus
1828 939 1882 978 10

109 1000 250 1050 nobis
290 1007 438 1050 notus
485 1016 594 1050 esse
642 1016 740 1050 non
788 1009 978 1067 posset,
1023 1003 1119 1050 nisi
1158 1009 1313 1068 esset3
1352 1002 1454 1052 Deo
1493 1011 1659 1055 autem
1698 1007 1795 1054 nisi

107 1082 254 1124 notus
294 1080 440 1141 esset,
479 1090 588 1124 esse
629 1091 728 1123 non
767 1082 948 1140 posset.

788 1232 984 1286 CAPUT
1014 1233 1106 1287 XI.

106 1341 184 1390 An
231 1343 339 1390 eius
387 1343 734 1401 beatitudz‘niS,
785 1356 936 1402 quam
981 1344 1151 1391 saneti
1195 1345 1367 1403 cmyelc‘
1411 1344 1475 1391 ab
1525 1346 1667 1393 initio
1713 1347 1796 1393 sui

141 1429 337 1477 semper
375 1416 679 1477 habuerunt,
720 1418 871 1464 etiam
912 1417 1020 1464 illos
1059 1418 1283 1477 spirituS,
1324 1419 1414 1477 qui
1452 1419 1502 1465 in
1542 1420 1756 1467 veritate
1827 1424 1880 1464 15

253 1504 353 1539 non
391 1495 659 1549 steterunt,
700 1491 982 1551 participes
1015 1487 1178 1550 fuisse
1217 1492 1527 1539 eredendum
1564 1494 1642 1539 sit.

254 1591 388 1650 Quae
445 1607 558 1641 cum
611 1594 678 1641 ita
725 1593 848 1658 sint,
903 1591 1038 1640 nullo
1085 1592 1229 1641 modo
1280 1593 1479 1657 quidem
1519 1594 1792 1643 secundum

105 1667 318 1731 spatium
349 1665 546 1730 aliquod
578 1667 817 1730 temporis
857 1667 997 1730 prius
1031 1673 1172 1715 erant
1204 1668 1407 1730 spiritus
1439 1667 1510 1715 illi
1542 1667 1790 1733 tenebrae,

105 1755 228 1804 quos
276 1739 473 1804 angelos
513 1739 744 1805 dicimus3
794 1739 881 1788 sed
922 1738 1068 1788 simul
1107 1746 1163 1788 ut
1202 1740 1319 1788 sacti
1359 1747 1501 1806 sunt,
1548 1740 1633 1789 lux
1672 1741 1788 1790 faeti

105 1820 240 1879 sunt3
296 1829 394 1862 non
446 1821 611 1862 tamen
671 1820 863 1863 tantum
924 1814 992 1861 ita
1047 1814 1223 1879 creati,
1279 1820 1335 1862 ut
1389 1829 1587 1878 quoquo
1642 1815 1786 1863 modo
1823 1822 1878 1862 20

104 1893 272 1936 essent
310 1894 360 1936 et
391 1902 591 1951 quoquo
624 1887 769 1936 modo
809 1888 1051 1951 viverent3
1092 1885 1178 1934 sed
1219 1888 1366 1936 etiam
1404 1887 1695 1954 inluminati,
1734 1895 1791 1937 ut

104 1963 351 2025 sapienter
390 1959 631 2025 beateque
663 1962 899 2009 viverent.
975 1959 1048 2008 Ab
1088 1959 1178 2008 hae
1218 1959 1591 2010 inluminatione
1632 1963 1790 2010 aversi

105 2034 302 2099 quidam
332 2034 491 2098 angeli
523 2049 622 2082 non
662 2033 986 2083 obtinuerunt
1024 2033 1363 2082 excellentiam
1404 2036 1638 2099 sapientis
1678 2034 1788 2083 bea·

104 2113 280 2173 taeque
320 2109 473 2173 vitae,
515 2123 637 2172 quae
677 2107 852 2173 procul
892 2105 1042 2156 dubio
1083 2122 1182 2156 non
1222 2109 1319 2157 nisi
1358 2114 1557 2157 aeterna
1597 2115 1672 2157 est
1711 2123 1787 2157 ae-

103 2183 447 2246 ternitatisque
495 2197 611 2231 suae
660 2188 796 2231 certa
842 2188 988 2245 atque
1030 2196 1227 2252 sec'ura;
1268 2181 1353 2230 sed
1395 2181 1683 2230 rationalem
1720 2183 1787 2230 vi·
1822 2188 1876 2228 25

105 2261 203 2304 tam
255 2255 371 2304 lieet
423 2257 739 2320 insipientem
794 2257 864 2304 sic
920 2253 1125 2321 habent,
1180 2262 1235 2303 ut
1289 2270 1396 2303 eam
1451 2271 1549 2304 non
1595 2257 1789 2320 possint

104 2330 352 2395 amittere,
400 2344 492 2378 nec
533 2333 575 2378 si
613 2330 778 2379 velint.
855 2328 1110 2386 Quatenus
1149 2335 1336 2394 autem,
1375 2335 1637 2392 antequam
1674 2344 1787 2392 pee-

104 2409 322 2468 cassent,
375 2402 506 2452 illius
556 2404 822 2468 sapientiae
863 2403 1049 2451 fuerint
1085 2404 1352 2467 participes
1363 2442 1378 2467 ,
1433 2402 1635 2451 definire
1677 2403 1786 2465 quis

103 2473 301 2540 potest?
354 2475 409 2524 ln
451 2479 556 2527 eius
587 2484 751 2526 tamen
790 2477 1164 2541 participatione
1205 2475 1433 2540 aequales
1474 2476 1625 2524 fuisse
1665 2476 1785 2523 istos

102 2548 213 2614 illis,
252 2551 337 2614 qui
367 2557 631 2616 propterea
663 2565 777 2599 vere
809 2549 1053 2615 pleneque
1092 2548 1224 2598 beati
1264 2556 1394 2615 sunt,
1433 2549 1663 2612 quoniam
1703 2562 1784 2596 ne·
1818 2555 1874 2594 30

225 2712 246 2748 1
281 2719 378 2750 sese
419 2707 483 2761 V‚·
515 2721 562 2752 se
593 2721 619 2751 v
643 2709 658 2764 ss
688 2707 825 2764 haec]
859 2707 947 2750 hoe
988 2706 1080 2749 VF
1105 2707 1120 2761 ll
1153 2711 1179 2750 3
1212 2710 1264 2748 ut
1294 2706 1445 2749 editur
1485 2703 1547 2747 Ve
1577 2707 1619 2747 et
1647 2703 1784 2758 „plu-

103 2767 201 2807 res“
232 2766 358 2809 codd.
382 2766 811 2819 Benedictinorum;
842 2764 1023 2809 infinita
1040 2764 1269 2820 quaedam
1301 2763 1434 2818 eique
1465 2761 1636 2805 infiniti
1665 2762 1783 2806 thes,

101 2821 472 2926 ἔέΐέΐὶιὶιωθῃεί
505 2825 694 2881 quidam
725 2826 866 2880 atque
897 2822 1067 2867 infiniti
1097 2821 1303 2867 thesauri
1334 2836 1360 2866 v
1384 2825 1399 2877 ss
1424 2826 1477 2865 25
1512 2820 1592 2864 sed
1626 2819 1788 2874 VAF;
