2020 3122
610 121 677 153 m:
701 119 940 153 cwrrA'rE
963 121 1051 152 Dm
1074 120 1118 154 L.
1143 121 1195 152 11.
1220 121 1256 154 c.
1281 124 1312 155 4.
1734 113 1799 164 57

126 229 346 297 gaverit‘?
384 231 567 281 Verum
592 238 756 281 tamen
787 230 1067 297 pertinebat
1099 232 1157 280 ad
1191 231 1499 283 consultores
1532 235 1650 283 deos
1681 238 1804 285 vitae

124 306 280 356 bonae
330 312 593 371 praecepta
647 321 747 354 non
809 304 1057 354 occultare
1111 306 1307 370 populis
1362 307 1635 357 cultoribus
1689 311 1806 376 suiS,

126 379 211 430 sed
251 379 380 429 clara
427 379 791 444 praedicatione
830 377 1095 445 praebere,
1141 394 1232 443 per
1270 387 1405 429 vates
1445 383 1592 430 etiam
1631 397 1804 430 conve·

125 455 232 503 nire
271 460 417 518 atque
465 468 673 518 arguere
713 459 998 518 peccanteS,
1045 452 1203 516 palam
1244 455 1420 502 minari
1458 470 1642 519 poenas
1681 455 1804 504 male

125 526 406 593 agentibus,
451 528 669 592 praemia
714 533 850 575 recte
897 525 1174 575 viventibus
1219 526 1455 590 polliceri.
1535 528 1662 586 Quid
1701 545 1804 578 um-
1838 540 1863 578 5

125 615 272 666 quam
310 600 404 650 tale
436 601 488 649 in
513 600 720 650 deorum
743 599 943 648 illorum
983 599 1176 664 templis
1215 607 1440 665 prompta
1481 608 1530 651 et
1569 604 1805 653 eminenti

123 690 242 723 voce
284 670 614 739 concrepuit?
689 672 1017 722 Veniebamus
1065 675 1211 722 etiam
1258 689 1349 722 nos
1389 674 1648 739 aliquando
1689 676 1803 724 adu-

124 747 367 798 lescentes
406 747 465 796 ad
506 746 785 812 spectacula
823 746 1135 811 ludibriaque
1176 747 1569 814 sacrilegiorum,
1618 756 1804 813 specta-

124 821 297 871 bamus
330 822 635 889 arrepticiOS,
674 819 992 870 audiebamus
1033 820 1421 887 symphoniacOS,
1459 821 1587 870 ludis
1627 823 1806 886 turpis·

127 897 285 962 simiS,
340 897 424 960 qui
490 895 584 944 diis
638 893 921 959 deabusque
985 893 1363 961 exhibebantur,
1426 894 1806 960 oblectabamur,
1842 907 1894 946 10

127 967 337 1018 Caelesti
374 970 551 1033 virgini
584 974 633 1017 et
663 967 1017 1033 Berecynthiae
1057 970 1202 1017 matri
1242 971 1476 1035 omnium,
1516 977 1627 1018 ante
1668 971 1809 1018 cuius

126 1043 351 1092 lecticam
399 1042 477 1091 die
525 1039 750 1091 sollemni
798 1041 1050 1090 lavationis
1107 1043 1213 1091 eius
1262 1042 1373 1091 talia
1420 1058 1510 1107 per
1555 1042 1808 1107 publicum

126 1115 488 1165 cantitabantur
543 1130 568 1164 a
622 1117 938 1179 nequissimis
994 1117 1254 1182 scaeniciS‚
1310 1115 1491 1183 qualia,
1545 1132 1644 1165 non
1699 1116 1807 1165 dico

125 1195 333 1239 matrem
380 1188 608 1256 deorum,
657 1188 743 1237 sed
789 1195 996 1238 matrem
1044 1188 1475 1254 qualiumcumque
1526 1196 1806 1239 senatorum

125 1263 202 1312 vel
249 1261 582 1327 quorumlibet
628 1261 951 1311 honestorum
1002 1263 1248 1328 virorum,
1295 1265 1443 1311 immo
1491 1279 1608 1312 vero
1649 1263 1808 1327 qualia
1842 1274 1894 1313 15

126 1352 218 1386 nec
257 1343 463 1386 matrem
502 1337 725 1401 ipsorum
773 1337 1114 1385 scaenicorum
1154 1335 1354 1385 deceret
1392 1336 1576 1386 audire.
1652 1335 1811 1385 Habet

129 1412 259 1460 enim
315 1409 545 1475 quiddam
597 1424 713 1474 erga
762 1415 994 1475 parentes
1041 1409 1254 1458 humana
1304 1410 1625 1476 verecundia,
1681 1410 1810 1474 quod

128 1500 220 1534 nec
265 1486 371 1550 ipsa
418 1485 638 1548 nequitia
682 1485 841 1548 possit
888 1483 1098 1531 auferre.
1174 1482 1310 1532 Illam
1350 1484 1556 1548 proinde
1598 1486 1807 1548 turpitu-

129 1558 293 1607 dinem
347 1557 676 1606 obscenorum
737 1556 985 1606 dictorum
1047 1563 1194 1620 atque
1256 1557 1499 1606 sactorum
1561 1559 1810 1606 scaenicos

127 1634 262 1697 ipsos
317 1631 448 1680 domi
503 1646 618 1680 suae
673 1629 970 1696 proludendi
1017 1645 1162 1679 causa
1210 1645 1375 1679 coram
1422 1630 1662 1680 matribus
1709 1633 1811 1680 suis
1844 1641 1899 1680 20

130 1720 275 1770 agere
299 1704 525 1770 puderet,
565 1719 711 1769 quam
734 1720 824 1770 per
863 1703 1118 1768 publicum
1157 1703 1364 1769 agebant
1404 1720 1568 1753 coram
1608 1704 1814 1754 deorum

130 1785 287 1836 matre
343 1784 596 1843 spectante
654 1785 704 1827 et
765 1777 994 1827 audiente
1048 1779 1310 1842 utriusque
1374 1793 1520 1827 sexus
1582 1778 1812 1842 frequen-

132 1854 322 1902 tissima
375 1851 706 1901 multitudine.
786 1851 921 1910 Quae
973 1852 1015 1899 si
1069 1850 1247 1900 inlecta
1302 1853 1587 1900 curiositate
1642 1851 1811 1900 adesse

129 1928 292 1991 potuit
347 1926 668 1991 circumfusa,
724 1925 895 1974 saltem
951 1924 1137 1973 offensa
1184 1926 1405 1974 castitate
1464 1924 1633 1974 debuit
1678 1925 1812 1974 abire

129 2000 347 2049 confusa.
425 1997 559 2057 Quae
616 2006 731 2048 sunt
778 1998 1055 2064 sacrilegia,
1111 1999 1152 2047 si
1207 1998 1289 2047 illa
1338 2006 1453 2048 sunt
1500 1995 1675 2048 sacra}>
1729 2005 1812 2048 aut
1843 2008 1897 2047 25

130 2089 253 2139 quae
293 2074 590 2139 inquinatiO,
631 2074 673 2121 si
711 2072 792 2121 illa
831 2068 1041 2120 lavatio‘?
1116 2071 1178 2121 Et
1216 2072 1338 2121 haec
1378 2072 1564 2122 fercula
1604 2072 1810 2137 appella-

128 2146 322 2213 bantur,
363 2147 503 2210 quasi
527 2145 862 2195 celebraretur
887 2146 1179 2212 convivium,
1219 2161 1315 2210 quo
1340 2146 1473 2195 velut
1512 2147 1614 2195 suis
1654 2145 1812 2210 epulis

128 2220 363 2269 inmunda
410 2219 663 2268 daemonia
717 2225 1055 2286 pascerentur.
1143 2218 1264 2277 Quis
1312 2221 1443 2268 enim
1490 2235 1588 2268 non
1636 2221 1812 2268 sentiat

130 2295 270 2343 cuius
310 2293 443 2342 modi
481 2295 684 2358 spiritus
709 2293 888 2343 talibus
914 2291 1304 2342 obscenitatibus
1345 2293 1667 2359 delectentur,
1716 2293 1811 2340 nisi

130 2367 205 2415 vel
254 2369 482 2416 nesciens
494 2406 507 2433 ,
562 2373 732 2416 utrum
786 2368 985 2415 omnino
1043 2367 1140 2415 sint
1195 2366 1282 2415 ulli
1327 2366 1553 2416 inmundi
1607 2367 1808 2430 spiritus
1841 2375 1896 2413 30

131 2440 335 2489 deorum
358 2442 556 2490 nomine
582 2440 900 2506 decipientes,
938 2438 1013 2488 vel
1051 2439 1198 2489 talem
1238 2455 1386 2505 agens
1426 2442 1587 2505 vitam,
1625 2441 1676 2487 in
1716 2454 1811 2502 qua

129 2514 250 2563 istos
287 2515 454 2579 potius
494 2529 639 2579 quam
679 2513 835 2564 Deum
872 2527 1043 2562 verum
1085 2519 1134 2562 et
1172 2520 1309 2578 optet
1346 2515 1587 2578 propitios
1627 2518 1674 2560 et
1714 2512 1808 2559 for·

131 2586 282 2636 midet
318 2585 506 2637 iratos?

250 2763 301 2802 21
337 2758 475 2802 deum
505 2772 532 2803 v
554 2760 570 2815 u
595 2764 650 2803 25
685 2759 810 2816 sunt]
845 2760 977 2802 erant
1007 2757 1109 2800 ΚΡ
