2020 3122
154 915 207 954 10

151 1386 205 1426 15

150 1757 205 1797 20

150 2123 204 2163 25

149 2491 205 2531 30

150 2858 205 2898 35

245 115 353 168 550
939 127 974 161 S.
1002 126 1276 162 mensum

242 239 411 288 lulavit
458 240 738 306 exordium,
789 255 934 304 quam
982 240 1204 290 homines
1218 282 1231 306 ,
1283 257 1493 306 quorum
1533 258 1689 307 genus
1728 257 1787 292 ex
1827 259 1926 293 uno

245 320 319 362 cst
370 313 427 361 ad
485 314 921 363 commendandam
973 315 1285 364 concordiam
1334 323 1670 380 propagatum.
1754 317 1925 382 Neque

244 389 374 435 enim
406 403 639 451 umquam
670 390 801 437 inter
834 403 886 437 se
925 388 1093 437 leones
1132 395 1216 438 aut
1252 391 1384 439 inter
1424 405 1476 438 se
1516 390 1768 456 draconeS,
1810 406 1933 456 qua·

243 460 304 508 lia
336 461 575 526 homines7
607 461 732 510 bella
765 469 1041 526 gesserunt.
1120 463 1215 511 Sed
1247 463 1562 527 praevidebat
1594 465 1741 513 etiam
1772 467 1928 529 gratia

244 549 330 583 sua
375 534 611 599 populum
660 537 859 599 piorum
904 538 955 585 in
1003 537 1316 601 adoptionem
1363 537 1636 586 vocandum
1685 540 1927 587 remissis—

243 623 337 672 que
377 610 594 672 peccatis
632 610 950 659 iustificatum
992 610 1179 675 Spiritu
1219 616 1389 659 sancto
1430 613 1611 659 sanctis
1652 611 1835 676 angelis
1874 614 1925 661 in

240 688 440 730 aeterna
479 698 599 747 pace
641 684 954 749 sociandum,
994 685 1258 732 novissima
1297 686 1494 733 inimica
1532 691 1691 734 morte
1732 685 1924 735 destru-

241 761 340 821 cta3
396 759 476 805 cui
525 757 707 821 populo
763 765 894 806 esset
947 758 1096 807 huius
1151 759 1225 806 rei
1276 758 1603 807 consideratio
1650 759 1926 825 profutura,

241 830 371 893 quod
413 846 471 878 ex
504 846 603 880 uno
635 831 833 879 homine
874 831 1005 880 Deus
1046 831 1105 880 ad
1147 832 1589 881 commendandum
1627 831 1925 899 hominibuS,

242 918 387 967 quam
435 906 481 953 ei
528 911 663 968 grata
715 907 778 953 sit
818 907 964 953 etiam
1004 907 1054 954 in
1094 904 1319 970 pluribus
1360 908 1544 970 unitas,
1591 921 1747 970 genus
1787 908 1925 956 insti-

240 979 415 1026 tuisset
455 978 736 1027 humanum.

871 1107 1064 1162 CAPUT
1095 1108 1292 1162 XXIV.

239 1200 313 1247 De
359 1205 549 1248 aalma
596 1202 850 1250 humanae
897 1204 1097 1250 animae
1144 1206 1353 1250 creatae
1400 1204 1470 1250 ad
1509 1204 1776 1262 imaqz‘nem
1815 1203 1924 1251 Dei.

385 1302 522 1351 Fecit
556 1319 672 1367 crgo
706 1303 837 1353 Deus
869 1304 1120 1353 hominem
1153 1304 1211 1353 ad
1244 1306 1507 1369 imaginem
1540 1320 1692 1353 suam.
1756 1304 1923 1354 Talem

240 1377 420 1440 quippe
461 1376 530 1424 illi
563 1379 773 1425 animam
813 1380 1011 1445 creavit,
1052 1393 1147 1442 qua
1185 1393 1275 1442 per
1315 1380 1555 1427 rationem
1596 1386 1741 1442 atque
1781 1378 1923 1427 intel-

236 1449 499 1513 legentiam
531 1450 759 1500 omnibus
801 1459 932 1501 esset
970 1453 1303 1516 praestantior
1343 1451 1632 1501 animalibus
1673 1454 1923 1501 terrestri-

236 1523 330 1572 bus
371 1530 420 1572 et
459 1523 740 1574 natatilibus
772 1532 820 1574 et
852 1524 1142 1591 volatilibUS,
1183 1541 1306 1589 quae
1347 1531 1563 1574 mentem
1601 1525 1750 1574 huius
1790 1526 1923 1575 modi

237 1613 335 1645 non
385 1597 639 1647 haberent.
716 1598 779 1647 Et
826 1614 938 1648 cum
977 1601 1138 1648 virum
1177 1605 1378 1648 terreno
1419 1599 1679 1648 formasset
1719 1615 1778 1648 ex
1815 1599 1923 1664 pul-

236 1686 350 1719 vere
403 1674 546 1736 eique
600 1674 811 1721 animam
867 1673 1060 1737 qualem
1108 1673 1207 1721 dixi
1255 1675 1355 1721 sive
1404 1688 1549 1736 quam
1595 1675 1692 1721 iam
1739 1673 1924 1724 fecerat

239 1744 480 1794 sufflando
529 1745 788 1795 indidisset
836 1749 936 1795 sive
983 1748 1149 1811 potius
1191 1746 1431 1795 sufflando
1471 1747 1671 1796 fecisset
1711 1762 1923 1811 eumque

237 1818 429 1885 flatum,
478 1835 625 1884 quem
665 1820 906 1869 sufflando
947 1821 1065 1870 fecit
1105 1816 1243 1886 (nam
1282 1819 1400 1884 quid
1441 1826 1515 1868 est
1555 1820 1683 1869 aliud
1724 1820 1922 1870 sufflare

238 1908 384 1956 quam
445 1893 614 1954 flatum
669 1889 917 1962 facere?)‚
973 1896 1183 1943 animam
1229 1894 1441 1943 hominis
1505 1909 1613 1943 esse
1675 1894 1923 1960 voluisset,

238 1968 385 2015 etiam
418 1969 677 2032 coniugem
708 1968 779 2017 illi
809 1970 861 2016 in
886 1968 1186 2017 adiutorium
1218 1967 1486 2032 generandi
1525 1983 1584 2016 ex
1625 1969 1731 2016 eius
1769 1967 1922 2016 latere

237 2055 347 2089 osse
395 2040 616 2090 detracto
666 2042 811 2107 fecit,
862 2049 918 2091 ut
964 2042 1109 2090 Deus,
1187 2041 1358 2106 Neque
1411 2042 1542 2090 enim
1581 2041 1701 2090 haec
1741 2041 1924 2090 carnali

239 2114 596 2163 consuetudine
646 2117 903 2180 cogitanda
949 2122 1088 2181 sunt,
1137 2122 1193 2164 ut
1242 2115 1408 2164 videre
1457 2114 1671 2164 solemus
1722 2116 1922 2180 opifices

238 2203 297 2236 ex
322 2189 524 2236 materia
558 2204 867 2253 quacumque
899 2195 1099 2238 terrena
1131 2188 1470 2253 corporalibus
1503 2188 1752 2254 membriS,
1791 2189 1922 2252 quod

238 2263 357 2310 artis
396 2261 639 2310 industria
669 2265 938 2330 potuerint,
977 2263 1287 2312 fabricantes,
1364 2262 1537 2311 Manus
1576 2262 1665 2311 Dei
1701 2264 1924 2326 potentia

237 2334 326 2383 Dei
381 2340 480 2400 est,
537 2337 621 2399 qui
676 2338 822 2385 etiam
872 2336 1080 2386 visibilia
1137 2335 1448 2385 invisibiliter
1499 2342 1746 2400 operatur.
1825 2335 1922 2384 Sed

236 2408 356 2457 haec
396 2408 615 2458 fabulosa
654 2412 819 2474 potius
859 2426 1005 2473 quam
1043 2426 1158 2459 vera
1197 2425 1305 2459 esse
1346 2409 1663 2475 arbitrantur,
1703 2410 1787 2473 qui
1826 2411 1920 2457 vir-

238 2488 397 2531 tutem
445 2498 500 2531 ac
548 2485 834 2548 sapientiam
875 2483 982 2549 Dei,
1032 2499 1127 2548 qua
1165 2485 1302 2532 novit
1340 2490 1389 2532 et
1427 2489 1591 2547 potest
1630 2484 1776 2531 etiam
1815 2484 1920 2531 sine

239 2555 509 2605 seminibus
547 2559 652 2621 ipsa
685 2563 819 2606 certe
860 2558 1022 2606 facere
1063 2559 1264 2622 semina,
1304 2573 1363 2605 ex
1403 2557 1480 2606 his
1519 2558 1712 2605 usitatis
1753 2562 1801 2605 et
1841 2571 1919 2604 co-

236 2629 433 2678 tidianis
473 2633 747 2680 metiuntur
787 2630 1042 2696 operibus3
1083 2646 1139 2679 ea
1178 2645 1309 2691 vem,
1350 2645 1474 2694 quae
1514 2631 1742 2694 primitus
1781 2630 1919 2678 insti-

237 2709 342 2751 tuta
402 2710 543 2770 sunt,
598 2707 829 2769 quoniam
884 2720 982 2753 non
1038 2710 1309 2770 noverunt,
1364 2703 1629 2752 infideliter
1683 2704 1919 2767 cogitant3

240 2778 379 2839 quasi
410 2792 509 2826 non
540 2777 660 2828 haec
698 2780 818 2844 ipsa,
858 2793 983 2843 quae
1023 2784 1266 2827 noverunt
1305 2777 1366 2826 de
1404 2777 1632 2826 humanis
1672 2777 1919 2840 concepti-

238 2848 330 2898 bus
356 2857 502 2915 atque
527 2851 782 2918 partubus,
815 2854 856 2901 si
887 2853 1157 2917 inexpertis
1189 2857 1526 2916 narrarentur,
1557 2848 1921 2899 incredibiliora
