2020 3122
259 131 367 184 500
928 143 963 175 s.
988 141 1261 176 AUGUsTmi

260 256 393 314 Quae
427 258 498 304 vis
532 270 703 319 magna
736 261 880 319 atque
914 254 1150 304 mirabilis
1190 255 1477 306 mortalibus
1516 264 1714 321 praeter
1754 257 1946 308 homini·

259 329 585 378 animantibus
639 328 770 377 nulla
826 335 922 395 est,
976 329 1091 378 licet
1139 344 1309 379 eorum
1359 330 1650 394 quibusdam
1698 331 1755 380 ad
1795 333 1939 381 istam

257 403 419 452 lucem
473 402 799 451 contuendam
855 402 1008 451 multo
1063 418 1209 466 quam
1257 402 1398 452 nobis
1446 405 1509 452 sit
1556 405 1716 452 acrior
1762 420 1938 455 sensus

175 517 185 526 .
258 476 536 541 oculorum3
563 476 647 524 sed
666 475 827 524 lucem
844 476 974 525 illam
998 477 1340 540 incorpoream
1359 479 1643 541 contingere
1671 485 1939 545 nequeunt,

169 928 223 967 10

169 1295 224 1333 15

166 1662 222 1703 20

167 2030 222 2068 25

167 2574 223 2613 30

258 564 352 614 qua
391 565 530 598 mens
563 557 730 598 nostra
770 549 980 614 quodam
1020 550 1163 598 modo
1204 550 1434 616 radiatur,
1473 557 1529 599 ut
1568 551 1626 600 de
1667 551 1744 600 his
1784 554 1938 600 omni-
2004 564 2006 566 ’

254 622 348 672 bus
379 630 513 672 recte
546 623 763 672 iudicare
795 626 1054 688 possimus
1132 623 1252 671 Nam
1292 625 1342 672 in
1383 631 1621 688 quantum
1660 640 1767 674 eam
1806 627 1934 690 capi·
1990 675 1991 678 ,

256 712 381 763 muS,
419 699 468 745 in
503 703 694 746 tantum
725 697 773 745 id
806 712 1082 761 possumus,
1160 696 1340 745 Verum
1373 704 1536 746 tamen
1570 700 1698 747 inest
1735 701 1786 747 in
1827 713 1935 748 sen·
1986 717 2002 746 ¹-

256 770 393 819 sibus
431 771 795 820 inrationalium
834 772 1174 830 animantium,
1225 772 1317 819 etsi
1357 773 1560 820 scientia
1601 772 1733 820 nullo
1773 773 1933 838 modo,

256 851 303 893 at
335 851 468 893 certe
495 844 731 908 quaedam
765 846 996 892 scientiae
1030 844 1318 910 similitud03
1359 853 1521 893 cetera
1561 853 1726 894 autem
1766 861 1935 895 rerum
1985 903 1987 905 ,

256 917 597 983 corporalium,
639 933 737 966 non
778 919 890 980 quia
931 919 1165 983 sentiunt,
1207 917 1292 966 sed
1334 921 1445 982 quia
1486 921 1782 984 sentiuntur,
1822 934 1932 968 sen-

257 991 413 1040 sibilia
460 998 739 1055 nuncupata
789 998 916 1039 sunt.
1003 990 1225 1047 Quorum
1273 993 1323 1039 in
1375 992 1589 1041 arbustis
1636 993 1729 1040 hoc
1778 992 1935 1041 simile

256 1071 331 1113 est
371 1064 621 1130 sensibus,
668 1065 798 1128 quod
839 1064 1038 1113 aluntur
1078 1072 1126 1113 et
1165 1067 1384 1129 gignunt.
1462 1065 1644 1114 Verum
1684 1073 1848 1114 tamen
1887 1073 1938 1115 et
2006 1092 2008 1126 5

254 1138 374 1187 haec
407 1145 455 1186 et
488 1140 648 1186 omnia
681 1138 952 1202 corporalia
984 1138 1191 1187 latentes
1222 1141 1275 1187 in
1308 1146 1479 1187 natura
1521 1155 1692 1188 causas
1733 1139 1939 1204 hahent3
2004 1143 2008 1152 “

257 1211 342 1260 sed
390 1212 572 1259 formas
622 1227 756 1276 suaS,
805 1211 984 1275 quibus
1032 1212 1202 1260 mundi
1250 1212 1395 1261 buius
1442 1212 1645 1261 visibilis
1687 1220 1937 1262 structura

257 1286 470 1333 formosa
526 1292 623 1350 est,
681 1285 959 1334 sentiendas
1016 1285 1243 1334 sensibus
1298 1286 1556 1351 praebent,
1610 1294 1666 1336 ut
1715 1301 1805 1350 pro
1863 1301 1937 1351 eo,
2006 1309 2008 1311 >

256 1358 387 1422 quod
427 1374 571 1406 nosse
622 1375 719 1407 non
765 1367 996 1424 possunt,
1044 1362 1182 1423 quasi
1229 1362 1541 1409 innotescere
1581 1360 1703 1408 velle
1742 1360 1936 1408 videan-
1985 1394 1987 1410 1

255 1440 350 1481 tur.
429 1432 524 1480 Sed
573 1448 663 1480 nos
716 1448 771 1480 ea
820 1448 970 1481 sensu
1010 1435 1231 1496 corporis
1270 1435 1337 1481 ita
1377 1435 1619 1499 capimus,
1669 1440 1722 1482 ut
1761 1433 1820 1482 de
1860 1433 1936 1482 his

254 1520 354 1554 non
394 1521 543 1554 sensu
583 1508 804 1570 corporis
852 1506 1140 1554 iudicemus
1219 1505 1467 1556 Habemus
1507 1509 1638 1555 enim
1677 1507 1824 1556 alium
1865 1509 1935 1555 in-

254 1580 452 1627 terioris
507 1579 718 1627 hominis
774 1595 974 1628 sensum
1027 1581 1122 1628 isto
1170 1579 1312 1644 longe
1352 1582 1785 1646 praestantiorem,
1840 1594 1936 1644 quo

254 1654 381 1701 iusta
415 1659 462 1701 et
493 1654 673 1701 iniusta
715 1655 968 1719 sentimUS,
1006 1655 1134 1702 iusta
1174 1668 1263 1717 per
1303 1653 1668 1718 intellegibilem
1707 1655 1937 1719 speciem,
1986 1650 2004 1712 ῗὶ

254 1727 434 1774 iniusta
484 1741 574 1790 per
624 1728 730 1775 eius
776 1728 1113 1791 privationem.
1190 1726 1262 1774 Ad
1309 1727 1455 1776 huius
1504 1742 1679 1776 sensus
1720 1727 1937 1776 officium
1979 1746 2003 1795 13

255 1815 354 1847 non
387 1801 516 1848 acies
547 1800 775 1865 pupulae,
815 1815 913 1848 non
946 1800 1166 1849 foramen
1199 1801 1462 1867 auriculae,
1501 1816 1599 1849 non
1639 1802 1936 1865 spiramenta
1978 1807 1999 1859 'j

254 1874 469 1939 narium,
517 1889 614 1921 non
655 1881 828 1937 gustus
868 1874 1108 1940 faucium,
1160 1889 1259 1922 non
1298 1875 1427 1923 ullus
1467 1889 1736 1938 corporeus
1776 1881 1935 1923 tactus
1996 1915 2004 1932 Α,

257 1947 457 1995 accedit.
535 1947 606 1995 Ibi
661 1963 738 1995 me
795 1955 842 1996 et
897 1963 1004 1996 esse
1061 1955 1110 1996 et
1164 1947 1257 1996 hoc
1305 1963 1449 1996 nosse
1497 1954 1663 1996 certus
1705 1963 1838 2007 sum,
1887 1954 1935 1996 et

255 2019 374 2068 haec
415 2035 521 2068 amo
562 2028 707 2084 atque
751 2036 911 2070 amare
953 2036 1029 2069 me
1070 2021 1294 2070 similiter
1334 2028 1499 2070 certus
1540 2036 1662 2070 sum.
1995 2022 2020 2043 ⁶*

844 2207 1042 2261 CAPUT
1075 2209 1329 2261 XXVIII.

255 2315 334 2362 Αη
373 2317 523 2362 etiam
565 2317 723 2375 ipsum
764 2329 997 2374 amorem,
1038 2331 1134 2376 quo
1176 2322 1223 2364 el
1263 2331 1368 2364 esse
1407 2323 1455 2364 et
1491 2318 1627 2364 scire
1666 2319 1932 2376 diliqimuS,

398 2390 612 2448 diliyere
654 2390 935 2447 debeamus,
976 2405 1071 2449 quo
1112 2392 1272 2450 maqis
1312 2392 1514 2438 divinae
1553 2392 1796 2438 trinitatis

771 2464 981 2521 imaqini
1012 2465 1417 2524 propinquemus,
1805 2463 1831 2472 ‘'

1940 2522 1964 2538 d

406 2563 501 2611 Sed
527 2563 586 2611 de
613 2563 805 2612 duobus
839 2564 948 2630 illis,
989 2567 1202 2613 essentia
1242 2565 1430 2614 scilicet
1471 2572 1518 2614 et
1557 2568 1744 2632 notitia,
1784 2581 1932 2630 quan-

255 2644 361 2686 tum
386 2644 612 2686 amentur
636 2639 686 2685 in
720 2636 875 2703 nobis,
909 2646 956 2685 et
990 2653 1139 2700 quem
1173 2638 1230 2686 ad
1264 2639 1464 2687 modum
1496 2640 1639 2687 etiam
1672 2641 1723 2688 in
1756 2641 1934 2688 ceteris
1960 2698 1991 2706 *-

374 2813 400 2851 5
431 2809 640 2852 radiatur
681 2808 790 2861 VA;
821 2808 956 2852 irrad.
990 2822 1015 2852 v
1039 2810 1054 2865 ΙΙ
1081 2814 1103 2852 7
1136 2808 1203 2866 id]
1238 2811 1286 2852 et
1317 2810 1385 2862 A,·
1417 2810 1475 2853 ad
1511 2810 1559 2854 id
1599 2810 1676 2866 Vn
1700 2815 1754 2854 22
1786 2824 1932 2867 pupu-

254 2867 328 2910 Iae
373 2867 498 2921 VA¹3
529 2867 736 2923 pupillae
767 2881 793 2910 v
818 2869 910 2923 1129
944 2867 1307 2923 propinquamus
1338 2882 1363 2911 υ
1985 2885 1990 2888 “
