2020 3122
598 137 665 171 DE
690 136 928 171 οῙἮΤΑΤΕ
951 137 1039 170 Dm
1062 137 1105 170 L.
1129 137 1194 171 1v.
1218 136 1257 171 e.
1283 137 1337 171 20.
1706 125 1808 177 169

794 317 990 373 CAPUT
1022 318 1139 372 XX.

126 432 204 481 Be
238 430 433 480 Virtute
464 434 513 479 et
534 430 675 491 Fide,
715 443 842 491 quas
862 430 1064 491 payam‘
1094 431 1285 491 templis
1317 435 1365 478 et
1394 431 1559 479 saeris
1591 431 1811 480 honora-

124 509 308 556 verunt
336 505 799 567 praetermittentes
830 504 935 551 alia
974 503 1119 564 bona,
1160 517 1291 564 quae
1329 504 1558 555 similiter
1598 505 1809 554 colenda

320 576 549 640 fuerunt,
589 579 635 626 si
671 582 810 627 reete
850 578 946 625 illis
987 577 1226 625 divinitas
1265 577 1598 626 tribuebatur.

272 679 512 730 Virtutem
548 695 745 745 quoque
777 679 917 729 deam
950 679 1197 745 fecerunt3
1237 694 1360 745 quae
1402 679 1601 744 quidem
1640 681 1682 728 si
1721 679 1810 728 dea
1842 686 1871 727 5

126 762 278 822 esset,
325 753 493 804 multis
532 754 695 804 fuerat
738 753 1077 819 praeferenda.
1153 752 1217 803 Et
1255 768 1388 803 nune
1428 755 1542 818 quia
1582 753 1671 802 dea
1710 769 1809 802 non

126 836 223 896 est,
272 827 356 878 sed
406 828 591 878 donum
630 827 720 877 Dei
759 834 857 895 est,
903 829 1010 893 ipsa
1058 826 1118 876 ab
1157 826 1240 876 illo
1280 829 1598 893 impetretur,
1646 842 1672 875 a
1712 842 1808 892 quo

126 903 229 952 solo
270 902 377 951 dari
426 907 614 967 potest,
662 908 711 951 et
758 902 917 950 omnis
957 901 1194 951 falsorum
1233 900 1440 951 deorum
1481 899 1627 950 turba
1666 915 1808 950 vane-

126 983 245 1026 scet.
324 975 421 1025 Sed
461 990 551 1025 cur
602 981 651 1024 et
689 975 834 1024 Fides
875 975 964 1024 dea
1003 975 1190 1025 credita
1230 982 1306 1024 est
1346 981 1395 1024 et
1433 975 1622 1039 accepit
1662 977 1808 1024 etiam

123 1052 229 1115 ipsa
254 1049 491 1114 templum
516 1055 566 1098 et
589 1045 776 1098 altare?
816 1049 974 1107 Quam
1005 1050 1229 1113 quisquis
1260 1048 1534 1113 prudenter
1573 1050 1808 1114 agnoscit,
1842 1054 1900 1095 10

122 1122 458 1173 habitaculum
504 1122 575 1171 illi
620 1138 673 1172 se
719 1124 881 1187 ipsum
931 1122 1060 1172 facit.
1136 1121 1276 1172 Unde
1324 1129 1488 1172 autem
1539 1123 1703 1172 sciunt
1741 1122 1812 1172 illi

126 1196 243 1262 quid
290 1197 355 1246 sit
403 1195 552 1262 fides,
603 1198 744 1245 cuius
794 1197 1011 1261 primum
1062 1203 1111 1245 et
1157 1198 1423 1245 maximum
1463 1196 1678 1246 officium
1721 1204 1810 1262 est,

124 1278 181 1320 ut
229 1272 280 1320 in
332 1285 506 1319 verum
560 1269 792 1319 credatur
841 1265 1035 1319 Deum?
1097 1269 1194 1319 Sed
1250 1285 1339 1319 cur
1394 1284 1493 1318 non
1549 1270 1811 1320 suffecerat

123 1340 327 1394 Virtus?
364 1343 539 1393 Nonne
564 1342 634 1392 ibi
674 1349 750 1393 est
789 1349 838 1392 et
868 1339 1050 1392 Fides?
1091 1343 1295 1402 Quando
1337 1342 1537 1407 quidem
1575 1345 1810 1393 virtutem

123 1419 175 1468 in
215 1423 448 1483 quattuor
487 1419 678 1482 species
718 1416 1109 1467 distribuendam
1149 1432 1258 1467 esse
1298 1416 1554 1483 viderunt,
1592 1417 1806 1482 pruden—
1843 1422 1899 1462 15

124 1493 264 1558 tiam,
311 1492 571 1558 iustitiam,
617 1491 983 1558 fortitudinem,
1028 1492 1434 1557 temperantiam3
1490 1499 1539 1541 et
1578 1493 1810 1555 quoniam

126 1572 175 1615 et
212 1567 334 1614 istae
368 1564 586 1628 singulae
620 1567 811 1630 species
852 1580 965 1614 suas
1004 1564 1201 1631 habent,
1240 1567 1291 1614 in
1330 1564 1554 1629 partibus
1594 1567 1810 1615 iustitiae

123 1639 246 1688 fides
286 1646 364 1688 est
400 1641 765 1703 maximumque
805 1638 969 1688 locum
1009 1639 1138 1705 apud
1179 1654 1268 1687 nos
1307 1637 1469 1705 habet,
1509 1640 1808 1704 quicumque

124 1714 310 1762 scimus
365 1711 483 1777 quid
537 1714 624 1779 sit,
680 1712 812 1777 quod
863 1715 1022 1763 iustus
1078 1728 1143 1763 ex
1188 1715 1294 1773 fide
1343 1714 1476 1762 vivit.
1555 1712 1652 1762 Sed
1699 1712 1809 1762 illos

32 1836 34 1838 ,
122 1787 277 1836 miror
323 1786 624 1852 adpetitores
669 1785 1000 1836 multitudinis
1047 1786 1280 1852 deorum,
1332 1787 1374 1835 si
1419 1785 1540 1835 fides
1590 1785 1680 1835 dea
1719 1794 1809 1854 est,
1842 1790 1898 1831 20

124 1875 276 1925 quare
324 1859 430 1909 aliis
477 1865 575 1909 tam
623 1859 792 1909 multis
839 1859 1024 1910 deabus
1063 1861 1292 1909 iniuriam
1343 1860 1553 1909 fecerint
1590 1867 1809 1925 praeter·

122 1932 362 1983 mittendo
404 1948 485 1982 eas
496 1973 511 2000 ‚
551 1932 731 1998 quibus
771 1933 996 1983 similiter
1035 1933 1181 1983 aedes
1222 1940 1270 1982 et
1310 1948 1418 1982 aras
1457 1933 1685 1983 dedicare
1723 1950 1808 1999 po-

124 2003 366 2057 tuerunt?
405 2005 505 2055 Cur
529 2009 854 2072 temperantia
894 2006 984 2056 dea
1024 2022 1132 2057 esse
1172 2022 1272 2056 non
1311 2008 1509 2074 meruit,
1549 2023 1662 2057 cum
1704 2009 1809 2058 eius

123 2082 321 2130 nomine
376 2080 600 2130 nonnulli
646 2079 854 2129 Romani
907 2082 1158 2146 principes
1212 2096 1312 2130 non
1357 2096 1555 2146 parvam
1604 2081 1808 2146 gloriam

126 2151 492 2219 compararint?
554 2153 654 2203 Cur
705 2154 917 2219 denique
968 2154 1206 2204 fortitudo
1253 2155 1343 2204 dea
1391 2169 1492 2205 non
1533 2164 1632 2222 est,
1684 2171 1807 2221 quae
1839 2157 1898 2198 25

125 2227 279 2277 adfuit
329 2227 515 2294 Muci0,
570 2242 683 2277 cum
731 2227 981 2278 dexteram
1028 2230 1252 2294 porrexit
1296 2231 1349 2278 in
1387 2229 1628 2296 flammas;
1683 2245 1806 2294 quae

125 2300 280 2350 adfuit
334 2300 527 2367 Curtio,
582 2316 696 2351 cum
751 2316 804 2350 se
857 2317 948 2367 pro
1003 2304 1160 2368 patria
1209 2304 1261 2352 in
1315 2302 1576 2368 abruptam
1623 2309 1808 2353 terram

124 2376 444 2440 praecipitem
484 2374 640 2441 dedit3
688 2390 811 2440 quae
859 2376 1015 2425 adsuit
1053 2375 1201 2426 Decio
1247 2378 1377 2442 patri
1416 2384 1466 2427 et
1503 2376 1653 2426 Decio
1692 2376 1807 2442 filio,

127 2462 238 2496 cum
286 2464 378 2514 pro
429 2451 651 2498 exercitu
703 2464 755 2498 se
806 2447 1081 2500 voverunt?
1144 2449 1195 2499 Si
1243 2457 1408 2501 tamen
1453 2450 1531 2500 his
1579 2449 1806 2500 omnibus

243 2591 316 2645 19)
347 2590 488 2636 Abac.
523 2595 564 2647 2,
597 2596 637 2635 4.

51 2787 62 2797 t
241 2756 269 2794 4
314 2751 408 2795 illis
459 2753 612 2799 adnot.
660 2754 760 2799 crit.
807 2754 1020 2798 editionis
1064 2753 1204 2806 Par.;
1251 2753 1357 2797 aliis
1402 2766 1428 2797 v
1463 2755 1478 2809 {l
1516 2757 1542 2797 8
1585 2754 1807 2796 uanescet

127 2806 316 2865 K¹F2v;
354 2810 564 2855 uanescit
593 2811 761 2866 A¹F1;
792 2814 1016 2857 uanescat
1045 2812 1184 2857 A²K2
1229 2814 1244 2868 ΙΙ
1293 2817 1344 2856 17
1379 2813 1426 2855 et
1456 2811 1573 2855 istae
1605 2811 1726 2866 AK,·
1757 2812 1806 2855 et

128 2879 208 2910 om.
241 2867 316 2913 Fv
339 2870 355 2926 ss
379 2874 433 2915 23
467 2883 573 2915 cum
603 2870 722 2929 eius]
756 2871 884 2915 cuius
916 2872 961 2915 A
