2020 3122
530 154 600 187 DE
623 153 862 188 CIVITATE
884 156 973 187 Dm
996 156 1036 188 L.
1060 157 1127 188 1x.
1153 157 1189 190 c.
1215 158 1266 190 15.
1292 159 1345 190 16.
1675 145 1780 198 389

103 267 240 316 dium
277 265 506 331 praebuit
543 266 908 330 participandae
949 267 1213 316 divinitatis
1247 284 1377 318 suae.
1447 269 1616 334 Neque
1650 272 1781 319 enim

104 356 194 390 nos
226 355 253 389 a
283 339 580 388 mortalitate
613 346 663 388 et
694 339 892 387 miseria
930 339 1144 390 liberans
1176 341 1234 390 ad
1267 342 1464 406 angelos
1496 343 1780 392 inmortales

103 413 372 477 beatosque
412 414 480 462 ita
518 412 769 478 perducit,
808 419 864 461 ut
896 427 1068 462 eorum
1099 416 1470 479 participatione
1504 418 1650 465 etiam
1690 431 1779 464 nos

101 486 388 536 inmortales
426 492 476 535 et
512 485 644 534 beati
684 487 861 552 simus;
902 486 988 534 sed
1028 486 1086 534 ad
1125 487 1255 536 illam
1286 488 1598 556 Trinitatem,
1638 491 1779 539 cuius

105 567 154 610 et
185 560 345 625 angeli
382 561 758 625 participatione
799 558 931 608 beati
963 566 1090 608 sunt.
1154 560 1267 609 Ideo
1309 563 1501 625 quando
1541 565 1592 611 in
1623 563 1779 612 forma

103 636 248 701 servi,
278 640 334 683 ut
365 633 606 682 mediator
638 639 784 700 esset,
815 633 943 681 infra
975 633 1174 698 angelos
1207 649 1314 683 esse
1346 635 1513 701 voluit,
1543 638 1593 684 in
1624 637 1779 684 forma

102 707 191 757 Dei
230 722 379 773 supra
419 707 617 772 angelos
657 708 857 773 mansit3
903 707 1034 755 idem
1072 708 1122 755 in
1168 707 1488 756 inferioribus
1526 711 1600 756 via
1640 711 1780 775 vitae,

104 784 189 847 qui
226 783 278 830 in
317 780 658 847 superioribus
698 781 808 829 vita.

750 983 949 1037 CAPUT
989 984 1133 1037 XVI.

99 1094 182 1142 An
207 1093 586 1142 rationabiliter
611 1092 865 1141 Platonici
895 1094 1186 1151 definierint
1216 1095 1333 1143 deos
1365 1097 1604 1144 caelestes
1629 1097 1779 1143 decli-

131 1172 309 1216 nantes
348 1171 556 1216 terrena
589 1169 829 1237 contagia
869 1167 1148 1215 hominibus
1180 1182 1279 1216 non
1318 1171 1534 1233 misceri,
1573 1170 1752 1230 quibus

273 1242 344 1288 ad
381 1241 655 1289 amicitiam
696 1241 904 1289 deorum
945 1242 1210 1290 daemones
1249 1242 1614 1303 saffraqentur.

249 1342 359 1391 Non
391 1344 522 1391 enim
554 1357 728 1392 verum
768 1350 857 1408 est,
896 1343 1026 1407 quod
1066 1343 1197 1392 idem
1243 1344 1524 1393 Platonicus
1564 1347 1630 1393 ait
1675 1345 1779 1393 Pla-

102 1423 269 1466 tonem
316 1416 520 1466 dixisse:
572 1415 778 1483 „Nullus
824 1416 956 1465 Deus
1011 1419 1247 1467 miscetur
1302 1414 1537 1484 homini“;
1594 1425 1642 1467 et
1687 1418 1781 1467 hoc

23 1512 28 1530 .
101 1491 423 1556 praecipuum
471 1505 644 1539 eorum
694 1489 1007 1540 sublimitatis
1055 1493 1122 1539 ait
1169 1507 1276 1540 esse
1325 1494 1595 1558 specimen,
1651 1492 1781 1556 quod

102 1563 232 1613 nulla
279 1563 635 1613 adtrectatione
690 1564 945 1613 hominum
995 1568 1403 1614 contaminantur.
1486 1565 1616 1630 Ergo
1672 1566 1781 1614 dae-

101 1652 273 1687 mones
306 1639 631 1686 contaminari
669 1638 866 1705 fatetur,
907 1646 956 1687 et
994 1638 1105 1687 ideo
1140 1655 1239 1705 θος,
1279 1655 1304 1687 a
1337 1639 1516 1703 quibus
1549 1641 1780 1688 contami-

103 1717 306 1778 nantur,
351 1711 591 1760 mundare
632 1727 731 1760 non
769 1719 981 1777 possunt
1019 1728 1287 1777 omnesque
1327 1713 1551 1762 inmundi
1596 1715 1781 1777 pariter

102 1785 254 1851 fiunt,
309 1792 358 1833 et
412 1784 676 1834 daemones
723 1788 1114 1835 contrectatione
1160 1786 1414 1835 hominum
1462 1793 1511 1835 et
1556 1786 1780 1834 homines

95 1858 238 1925 cultu
278 1850 588 1908 daemonum.
650 1859 748 1908 Aut
783 1862 825 1908 si
865 1867 914 1909 et
953 1862 1251 1908 contrectari
1290 1862 1585 1923 miscerique
1625 1859 1778 1907 homi-

102 1931 262 1999 nibus,
301 1947 393 1981 nec
425 1939 590 1981 tamen
624 1935 947 1982 contaminari
987 1933 1248 1982 daemones
1279 1940 1505 1999 possunt,
1544 1933 1637 1981 diis
1667 1947 1779 1996 pro-

103 2006 231 2055 fecto
270 2006 500 2055 meliores
541 2013 679 2072 sunt,
728 2009 841 2071 quia
880 2007 972 2073 illi,
1012 2009 1053 2055 si
1091 2008 1443 2071 miscerentur,
1483 2008 1779 2055 contamina-

103 2085 290 2129 rentur.
352 2079 475 2128 Nam
506 2080 600 2129 hoc
632 2080 840 2130 deorum
872 2081 1053 2130 dicitur
1087 2096 1194 2129 esse
1226 2083 1563 2146 praecipuum,
1601 2086 1657 2128 ut
1697 2094 1780 2127 eos

103 2152 379 2202 sublimiter
419 2161 670 2218 separatos
709 2154 922 2204 humana
962 2156 1284 2203 contrectatio
1317 2156 1648 2203 contaminare
1682 2167 1780 2200 non

101 2228 271 2290 possit.
331 2226 489 2276 Deum
528 2227 726 2292 quidem
761 2243 1008 2277 summum
1048 2229 1267 2276 omnium
1306 2234 1595 2293 creatorem,
1634 2228 1780 2290 quem

95 2314 192 2355 *nos
231 2315 403 2350 verum
443 2300 599 2350 Deum
639 2301 870 2367 dicimuS,
917 2304 987 2351 sic
1028 2317 1054 2350 a
1092 2301 1293 2350 Platone
1339 2301 1612 2366 praedicari
1651 2314 1778 2347 asse-

103 2380 252 2440 verat,
292 2374 423 2439 quod
454 2376 560 2439 ipse
601 2377 665 2424 sit
696 2375 829 2424 solus
863 2377 948 2440 qui
979 2390 1077 2424 non
1116 2376 1274 2439 possit
1305 2375 1545 2423 sermonis
1580 2373 1778 2421 humani

104 2450 273 2510 quavis
304 2450 524 2497 oratione
556 2448 632 2496 vel
665 2449 854 2498 modice
888 2448 1244 2513 conprehendi3
1283 2450 1359 2496 vix
1393 2453 1556 2496 autem
1589 2446 1774 2508 sapien-

104 2519 237 2569 tibus
267 2523 406 2588 viriS,
447 2537 560 2571 cum
597 2537 649 2570 se
681 2523 847 2586 vigore
880 2524 1029 2570 animi
1070 2528 1305 2585 quantum
1343 2520 1481 2569 licuit
1512 2534 1538 2566 a
1571 2531 1776 2580 corpore

223 2649 265 2703 6)
298 2648 417 2692 Phil.
452 2654 492 2704 2,
527 2655 566 2692 7.
630 2650 702 2703 13)
734 2650 802 2692 De
834 2649 920 2708 deo
955 2649 1078 2693 Socr.
1109 2663 1154 2704 p.
1188 2652 1258 2692 44.

103 2829 278 2926 AKFQO
311 2827 599 2870 contrectare
631 2825 779 2868 AKF
821 2828 835 2881 l}
882 2830 935 2868 27
971 2822 1198 2867 sermonis
1233 2821 1290 2875 C,·
1334 2818 1525 2876 penuria
1555 2815 1775 2861 sermonis

248 2898 275 2928 v

1815 1105 1870 1145 10

1816 1500 1868 1541 15

1812 1868 1869 1908 20

1812 2234 1866 2274 25
