2020 3122
282 97 394 150 ,564
959 113 995 147 s.
1020 114 1294 150 AUGUsTmI

280 221 602 287 baptismatis.
681 226 776 284 Qui
816 226 947 276 enim
985 226 1128 277 dixit:
1174 230 1233 278 Si
1269 232 1380 291 quis
1418 245 1518 280 non
1557 235 1767 281 renatus
1801 228 1966 294 fuerit
2012 215 2020 250 ‘¹

275 312 349 344 >ea:
395 312 531 358 aqua
577 305 628 348 et
669 302 874 362 spiritu,
923 316 1023 351 non
1073 303 1286 352 intrabit
1335 306 1387 352 in
1433 319 1646 366 reqnum
1693 308 1964 371 caelorum,
2015 331 2020 336 -

284 369 374 417 alia
415 374 656 421 sententia
689 375 812 423 istos
851 376 969 425 fecit
1009 382 1255 441 exceptOS,
1296 376 1379 426 ubi
1420 393 1519 426 non
1558 380 1720 427 minus
1761 394 1964 443 genera-

281 441 394 491 liter
426 446 515 494 ait:
562 447 661 504 Qui
689 462 767 497 me
805 449 1066 509 confessus
1099 448 1263 510 fuerit
1300 465 1474 500 eoram
1514 453 1807 511 hominibuS,
1847 467 1963 502 eon-

211 523 247 563 15
274 518 459 574 fitebor
493 514 579 583 <et
607 517 735 585 eqo>
770 537 881 571 eum
913 538 1088 572 eoram
1121 524 1280 572 Patre
1318 538 1424 573 meo
1464 527 1553 584 qui
1591 527 1640 573 in
1673 528 1828 574 caelis
1867 531 1965 583 est;

279 595 328 637 et
375 590 469 638 alio
517 592 646 642 loco:
709 597 810 654 Oui
846 598 1137 658 perdiderit
1177 598 1398 645 animam
1443 612 1588 646 suam
1622 603 1834 660 propter
1872 613 1964 664 me,

277 664 492 713 inveniet
545 681 669 716 eam.
746 668 872 718 Hinc
920 676 997 718 est
1035 670 1166 733 quod
1207 671 1449 734 scriptum
1489 676 1584 719 est:
1640 672 1872 721 Pretiosa
1914 675 1965 721 in

272 745 547 800 conspectu
580 741 785 790 Domini
813 757 947 791 mors
978 748 1273 793 sanctorum
1313 745 1434 792 eius,
1514 743 1642 800 Quid
1683 746 1814 792 enim
1851 760 1963 809 pre·

274 810 449 861 tiosius
490 829 637 878 quam
676 830 832 880 morS,
880 830 971 879 per
1011 831 1159 879 quam
1198 817 1252 864 fit
1292 823 1347 864 ut
1387 823 1436 865 et
1475 816 1653 865 delicta
1692 819 1853 866 omnia
1893 817 1962 866 di-

190 898 245 939 10
277 886 536 938 mittantur
584 894 633 936 et
678 889 854 936 merita
900 888 1197 938 cumulatius
1237 887 1547 953 augeantur?
1622 889 1792 954 Neque
1832 892 1965 939 enim

188 1266 242 1306 15

189 1633 245 1672 20

193 1998 249 2038 25

275 964 398 1012 tanti
439 967 556 1010 sunt
595 962 774 1026 meriti,
813 963 921 1025 qui,
962 977 1075 1010 cum
1115 969 1326 1011 mortem
1366 962 1564 1012 differre
1605 978 1706 1012 non
1744 971 1964 1028 possent,

275 1036 504 1100 baptizati
558 1040 674 1083 sunt
728 1033 1000 1098 deletisque
1056 1034 1285 1084 omnibus
1337 1038 1555 1100 peccatis
1610 1051 1669 1084 ex
1720 1035 1811 1084 hac
1864 1038 1962 1085 vita

277 1111 603 1174 emigrarunt,
658 1109 829 1172 quanti
879 1114 995 1156 sunt
1039 1108 1112 1170 hi,
1168 1111 1252 1173 qui
1299 1116 1532 1174 mortem,
1586 1124 1698 1158 cum
1745 1115 1965 1175 possent,
2014 1147 2017 1149 Α

276 1183 385 1232 ideo
427 1198 526 1231 non
566 1181 880 1248 distulerunt,
921 1183 1032 1245 quia
1074 1181 1354 1231 maluerunt
1394 1181 1645 1231 Christum
1684 1181 1962 1231 confitendo

275 1258 417 1305 finire
456 1257 604 1304 vitam
652 1270 799 1319 quam
845 1269 959 1303 eum
1006 1254 1228 1320 negando
1270 1255 1328 1304 ad
1369 1257 1476 1304 eius
1515 1255 1814 1320 baptismum
1852 1270 1962 1319 per-

275 1331 457 1379 venire.
536 1328 678 1386 Quod
732 1330 903 1392 utique
952 1329 994 1376 si
1041 1328 1298 1395 fecissent,
1354 1330 1501 1378 etiam
1548 1328 1642 1377 hoc
1682 1329 1754 1377 eis
1792 1330 1843 1376 in
1881 1327 1963 1376 illo
2011 1383 2018 1392 ⁸

277 1404 468 1452 lavacro
540 1402 904 1466 dimitteretur,
975 1401 1104 1465 quod
1174 1403 1350 1450 timore
1423 1403 1595 1451 mortis
1666 1406 1966 1465 negaverant

278 1476 552 1541 Christum,
600 1477 651 1523 in
692 1489 788 1539 quo
837 1474 1028 1522 lavacro
1070 1481 1118 1523 et
1157 1474 1251 1522 illis
1292 1475 1483 1523 facinus
1522 1482 1620 1523 tam
1659 1476 1854 1522 inmane
1893 1472 1963 1521 di-

276 1551 482 1598 missum
531 1554 629 1614 est,
678 1549 763 1611 qui
810 1547 1094 1596 occiderant
1142 1546 1405 1596 Christum.
1485 1547 1582 1596 Sed
1623 1546 1817 1611 quando
1858 1548 1964 1594 sine
2016 1600 2017 1604 Ἰ

279 1623 574 1672 abundantia
607 1622 790 1685 gratiae
825 1620 1038 1685 Spiritus
1077 1619 1223 1686 illius,
1264 1622 1347 1684 qui
1387 1620 1472 1669 uhi
1510 1620 1614 1669 vult
1653 1621 1821 1685 spirat,
1859 1627 1964 1668 tan·
2015 1667 2017 1670 .

279 1704 385 1746 tum
425 1695 677 1744 Christum
717 1709 880 1742 amare
920 1700 1145 1759 possent,
1184 1699 1241 1742 ut
1280 1709 1395 1743 eum
1433 1696 1483 1742 in
1524 1699 1660 1742 tanto
1700 1695 1827 1741 vitae
1867 1692 1964 1740 dis-

280 1771 485 1819 crimine
527 1767 618 1818 sub
670 1773 804 1816 tanta
844 1782 929 1831 spe
969 1769 1138 1815 veniae
1179 1781 1359 1830 negare
1399 1782 1496 1815 non
1535 1763 1777 1831 possent?
1831 1764 1963 1813 Mors

280 1845 432 1908 igitur
485 1843 703 1907 pretiosa
758 1847 1063 1905 sanctorum,
1118 1839 1299 1904 quibus
1353 1855 1467 1888 cum
1514 1845 1649 1888 tanta
1694 1840 1849 1903 gratia
1890 1843 1967 1886 est

281 1917 550 1982 praemissa
598 1921 647 1964 et
692 1920 981 1979 praerogata
1020 1929 1154 1961 mors
1195 1911 1399 1979 Christi,
1445 1919 1501 1961 ut
1549 1912 1606 1960 ad
1649 1927 1761 1960 eum
1800 1911 1967 1974 adqui·
2015 1906 2017 1908 ’

285 1990 496 2039 rendum
545 2003 682 2038 suam
728 2003 828 2036 non
876 1993 1230 2036 cunctarentur
1276 1985 1569 2052 inpendere,
1615 1987 1666 2033 in
1713 1999 1798 2032 eos
1846 1998 1967 2032 usus

283 2063 541 2112 redactum
574 2076 681 2111 esse
715 2062 1020 2125 monstravit,
1061 2059 1193 2124 quod
1233 2058 1292 2108 ad
1331 2074 1539 2123 poenam
1578 2058 1769 2122 peccati
1808 2057 1970 2105 suerat

284 2142 426 2184 antea
459 2137 800 2199 constitutum,
838 2139 895 2182 ut
925 2133 1039 2181 inde
1072 2134 1288 2181 iustitiae
1327 2133 1520 2180 fructus
1560 2131 1762 2179 uberior
1801 2145 1967 2178 nasce-

285 2215 438 2258 retur.
515 2208 646 2256 Mors
686 2222 803 2270 ergo
844 2222 942 2254 non
982 2206 1091 2254 ideo
1131 2204 1317 2254 honum
1355 2205 1511 2253 videri
1551 2203 1718 2268 debet,
1766 2204 1879 2266 quia
1919 2204 1970 2250 in

288 2289 473 2331 tantam
505 2281 767 2329 utilitatem
799 2295 897 2327 non
936 2281 983 2326 vi
1024 2293 1125 2344 sua,
1165 2278 1251 2327 sed
1293 2278 1454 2326 divina
1494 2277 1813 2341 opitulatione
1855 2290 1967 2323 con-

199 2366 256 2405 30
291 2370 427 2404 versa
469 2361 559 2418 est,
599 2359 669 2417 ut,
709 2368 832 2416 quae
874 2359 991 2400 tunc
1031 2351 1295 2400 metuenda
1332 2352 1585 2415 proposita
1624 2357 1715 2414 est,
1756 2363 1816 2396 ne
1856 2363 1967 2412 pec-

288 2525 362 2580 00)
395 2469 449 2566 I2)
482 2466 545 2567 130.
568 2470 619 2566 ἕ»,
652 2469 692 2509 5.
756 2466 799 2518 5)
826 2464 906 2508 Mt.
936 2469 1004 2518 10,
1038 2468 1108 2507 32.
1175 2465 1217 2518 7)
1249 2463 1314 2506 lb.
1350 2467 1419 2517 16,
1451 2467 1520 2506 25.
1584 2462 1627 2515 s)
1660 2460 1732 2503 Ps.
1768 2464 1867 2514 115,
1902 2462 1969 2502 15.

291 2557 311 2568 ..
419 2538 459 2569 o.
525 2559 534 2578 ,
600 2560 608 2567 .

407 2662 433 2699 2
467 2655 635 2712 spiritu
676 2655 718 2697 V
744 2667 825 2698 see.
860 2653 1044 2706 Graee.,·
1077 2653 1153 2709 Sp.
1189 2653 1349 2696 sancto
1381 2652 1454 2694 Av
1493 2652 1508 2706 ΙΙ
1547 2655 1573 2693 4
1606 2649 1674 2693 ait
1714 2648 1872 2702 VAF,·
1904 2648 1970 2691 di·
2000 2663 2002 2667 ’

290 2716 358 2758 xit
387 2729 412 2758 v
436 2717 451 2770 u
484 2722 508 2758 5
542 2716 589 2757 et
620 2727 708 2770 ego
740 2726 824 2757 om.
866 2712 951 2754 VA
990 2713 1006 2767 ΙΙ
1046 2716 1099 2756 13
1132 2710 1391 2767 migrarunt
1420 2709 1529 2763 AF,
1559 2709 1636 2752 sed
1666 2708 1724 2762 cf.
1757 2712 1830 2760 37,
1862 2712 1922 2752 21
1955 2707 1969 2763 Η

291 2778 350 2817 24
379 2772 608 2830 promissa.
648 2772 733 2815 VA
778 2773 793 2827 ΙΙ
839 2776 894 2814 26
927 2769 1109 2826 peccati
1139 2770 1185 2812 A
1217 2771 1433 2825 (poenam
1462 2766 1644 2824 peccati
1675 2791 1730 2798 —
1763 2765 1968 2810 iustitiae

291 2832 491 2886 fructu33
526 2833 581 2885 ef.
617 2835 721 2883 559,
753 2835 807 2883 1,·
838 2833 942 2882 561,
973 2829 1049 2883 13>
1082 2826 1319 2884 peccantis
1361 2826 1426 2870 Vv
