2020 3122
170 934 223 972 10

171 1301 224 1341 15

170 1669 226 1708 20

174 2037 229 2075 25

171 2508 226 2547 30

255 138 363 190 466
942 146 976 179 s.
1001 146 1275 180 AUGUSTINI

256 263 503 310 miseriam
544 267 592 309 et
639 259 1000 324 turpitudinem
1046 258 1320 324 praevidet3
1369 260 1410 307 si
1451 265 1616 308 autem
1655 274 1755 308 non
1800 274 1940 324 prae-

256 335 387 384 videt
418 350 510 383 nec
543 349 595 382 se
636 339 834 398 turpem
867 348 921 382 ac
954 335 1185 382 miseram
1225 333 1353 392 fore,
1394 332 1480 380 sed
1520 331 1714 381 beatam
1746 347 1942 398 semper

255 410 520 472 existimat,
574 407 693 456 salsa
733 409 963 472 opinione
1005 408 1068 455 sit
1106 406 1268 470 beata3
1310 421 1406 470 quo
1447 406 1543 454 dici
1583 406 1782 455 stultius
1822 406 1943 455 nihil

254 488 430 547 potest.
495 481 547 530 Si
580 487 746 530 autem
779 496 974 546 semper
1007 480 1206 544 quidem
1238 494 1328 543 per
1361 478 1555 528 saecula
1586 486 1720 528 retro
1754 481 1942 530 infinita

255 571 369 604 cum
414 555 717 604 beatitudine
766 555 1034 604 alternasse
1083 555 1271 603 animae
1322 554 1567 601 miseriam
1615 560 1810 619 putant,
1857 554 1943 603 sed

256 644 390 678 nunc
421 631 519 677 iam
551 629 610 677 de
643 634 826 693 cetere,
866 643 979 677 cum
1019 628 1170 676 fuerit
1208 625 1428 691 liberata,
1466 626 1523 674 ad
1557 629 1804 676 miseriam
1845 642 1943 676 non

257 717 366 752 esse
407 702 700 768 redituram,
741 702 892 750 nihilo
931 703 1094 750 minus
1128 701 1490 748 convincuntur
1529 715 1798 765 numquam
1838 716 1944 750 eam

257 777 410 825 fuisse
442 791 557 825 vere
598 776 815 841 beatam,
856 775 943 823 sed
983 775 1216 838 deinceps
1256 788 1365 822 esse
1405 775 1625 838 incipere
1664 789 1788 823 nova
1827 789 1943 839 qua-

257 850 367 899 dam
399 865 492 899 nec
524 850 680 898 fallaci
712 848 1039 913 beatitudine3
1073 863 1127 896 ac
1159 862 1249 912 per
1280 847 1374 896 hoc
1407 846 1693 897 fatebuntur
1720 848 1942 898 accidere

257 923 326 972 illi
366 923 547 987 aliquid
588 925 723 988 novi,
763 929 813 971 et
850 922 944 970 hoc
984 937 1217 986 magnum
1256 927 1402 985 atque
1442 921 1773 988 praeclarum,
1814 922 1944 986 quod

257 1012 523 1061 numquam
562 1003 696 1046 retro
746 1011 836 1060 per
876 997 1217 1045 aeternitatem
1266 994 1540 1044 accidisset.
1619 994 1771 1045 Cuius
1810 997 1943 1045 novi-

255 1073 369 1119 tatis
408 1085 606 1119 causam
647 1072 687 1118 si
728 1069 883 1118 Deum
924 1068 1175 1134 negabunt
1212 1071 1264 1117 in
1304 1075 1505 1118 aeterno
1554 1068 1785 1118 hahuisse
1827 1085 1940 1118 con-

255 1144 379 1210 silio,
412 1144 557 1193 simul
589 1159 703 1193 eum
735 1142 986 1208 negabunt
1017 1143 1336 1192 beatitudinis
1370 1144 1476 1192 eius
1509 1149 1777 1209 auctorem,
1811 1143 1943 1207 quod

255 1218 491 1267 nefandae
517 1219 782 1282 impietatis
807 1223 904 1282 est3
945 1219 987 1266 si
1020 1223 1183 1266 autem
1224 1216 1390 1266 dicent
1429 1219 1577 1266 etiam
1615 1219 1777 1282 ipsum
1817 1231 1942 1266 novo

259 1291 464 1340 consilio
506 1293 833 1357 excogitasse,
881 1297 936 1339 ut
976 1291 1036 1340 de
1078 1298 1244 1339 cetero
1293 1292 1354 1340 sit
1395 1292 1555 1340 anima
1597 1293 1650 1339 in
1689 1297 1946 1340 aeternum

258 1365 421 1431 beata,
470 1380 566 1430 quo
607 1364 751 1413 modo
793 1380 906 1413 eum
947 1364 1161 1413 alienum
1213 1364 1271 1412 ab
1313 1380 1391 1430 ea,
1442 1380 1565 1428 quae
1604 1364 1700 1413 illis
1741 1379 1937 1429 quoque

257 1438 500 1504 displicet,
539 1438 866 1488 mutabilitate
899 1435 1282 1487 monstrabunt?
1343 1438 1499 1487 Porro
1541 1441 1582 1487 si
1622 1453 1682 1486 ex
1721 1445 1943 1503 tempore

258 1519 492 1578 creatam,
545 1513 630 1561 sed
670 1512 804 1561 nullo
845 1511 1055 1561 ulterius
1095 1518 1317 1577 tempore
1356 1514 1651 1578 perituram,
1697 1518 1946 1576 tamquam

259 1601 545 1652 numerum,
585 1585 769 1635 habere
801 1587 1014 1651 initium,
1055 1585 1141 1634 sed
1173 1601 1272 1634 non
1312 1585 1495 1634 habere
1536 1586 1684 1634 finem
1716 1586 1947 1651 fatentur,

261 1666 309 1708 et
348 1659 457 1708 ideo
491 1659 643 1708 semel
684 1665 938 1724 expertam
970 1661 1217 1725 miserias,
1259 1661 1300 1707 si
1337 1659 1395 1707 ab
1430 1661 1501 1708 eis
1541 1661 1692 1708 fuerit
1730 1658 1947 1725 liberata,

259 1748 528 1797 numquam
560 1735 791 1782 miseram
831 1740 1002 1798 postea
1034 1733 1274 1782 futuram:
1314 1749 1411 1781 non
1445 1735 1618 1798 utique
1652 1732 1947 1782 dubitabunt

257 1807 350 1855 hoc
390 1808 499 1855 fieri
530 1814 760 1856 manente
801 1806 1291 1856 incommutabilitate
1326 1807 1519 1855 consilii
1550 1806 1653 1856 Dei.
1716 1806 1797 1856 Sic
1830 1821 1946 1871 ergo

259 1881 463 1929 credant
502 1889 551 1930 et
589 1881 831 1930 mundum
865 1896 924 1929 ex
963 1888 1186 1946 tempore
1226 1881 1335 1929 fieri
1373 1882 1610 1947 potuisse,
1649 1895 1742 1929 nec
1782 1887 1945 1930 tamen

258 1953 367 2002 ideo
401 1954 557 2003 Deum
595 1956 646 2003 in
681 1970 737 2003 eo
779 1955 1002 2003 faciendo
1035 1962 1292 2004 aeternum
1333 1954 1593 2003 consilium
1624 1953 1946 2003 voluntatem-

263 2042 358 2092 que
398 2034 628 2076 mutasse.

958 2170 1151 2225 CAPUT
1183 2172 1251 2225 V.

265 2276 384 2326 Tam
424 2292 522 2326 non
563 2293 668 2327 esse
707 2281 1031 2339 coyz'tandum
1079 2281 1141 2328 de
1189 2282 1397 2339 infinitis
1445 2285 1719 2341 temporum
1771 2279 1947 2340 spatiis

261 2357 378 2400 ante
403 2353 655 2413 mundum,
688 2366 838 2412 quam
871 2368 965 2402 nee
997 2355 1059 2402 de
1092 2347 1301 2412 infim‘h‘s
1332 2355 1555 2402 locorum
1587 2354 1764 2414 spatiis
1795 2357 1944 2400 extra

308 2427 568 2486 mundum,
608 2427 751 2485 quia,
789 2428 920 2474 sicut
958 2430 1097 2475 nulla
1137 2432 1255 2475 ante
1293 2428 1453 2488 ipsum
1491 2431 1608 2474 sunt
1646 2431 1885 2490 tempora,

625 2501 698 2546 ita
737 2501 876 2547 nulla
917 2505 1067 2548 extra
1108 2503 1268 2562 ipsum
1305 2505 1423 2548 sunt
1461 2503 1586 2549 loca.

412 2600 596 2649 Deinde
651 2600 918 2650 videndum
973 2608 1071 2667 est,
1132 2603 1236 2668 isti,
1292 2603 1377 2666 qui
1432 2601 1588 2650 Deum
1645 2601 1951 2650 conditorem

261 2673 430 2722 mundi
463 2689 571 2722 esse
606 2676 922 2723 consentiunt
955 2681 1004 2723 et
1035 2681 1198 2723 tamen
1239 2682 1483 2739 quaerunt
1516 2675 1575 2723 de
1622 2674 1792 2724 mundi
1831 2681 1964 2723 tem-ff

381 2821 437 2859 28
479 2819 532 2859 ut
569 2816 719 2859 editwr
760 2815 872 2868 VA,·
909 2817 1044 2872 vulyo
1083 2816 1219 2860 verba·
1257 2815 1419 2872 spatiis
1463 2818 1591 2860 extra
1624 2841 1677 2849 --
1712 2817 1819 2860 sunt
1847 2815 1949 2859 loca.

261 2874 534 2918 omittuntur
556 2875 571 2930 ΙΙ
595 2879 649 2918 31
683 2874 764 2918 isti
805 2874 962 2926 VAR-
992 2873 1093 2918 istis
1123 2888 1150 2919 v
