2020 3122
112 915 164 954 10

111 1282 163 1320 15

109 1648 164 1688 20

110 2015 164 2054 25

109 2427 164 2467 30

198 112 307 171 344
870 127 905 161 s,
928 127 1205 163 AUGUSTmI

176 235 320 291 ‘mus
397 241 459 290 At
504 242 635 289 enim
681 240 891 290 volatilia
937 256 1052 290 cum
1096 240 1301 290 volando
1353 241 1618 305 fatigantur
1656 241 1732 293 vel
1769 243 1881 292 refi-

198 316 428 365 ciendum
467 314 711 363 alimentis
749 330 931 379 corpus
970 313 1175 380 habent,
1213 321 1398 363 terram
1435 320 1670 378 repetunt
1706 315 1782 364 vel
1821 316 1881 366 ad

198 390 420 453 requiem
477 388 553 436 vel
591 388 649 436 ad
689 394 907 454 pastum,
962 388 1094 452 quod
1134 388 1418 454 daemoneS‚
1472 389 1726 455 inquiunt,
1781 404 1880 438 non

199 463 398 511 faciunt.
475 461 725 525 Numquid
757 477 874 526 ergo
905 461 1067 526 placet
1106 463 1192 527 eiS,
1231 467 1287 510 ut
1324 460 1534 510 volatilia
1574 461 1730 528 nobiS,
1770 462 1880 511 dae-

198 551 368 584 mones
408 542 571 584 autem
596 537 743 584 etiam
767 535 1044 584 volatilibus
1068 531 1396 583 antecellant?
1436 534 1578 591 Quod
1609 537 1652 584 si
1683 534 1882 584 demen-

197 611 443 659 tissimum
484 615 560 657 est
598 611 813 674 opinari,
853 608 974 657 nihil
1013 615 1089 656 est
1128 608 1258 671 quod
1299 607 1359 655 de
1398 607 1697 657 habitatione
1738 624 1881 674 supe·

195 684 343 731 rioris
377 682 607 731 elementi
640 683 813 746 dignos
854 697 963 730 esse
1003 681 1266 730 daemones
1306 683 1659 748 existimemuS,
1699 681 1881 746 quibus

196 771 287 804 nos
318 755 570 820 religionis
606 757 784 804 affectu
817 755 1028 804 subdere
1068 753 1347 804 debeamus
1427 754 1564 804 Sicut
1604 757 1735 804 enim
1773 756 1883 805 fieri

195 831 387 895 potuit,
441 836 496 878 ut
542 831 703 878 aeriae
749 829 975 877 volucres
1022 827 1347 877 terrestribus
1393 827 1536 877 nobis
1583 844 1682 878 non
1723 828 1882 878 solum

197 919 296 951 non
335 904 699 968 praeferantur,
748 917 918 950 verum
960 903 1107 951 etiam
1146 901 1453 951 subiciantur
1491 908 1697 968 propter
1734 904 1881 952 ratio-

197 976 319 1025 nalis
359 978 569 1042 animae,
617 991 740 1040 quae
780 978 831 1024 in
870 974 1012 1024 nobis
1053 981 1150 1041 est,
1198 975 1506 1039 dignitatem:
1544 977 1612 1025 ita
1650 976 1757 1025 fieri
1795 991 1882 1041 po·

196 1052 312 1115 tuit,
359 1056 415 1103 ut
454 1049 738 1115 daemoneS‚
777 1051 997 1113 quamvis
1037 1051 1191 1113 magis
1229 1050 1349 1098 aerii
1389 1050 1508 1116 sint,
1556 1049 1883 1099 terrestribus

196 1122 339 1171 nobis
392 1138 490 1172 non
542 1123 653 1172 ideo
705 1122 934 1172 meliores
982 1124 1102 1184 sint,
1150 1124 1264 1187 quia
1311 1129 1387 1172 est
1434 1137 1518 1172 aer
1564 1138 1710 1187 quam
1750 1129 1884 1172 terra

198 1197 448 1262 superior3
487 1196 573 1245 sed
612 1196 722 1245 ideo
764 1198 835 1245 eis
874 1196 1098 1245 homines
1136 1196 1450 1260 praeferendi
1489 1198 1610 1263 sint,
1651 1198 1883 1261 quoniam

198 1271 303 1334 spei
333 1271 529 1334 piorum
561 1270 816 1319 hominum
848 1285 1159 1334 nequaquam
1197 1269 1394 1319 illorum
1433 1269 1711 1334 desperatio
1752 1285 1882 1319 com-

195 1343 411 1408 paranda
465 1350 554 1393 est.
629 1343 749 1393 Nam
786 1350 855 1410 ⁸et
907 1343 988 1392 illa
1042 1345 1167 1392 ratio
1214 1342 1430 1392 Platonis
1442 1383 1456 1410 ‚
1506 1358 1601 1407 qua
1640 1343 1883 1394 elementa

197 1423 430 1481 quattuor
479 1419 800 1482 proportione
849 1418 1066 1466 contexit
1115 1423 1262 1480 atque
1309 1416 1525 1483 ordinat,
1570 1419 1638 1466 ita
1688 1416 1884 1466 duobus

197 1491 455 1555 extremiS,
493 1492 596 1555 igni
634 1490 956 1539 mobilissimo
997 1496 1047 1539 et
1086 1497 1247 1539 terrae
1286 1489 1532 1556 inmobili,
1571 1490 1730 1539 media
1769 1490 1884 1557 duo,

197 1578 363 1612 aerem
402 1571 452 1612 et
490 1579 680 1630 aquam⁷
719 1566 1041 1630 interserenS‚
1081 1570 1151 1630 ut,
1192 1570 1374 1628 quanto
1415 1571 1491 1613 est
1531 1579 1614 1612 aer
1654 1565 1794 1628 aquis
1835 1570 1887 1613 et
1932 1610 1938 1614 .

197 1651 309 1685 aere
341 1638 486 1704 igniS,
525 1643 661 1686 tanto
696 1644 744 1686 et
784 1652 938 1702 aquae
971 1638 1255 1702 superiores
1295 1639 1393 1686 sint
1431 1639 1594 1703 terris,
1635 1640 1752 1686 satis
1791 1653 1883 1687 nos

197 1710 426 1759 admonet
475 1710 756 1760 animalium
806 1712 982 1760 merita
1027 1726 1127 1759 non
1173 1726 1264 1775 pro
1318 1710 1677 1760 elementorum
1724 1710 1883 1776 gradi·

195 1782 288 1832 bus
328 1785 600 1833 aestimare.
675 1783 739 1833 Et
776 1786 881 1849 ipse
922 1786 1103 1849 quippe
1135 1783 1371 1848 Apuleius
1412 1799 1525 1834 cum
1565 1786 1744 1833 ceteris
1784 1791 1883 1834 ter-

195 1864 354 1906 restre
394 1857 572 1906 animal
617 1857 866 1906 hominem
916 1858 1058 1924 dicit,
1106 1860 1191 1922 qui
1238 1865 1401 1906 tamen
1439 1858 1583 1922 longe
1622 1859 1881 1923 praeponi-

195 1938 278 1979 tur
328 1930 617 1980 animalibus
669 1931 963 1996 aquatilibus
975 1972 990 1998 ,
1045 1946 1158 1980 eum
1219 1933 1349 1996 ipsas
1414 1947 1564 1995 aquas
1613 1937 1886 1997 praeponat

197 2002 358 2053 Plato:
410 2010 465 2053 ut
514 2004 857 2070 intellegamus
907 2020 1007 2053 non
1061 2004 1271 2054 eundem
1324 2005 1548 2054 ordinem
1598 2005 1885 2071 tenendum,

199 2092 313 2125 cum
359 2079 519 2141 agitur
566 2078 624 2127 de
673 2080 862 2127 meritis
911 2081 1206 2144 animarum,
1255 2081 1341 2142 qui
1378 2078 1573 2128 videtur
1613 2094 1721 2127 esse
1761 2077 1882 2127 ordo
1952 2144 1955 2148 .
2019 2126 2020 2131 ,

197 2151 248 2198 in
288 2149 520 2214 gradibus
560 2166 846 2217 corporum3
888 2151 973 2200 sed
1013 2152 1121 2200 fieri
1158 2167 1321 2218 posse,
1359 2159 1416 2201 ut
1452 2152 1661 2201 inferius
1701 2166 1884 2217 corpus

199 2225 359 2272 anima
398 2223 572 2272 melior
610 2224 850 2274 inhabitet
890 2225 1205 2289 deteriorque
1245 2227 1489 2290 superius,

785 2351 787 2354 ·
856 2336 1051 2391 CAPUT
1081 2338 1224 2391 XVI.

235 2415 371 2474 Quid
406 2416 469 2464 de
506 2416 730 2464 moribus
769 2421 920 2476 atque
959 2417 1244 2465 actionibus
1284 2419 1581 2466 daemonum
1619 2417 1863 2480 Apuleius

761 2489 1052 2538 Platonicus
1091 2492 1318 2539 senserit.
1539 2531 1552 2543 .

345 2561 414 2610 De
469 2561 690 2610 moribus
742 2577 858 2626 ergo
915 2561 1207 2611 daemonum
1262 2578 1374 2611 cum
1420 2563 1551 2611 idem
1600 2562 1882 2612 Platonicus

196 2634 502 2702 loqueretur,
542 2635 664 2684 dixit
697 2650 781 2683 eos
814 2634 998 2683 eisdem
1033 2635 1212 2699 quibus
1244 2635 1467 2685 homines
1501 2637 1648 2684 animi
1686 2642 1882 2700 pertur-

314 2735 388 2788 22)
421 2732 489 2793 De
522 2733 610 2777 deo
644 2733 767 2778 Socr.
799 2748 844 2789 p.
877 2737 947 2777 43.

316 2852 389 2906 25)
422 2851 749 2907 intellegamus
782 2849 978 2905 AKFv3
1008 2849 1286 2907 intellegant
1318 2850 1455 2894 Parr.
1488 2849 1555 2906 (22)
