2020 3122
551 131 617 162 DE
643 130 881 163 ctva'rE
904 132 992 163 DEI
1016 133 1060 165 L.
1086 132 1173 165 v11.
1198 133 1234 166 c.
1260 135 1312 166 19.
1682 122 1789 174 297

771 310 967 364 CAPUT
999 312 1143 366 XIX.

189 434 266 483 De
305 435 829 497 interpretationibus,
879 435 1059 494 quibus
1098 438 1299 484 colendi
1335 438 1550 486 Saturni
1586 442 1719 488 ratio

783 510 1138 556 concinnatur.

259 624 578 691 „Saturnum,
615 626 791 691 inquit,
830 623 1075 690 dixerunt,
1116 639 1240 689 quae
1274 631 1383 674 nata
1416 642 1475 674 ex
1515 642 1572 675 eo
1613 636 1792 695 essent,

113 698 309 748 solitum
334 698 585 765 devorare,
625 698 756 762 quod
797 713 854 747 eo
895 699 1095 763 semina,
1135 698 1266 747 unde
1305 707 1643 765 nascerentur,
1683 703 1789 750 red-
1823 712 1850 750 5

112 774 256 822 irent.
331 771 395 821 Et
426 772 558 836 quod
589 771 659 820 illi
705 787 794 836 pro
843 771 952 820 Iove
986 771 1127 835 gleba
1159 771 1356 826 obieeta,
1389 779 1466 821 est
1503 773 1793 840 devoranda,

113 846 368 912 signifieat,
406 847 589 911 inquit,
630 845 854 894 manibus
893 845 1120 894 humanis
1160 845 1304 894 obrui
1344 852 1542 910 coeptas
1583 848 1791 896 serendo

113 920 294 985 frugeS,
333 925 594 984 antequam
626 919 811 968 utilitas
851 918 1020 968 arandi
1059 926 1192 968 esset
1230 915 1473 968 inventa.“
1550 920 1794 970 Saturnus

113 1008 229 1057 ergo
268 992 366 1042 dici
411 992 582 1042 debuit
627 994 734 1056 ipsa
771 999 927 1059 terra,
974 1008 1071 1041 non
1113 995 1320 1059 semina3
1360 995 1464 1058 ipsa
1504 996 1635 1043 enim
1674 1010 1793 1060 quo·

111 1066 222 1116 dam
251 1067 396 1116 modo
429 1065 630 1116 devorat
669 1082 792 1130 quae
826 1068 1068 1133 genuerit,
1109 1082 1221 1116 eum
1261 1083 1320 1115 ex
1360 1083 1416 1116 ea
1456 1075 1566 1116 nata
1606 1071 1790 1117 semina
1825 1078 1881 1119 10

111 1141 161 1190 in
215 1155 320 1189 eam
375 1155 551 1190 rursus
603 1140 885 1205 recipienda
923 1140 1176 1189 redierint,
1253 1140 1316 1190 Et
1362 1142 1493 1206 quod
1539 1157 1629 1206 pro
1680 1142 1792 1191 Iove

112 1216 359 1279 accepisse
384 1214 565 1263 dicitur
589 1213 795 1279 glebam,
835 1214 952 1278 quid
986 1214 1078 1263 hoe
1110 1214 1168 1263 ad
1200 1215 1249 1264 id
1288 1215 1428 1280 valet,
1468 1215 1598 1279 quod
1640 1218 1789 1264 mani-

110 1287 203 1337 bus
243 1287 495 1337 hominum
535 1303 704 1337 semen
737 1287 875 1353 gleba
916 1295 1206 1353 coopertum
1245 1285 1357 1338 est‘?
1395 1288 1644 1353 Numquid
1682 1290 1792 1338 ideo

112 1377 210 1410 non
242 1368 332 1428 est,
371 1368 427 1411 ut
458 1368 637 1428 cetera,
677 1362 978 1428 devoratum,
1019 1363 1147 1427 quod
1181 1361 1322 1426 gleba
1353 1370 1643 1427 coopertum
1683 1360 1792 1412 est?

111 1435 181 1484 Ita
206 1437 338 1484 enim
361 1435 454 1485 hoe
480 1436 666 1485 dictum
698 1443 788 1503 est,
829 1437 968 1501 quasi
1000 1438 1080 1500 qui
1123 1435 1313 1501 glebam
1353 1438 1582 1501 opposuit
1622 1452 1790 1486 semen
1823 1446 1879 1487 15

112 1508 388 1576 abstulerit,
435 1511 564 1560 sieut
612 1509 825 1559 Saturno
873 1509 1137 1575 perhibent
1185 1509 1344 1559 oblata
1390 1509 1529 1574 gleba
1577 1510 1791 1560 ablatum

110 1582 287 1648 Iovem,
326 1598 382 1632 ae
421 1599 519 1632 non
558 1586 723 1649 potius
762 1583 901 1648 gleba
942 1599 1111 1632 semen
1152 1584 1419 1648 operiendo
1461 1584 1634 1633 fecerit
1671 1583 1791 1633 illud

62 1679 66 1685 ·
111 1655 393 1720 diligentius
439 1657 677 1707 devorari.
754 1657 940 1707 Deinde
993 1659 1088 1706 isto
1144 1657 1288 1705 modo
1340 1672 1508 1706 semen
1557 1664 1632 1706 est
1678 1658 1787 1722 Iup-

110 1731 253 1796 piter,
292 1745 392 1779 non
424 1733 624 1780 seminis
658 1747 820 1797 causa,
859 1731 989 1796 quod
1028 1730 1173 1795 paulo
1214 1737 1326 1779 ante
1367 1730 1634 1779 dicebatur.
1692 1731 1788 1779 Sed

110 1802 228 1867 quid
267 1804 447 1853 faciant
483 1804 723 1871 hommes,
763 1806 863 1870 qui,
903 1819 1014 1853 cum
1054 1819 1136 1852 res
1176 1804 1348 1852 stultas
1387 1805 1790 1870 interpretantur,
1823 1813 1881 1853 20

109 1891 208 1925 non
263 1878 519 1927 inveniunt
574 1879 691 1942 quid
747 1880 994 1942 sapienter
1049 1874 1277 1926 dicatur?
1350 1877 1573 1944 „Faleem
1628 1877 1789 1944 habet,

109 1951 292 2016 inquit,
338 1957 543 2015 propter
590 1946 993 2016 agriculturam.“
1070 1950 1214 1999 Certe
1260 1950 1342 1999 illo
1391 1957 1626 2015 regnante
1667 1967 1787 2000 non-

111 2023 227 2072 dum
275 2029 380 2072 erat
427 2024 751 2091 agricultura,
802 2031 851 2074 et
895 2024 1005 2073 ideo
1053 2026 1219 2089 priora
1266 2026 1372 2075 eius
1420 2030 1641 2088 tempora
1677 2040 1787 2089 per-

111 2096 360 2163 hibentur,
400 2099 528 2146 sicut
558 2098 688 2147 idem
719 2100 824 2163 ipse
857 2097 1056 2146 fabellas
1087 2099 1457 2164 interpretatur,
1497 2099 1610 2162 quia
1640 2099 1787 2163 primi

110 2169 333 2219 homines
374 2186 433 2218 ex
465 2171 542 2221 his
580 2171 806 2220 vivebant
845 2171 1131 2238 seminibuS,
1171 2187 1294 2235 quae
1334 2178 1466 2220 terra
1506 2178 1680 2236 sponte
1719 2173 1787 2236 gi·
1821 2179 1877 2219 25

111 2242 301 2307 gnehat.
378 2243 452 2293 An
484 2244 659 2294 falcem
690 2251 886 2310 sceptro
919 2244 1112 2309 perdito
1146 2246 1348 2309 accepit,
1387 2251 1458 2311 ut,
1498 2247 1583 2309 qui
1620 2246 1791 2310 primis

112 2316 417 2382 temporibus
458 2334 545 2367 rex
585 2319 746 2368 fuerat
784 2320 988 2385 otiosus,
1027 2318 1124 2367 filio
1164 2325 1401 2382 regnante
1441 2319 1582 2367 fieret
1621 2333 1788 2383 opera-

113 2391 216 2439 rius
260 2389 574 2441 laboriosus?
650 2392 835 2441 Deinde
883 2392 993 2441 ideo
1045 2392 1163 2440 dicit
1208 2407 1233 2440 a
1273 2391 1567 2456 quibusdam
1606 2406 1787 2456 pueros

113 2464 158 2511 ei
196 2463 364 2514 solitos
396 2466 652 2532 immolari,
692 2467 821 2515 sicut
860 2481 886 2514 a
924 2465 1118 2530 PoeniS,
1159 2471 1207 2514 et
1247 2481 1271 2513 a
1312 2464 1605 2529 quibusdam
1645 2466 1788 2512 etiam

113 2538 343 2604 maioreS,
390 2540 518 2588 sicut
557 2555 584 2588 a
623 2539 794 2606 Gallis,
842 2541 954 2604 quia
1002 2540 1221 2587 omnium
1268 2540 1511 2587 seminum
1550 2538 1785 2601 optimum
1819 2545 1877 2584 30

114 2615 188 2659 est
233 2626 389 2675 genus
435 2611 720 2662 humanum.
797 2613 865 2661 De
914 2613 1004 2661 hae
1044 2612 1383 2661 erudelissima
1421 2612 1630 2658 vanitate
1671 2609 1787 2673 quid

113 2697 237 2747 opus
276 2691 352 2734 est
389 2685 531 2749 plura
570 2683 772 2736 dicere?
840 2685 945 2735 Hoe
983 2687 1150 2751 potius
1188 2684 1496 2733 advertamus
1535 2689 1679 2746 atque
1719 2689 1788 2730 te·

232 2859 288 2898 24
318 2853 462 2914 idem]
496 2855 619 2900 enim
653 2857 698 2900 A
728 2857 780 2911 (l.
813 2860 872 2901 13
904 2870 937 2900 c.
973 2861 1000 2901 3
1034 2856 1153 2900 sicut
1184 2854 1307 2898 enim
1339 2852 1561 2909 seriptum
1592 2853 1679 2907 est)
