2020 3122
227 132 337 186 202
917 139 954 174 s.
979 138 1255 174 Ancoszrm

226 257 414 322 Nempe
454 255 817 305 evidentissime
862 253 956 302 hoc
1002 252 1174 303 ultimo
1225 266 1370 301 versu
1409 267 1466 302 ea
1504 253 1601 302 fata
1640 254 1912 319 appellavit,

183 352 186 355 ·
230 347 375 397 quam
427 344 576 394 supra
626 328 816 377 dixerat
855 329 1034 376 summi
1082 328 1236 391 patris
1275 326 1598 393 voluntatem3
1653 330 1734 377 cui
1771 344 1910 394 para-

227 413 335 454 tum
374 419 426 453 se
468 402 701 452 oboedire
740 401 883 462 dicit,
923 407 980 450 ut
1018 400 1187 449 volens
1227 399 1458 468 ducatur,
1497 415 1559 449 ne
1601 391 1773 452 no'lens
1811 409 1909 452 tra-

225 478 393 544 hatur3
433 478 665 542 quoniam
704 475 891 525 scilicet

167 591 193 630 5
371 583 574 631 Ducunt
610 581 861 630 volentem
899 579 1020 641 fata,
1057 580 1309 627 nolentem
1347 578 1569 627 trahunt.

226 684 300 734 Illi
340 699 538 748 quoque
577 698 750 732 versus
789 682 1039 731 Homerici
1090 681 1206 730 huic
1246 683 1520 731 sententiae
1562 682 1910 750 suffragantur,

226 774 350 823 quos
391 757 563 807 Cicero
603 759 654 806 in
692 756 920 805 Latinum
958 756 1126 804 vertit:

375 863 680 921 Talessunt
716 860 974 908 hominum
1011 861 1220 918 mentes,
1260 859 1395 920 quali
1432 862 1577 920 pater
1614 860 1722 922 ipse

371 936 597 998 Iuppiter
635 934 901 982 auctiferas
939 932 1176 981 lustravit
1211 932 1399 980 lumine
1437 935 1615 982 terras,

137 1048 191 1088 10
223 1038 325 1087 Nec
363 1040 434 1087 in⁴
453 1038 544 1086 hac
594 1037 881 1101 quaestione
932 1036 1273 1084 auctoritatem
1322 1033 1528 1084 haberet
1565 1037 1759 1100 poetica
1798 1028 1907 1087 scn-

222 1114 397 1177 tentia3
437 1111 524 1160 sed
557 1112 786 1175 quoniam
821 1109 1015 1158 Stoicos
1046 1108 1166 1158 dicit
1203 1109 1300 1156 vim
1339 1108 1426 1158 fati
1465 1117 1744 1160 asserentes
1782 1112 1905 1161 istos

224 1202 283 1235 ex
322 1185 537 1234 Homero
575 1199 749 1243 versus
799 1182 958 1232 solere
997 1197 1263 1248 usurpare,
1311 1197 1410 1231 non
1450 1182 1509 1232 de
1548 1183 1679 1233 illius
1718 1191 1909 1252 poetae,

223 1259 310 1308 sed
365 1259 426 1308 de
476 1260 686 1308 istorum
735 1255 1143 1322 philosophorum
1197 1257 1428 1321 opinione
1479 1262 1741 1324 tractatur,
1794 1274 1907 1308 cum

221 1348 312 1398 per
351 1335 472 1382 istos
496 1347 685 1398 versuS‚
725 1346 849 1395 quos
890 1330 1210 1394 disputationi
1248 1329 1482 1379 adhibent
1522 1346 1669 1395 quam
1708 1332 1767 1381 de
1806 1333 1906 1382 fato

136 1416 189 1456 15
221 1406 429 1472 habent,
477 1406 595 1470 quid
642 1407 855 1454 sentiant
902 1419 1010 1452 esse
1059 1403 1214 1453 fatum
1260 1405 1567 1468 apertissime
1615 1405 1907 1473 declaratur,

224 1481 453 1544 quoniam
500 1479 665 1528 Iovem
715 1477 986 1543 appellant,
1032 1492 1181 1542 quem
1227 1492 1474 1526 summum
1526 1478 1672 1529 deum
1719 1486 1912 1547 putant,

222 1569 249 1603 a
289 1569 386 1618 quo
427 1554 750 1602 conexionem
790 1551 961 1601 dicunt
997 1550 1216 1616 pendere
1256 1551 1482 1602 fatorum.

904 1723 1097 1778 CAPUT
1133 1724 1227 1778 IX.

222 1835 298 1885 De
342 1836 690 1897 praescientia
737 1834 837 1883 Dei
884 1839 933 1882 et
977 1834 1142 1883 libera
1180 1834 1394 1882 hominis
1433 1835 1686 1884 voluntate
1725 1841 1908 1886 contra

132 1916 188 1956 20
742 1909 999 1958 Ciceronis
1039 1909 1391 1966 definitionem.

369 2010 470 2060 Hos
511 2010 683 2061 Cicero
731 2012 798 2060 ita
843 2010 1143 2075 redarguere
1183 2011 1386 2076 nititur,
1424 2016 1481 2059 ut
1519 2025 1619 2059 non
1658 2011 1907 2062 existimet

221 2083 404 2148 aliquid
450 2099 502 2133 se
542 2085 778 2134 adversus
819 2099 903 2133 eos
949 2083 1133 2150 valere,
1179 2084 1275 2132 nisi
1314 2083 1504 2133 auferat
1541 2083 1903 2136 divinationem.

222 2156 379 2215 Quam
411 2159 482 2207 sic
514 2164 721 2207 conatur
761 2159 971 2223 auferre,
1010 2164 1067 2207 ut
1097 2163 1244 2222 neget
1277 2172 1385 2206 esse
1426 2159 1683 2207 scientiam
1713 2158 1904 2208 futuro-

219 2245 353 2297 rum,
402 2246 608 2296 eamque
658 2231 887 2282 omnibus
933 2231 1122 2280 viribus
1168 2230 1352 2279 nullam
1399 2245 1508 2280 esse
1547 2233 1748 2280 omnino
1789 2247 1905 2282 con·

130 2312 187 2351 25
219 2304 403 2371 tendat,
441 2305 517 2354 vel
555 2307 608 2354 in
646 2305 844 2354 homine
887 2303 959 2353 vel
997 2306 1049 2353 in
1089 2302 1197 2369 dec,
1236 2303 1516 2368 nullamque
1555 2319 1725 2354 rerum
1763 2321 1903 2370 prae—

219 2377 499 2427 dictionem.
575 2378 647 2428 Ita
709 2385 759 2428 et
816 2378 905 2428 Dei
967 2379 1344 2443 praescientiam
1398 2384 1544 2442 negat
1597 2385 1646 2427 et
1707 2394 1906 2429 omnem

216 2451 527 2516 prophetiam
580 2452 691 2502 luce
739 2451 998 2502 clariorem
1043 2457 1252 2500 conatur
1306 2457 1528 2500 evertere
1576 2453 1712 2501 vanis
1760 2467 1902 2518 argu—

217 2525 603 2575 mentationibus
650 2532 700 2575 et
746 2525 1038 2590 opponendo
1087 2523 1182 2573 sihi
1228 2524 1468 2588 quaedam
1507 2526 1726 2592 oracula,
1776 2541 1902 2591 quae

218 2599 358 2648 facile
399 2606 608 2664 possunt
646 2599 825 2665 refelli3
866 2614 991 2663 quae
1030 2606 1196 2647 tamen
1235 2613 1326 2647 nec
1364 2600 1471 2663 ipsa
1511 2601 1770 2650 convincit.
1846 2599 1903 2648 In

339 2727 382 2782 c)
417 2726 500 2770 Od.
538 2731 604 2783 18,
639 2732 723 2772 136
757 2741 824 2782 sq.
889 2728 931 2783 7)
964 2725 1138 2771 Acade>
1201 2726 1277 2782 21)
1310 2724 1461 2770 Divin.
1497 2731 1538 2770 2.

335 2864 360 2903 2
394 2860 555 2918 quam]
589 2874 694 2904 cum
725 2859 796 2914 A,·
828 2871 946 2915 quae
978 2856 1102 2902 A²K
