2020 3122
173 928 227 967 10

171 1295 225 1334 15

170 1898 226 1937 20

169 2383 225 2422 25

262 132 368 184 556
933 142 967 175 s,
992 142 1269 176 Auensrm

262 256 489 321 eredere3
530 271 689 320 neque
732 257 863 304 enim
903 262 952 304 et
989 257 1109 321 ipsa,
1150 257 1191 303 si
1233 257 1410 305 usitato
1451 262 1653 305 naturae
1694 255 1942 304 curriculo

262 331 606 396 gignerentur,
652 329 874 394 prodigia
921 329 1219 378 dicerentur.
1299 329 1427 387 Quid
1474 336 1638 378 autem
1679 329 1770 378 sub
1809 336 1945 378 tanta
2000 323 2020 396 {3

261 403 616 467 gubernatione
657 403 846 452 divinae
886 402 1245 469 providentiae,
1285 405 1507 467 quamvis
1547 405 1653 452 eius
1693 418 1839 452 eausa
1877 403 1942 451 la·
2005 401 2020 456 f]

261 483 376 542 teat,
417 477 602 526 frustra
641 473 894 541 gignitur?
947 477 1027 525 Ait
1067 477 1264 540 quidam
1302 477 1519 541 psalmus
1560 492 1721 526 sacer:
1773 477 1945 526 Venite
2004 496 2005 500 ¹

262 557 310 599 et
346 553 510 600 videte
549 566 705 613 opera
746 552 960 612 Domini,
1001 565 1132 612 quae
1165 553 1335 612 posuit
1366 553 1611 614 prodiqia
1649 565 1803 612 super
1843 557 1942 600 ter-

261 638 386 672 ram.
465 623 565 673 Cur
616 640 733 689 ergo
789 641 849 673 ex
895 624 1047 673 latere
1094 625 1187 672 viri
1233 624 1415 672 femina
1453 625 1580 673 faeta
1619 626 1708 690 sit,
1763 629 1812 672 et
1849 624 1943 672 hoe

259 699 474 761 primum
507 698 718 762 quodam
756 698 901 747 modo
940 697 1221 762 prodigium
1261 698 1374 761 quid
1416 698 1836 764 praefiguraverit,
1874 697 1943 746 di·
2002 702 2008 734 ἴ

261 778 402 820 cetur
443 772 534 819 alio
574 772 698 838 1000,
739 778 978 836 quantum
1017 786 1094 819 me
1135 770 1266 819 Deus
1307 771 1560 820 adiuverit.

406 844 549 894 Nune
612 848 843 909 quoniam
896 844 1021 892 liber
1081 847 1174 893 iste
1230 845 1531 894 claudendus
1586 850 1685 908 est,
1746 846 1797 893 in
1851 844 1945 892 hoe
2006 835 2007 838 Ἴ

262 917 467 982 [primo]
509 919 723 985 homine,
764 920 847 983 qui
887 920 1117 983 primitus
1158 919 1317 967 faetus
1357 925 1446 981 est,
1486 919 1706 967 nondum
1746 918 1945 982 quidem

260 992 533 1040 secundum
565 992 872 1058 evidentiam,
910 994 1007 1040 iam
1038 999 1203 1040 tamen
1235 992 1510 1042 seeundum
1540 992 1627 1040 Dei
1665 993 1944 1056 praeseien-
2006 1028 2008 1032 -

260 1067 377 1113 tiam
416 1068 612 1114 exortas
652 1066 805 1115 fuisse
847 1067 1184 1114 existimemus
1224 1068 1274 1114 in
1315 1081 1495 1130 genere
1534 1066 1749 1114 humano
1790 1067 1943 1114 soeie-
2005 1059 2008 1118 ζ

258 1145 384 1187 tates
432 1145 680 1204 tamquam
729 1142 950 1189 civitates
989 1139 1125 1189 duas,
1201 1139 1275 1188 Ex
1313 1140 1396 1188 illo
1438 1141 1570 1188 enim
1608 1140 1764 1188 futuri
1805 1147 1945 1187 erant
2004 1129 2008 1186 ἶ

258 1212 511 1278 homines,
567 1213 648 1262 alii
700 1214 839 1262 malis
894 1213 1079 1277 angelis
1133 1215 1184 1262 in
1240 1213 1510 1278 suppliciO,
1565 1212 1644 1261 alii
1695 1212 1838 1261 bonis
1892 1215 1943 1260 in
2007 1248 2008 1261 ³

257 1289 476 1350 praemio
517 1288 759 1354 sociandi,
801 1289 1020 1351 quamvis
1061 1287 1253 1336 occulto
1294 1287 1381 1336 Dei
1419 1287 1616 1347 iudiciO,
1657 1287 1743 1336 sed
1780 1293 1944 1336 tamen
2006 1309 2008 1336 2

257 1362 403 1408 iusto,
482 1359 604 1409 Cum
657 1363 787 1409 enim
835 1363 1075 1425 seriptum
1123 1363 1207 1411 sit:
1277 1363 1549 1411 Universae
1594 1363 1707 1410 viae
1745 1361 1950 1409 Domini
2006 1367 2008 1429 ἶ

258 1436 613 1483 misericordia
653 1441 701 1483 et
738 1438 951 1483 veritas:
1005 1450 1096 1483 nec
1137 1437 1319 1483 iniusta
1360 1438 1466 1483 eius
1506 1436 1661 1498 gratia
1701 1449 1792 1482 nec
1833 1449 1942 1481 cru-

258 1506 379 1555 delis
418 1514 582 1572 potest
621 1523 728 1556 esse
768 1510 967 1557 iustitia.

844 1887 1124 1940 LIBER
1169 1887 1361 1940 XIII.

963 2093 1156 2147 CAPUT
1197 2093 1237 2145 I.

296 2201 372 2250 De
411 2203 553 2262 lapsu
588 2203 871 2262 primorum
910 2203 1176 2261 hominum,
1206 2215 1308 2263 per
1347 2214 1492 2261 quem
1531 2206 1605 2249 est
1642 2204 1908 2248 eontracta

952 2277 1248 2324 mortalitas,

407 2375 663 2440 Expeditis
695 2377 754 2424 de
795 2379 956 2426 nostri
995 2377 1177 2426 saeculi
1217 2383 1391 2426 exortu
1433 2383 1481 2425 et
1520 2377 1579 2424 de
1618 2377 1758 2424 initio
1798 2390 1943 2438 gene-

259 2452 328 2498 ris
380 2451 581 2499 humani
627 2449 926 2498 difficillimis
973 2450 1344 2514 quaestionibus
1391 2465 1523 2498 nune
1569 2451 1663 2497 iam
1705 2448 1764 2496 de
1803 2448 1975 2512 lapsu'

258 2525 406 2587 primi
444 2523 679 2590 hominiS,
727 2525 877 2571 immo
925 2525 1200 2588 primorum
1238 2524 1516 2590 hominum,
1566 2529 1615 2571 et
1653 2522 1712 2570 de
1753 2523 1943 2586 origine
1995 2522 1998 2524 ’

378 2651 422 2705 6)
455 2650 528 2695 Ps.
561 2655 633 2706 45,
667 2657 706 2695 9.
772 2653 844 2706 17)
876 2650 950 2694 Ps.
984 2655 1054 2706 24,
1091 2655 1157 2696 10.

380 2818 402 2856 7
429 2812 609 2856 dicetur
649 2811 760 2865 VA‚·
791 2811 961 2855 dicitur
984 2811 1063 2864 F;
1110 2811 1202 2855 alio
1226 2811 1344 2866 loco,
1378 2812 1604 2866 quantum
1631 2843 1669 2856 ..
1699 2807 1943 2864 adiuverit,

258 2871 410 2915 dicam
442 2886 467 2915 v
491 2873 506 2927 Η
531 2876 586 2914 10
617 2872 770 2927 primo
803 2884 884 2915 om.
928 2871 971 2914 V
990 2872 1004 2927 ΙΙ
1029 2875 1084 2914 23
1115 2870 1255 2927 primi
1284 2870 1485 2915 hominis
1518 2884 1542 2914 v
