2020 3122
171 942 226 983 10

170 1310 222 1349 15

167 1678 223 1717 20

168 2044 223 2083 25

169 2412 226 2451 30

259 149 368 203 438
947 157 982 192 S.
1006 157 1280 193 Aucus'nm

259 274 584 339 principium,
639 273 780 321 cuius
835 272 1171 321 incarnatione
1226 284 1510 336 purgamur.
1586 268 1714 318 Eum
1761 271 1941 335 quippe

260 350 312 397 in
343 349 447 412 ipsa
480 360 627 395 carne
660 347 970 411 contempsit,
1010 360 1156 409 quam
1179 350 1385 410 propter
1410 342 1706 392 sacrificium
1745 349 1942 393 nostrae

259 421 565 485 purgationis
613 419 905 486 adsumpsit,
955 433 1188 483 magnum
1234 416 1423 466 scilicet
1471 422 1835 466 sacramentum
1888 432 1946 466 ea

261 493 492 558 superbia
530 508 630 542 non
668 492 975 559 intellegam,
1016 507 1163 556 quam
1201 506 1290 540 sua
1328 489 1408 538 ille
1448 489 1722 539 humilitate
1762 490 1942 540 deiecit

260 582 407 616 verus
445 566 787 632 benignusque
827 565 1087 631 Mediator,
1132 567 1184 613 in
1233 579 1289 612 ea
1328 578 1380 612 se
1421 563 1686 613 ostendens
1726 564 1941 614 mortali-

258 646 357 690 tate
397 640 713 707 mortalibus,
753 655 898 704 quam
937 639 1136 703 maligni
1174 637 1467 701 fallacesque
1508 637 1804 687 mediatores
1843 653 1944 687 non

257 713 482 763 habendo
538 729 589 763 se
646 713 909 778 superbius
973 711 1257 761 extulerunt
1311 712 1606 775 miserisque
1661 711 1944 761 hominibus

258 787 557 837 adiutorium
603 787 942 852 deceptorium
988 785 1121 834 velut
1170 784 1456 834 inmortales
1498 784 1789 834 mortalibus
1828 801 1943 850 pro·

257 863 513 911 miserunt.
589 860 755 909 Bonus
802 861 967 923 itaque
1007 873 1254 922 verusque
1293 857 1533 907 Mediator
1571 858 1788 908 ostendit
1826 874 1938 924 pec·
1996 887 1998 889 >

259 942 422 984 catum
468 949 575 983 esse
624 933 826 1000 malum,
874 948 971 981 non
1020 933 1183 982 carnis
1223 931 1548 981 substantiam
1586 931 1662 981 ve'l
1703 938 1943 993 naturam,

258 1023 381 1072 quae
430 1023 542 1057 cum
590 1009 749 1055 anima
794 1006 1007 1055 hominis
1055 1012 1104 1055 et
1151 1007 1337 1071 suscipi
1384 1007 1489 1055 sine
1537 1012 1739 1071 peccato
1779 1008 1940 1071 potuit

257 1087 306 1129 et
358 1079 553 1147 haberi,
609 1087 659 1129 et
713 1085 870 1129 morte
918 1080 1098 1145 deponi
1144 1086 1195 1128 et
1241 1081 1292 1128 in
1340 1079 1516 1129 melius
1568 1081 1936 1129 resurrectione

255 1156 454 1219 mutari3
503 1169 594 1203 nec
633 1156 791 1218 ipsam
829 1160 1065 1220 mortem,
1106 1155 1326 1218 quamvis
1367 1160 1499 1203 esset
1535 1168 1694 1218 poena
1732 1155 1939 1220 peccati,

256 1243 401 1292 quam
440 1235 603 1277 tamen
649 1243 740 1292 pro
789 1227 930 1276 nobis
978 1229 1083 1276 sine
1130 1233 1334 1292 peccato
1373 1229 1479 1292 ipse
1519 1227 1776 1294 persolvit,
1823 1242 1935 1292 pec-

257 1301 410 1350 cando
451 1317 559 1350 esse
608 1301 875 1366 vitandam,
930 1301 1016 1350 sed
1055 1302 1244 1367 potiuS,
1300 1302 1343 1350 si
1382 1300 1586 1351 facultas
1626 1300 1791 1368 datur,
1846 1316 1937 1366 pro

255 1377 441 1424 iustitia
479 1375 837 1440 perferendam.
914 1374 1029 1423 Ideo
1077 1376 1209 1424 enim
1256 1374 1444 1423 solvere
1483 1376 1646 1439 potuit
1684 1375 1940 1424 moriendo

254 1454 471 1515 peccata,
513 1451 625 1513 quia
666 1455 714 1497 et
754 1455 980 1498 mortuus
1020 1455 1111 1515 est,
1151 1455 1201 1498 et
1241 1463 1340 1497 non
1378 1463 1469 1513 pro
1509 1454 1726 1513 peccatO.
1797 1448 1941 1498 Hunc

254 1521 335 1570 ille
366 1522 649 1571 Platonicus
690 1538 789 1571 non
830 1524 1059 1587 cognovit
1099 1537 1209 1571 esse
1247 1523 1572 1588 principium3
1611 1537 1725 1570 nam
1765 1537 1942 1587 cogno·

256 1602 419 1645 sceret
478 1598 833 1661 purgatorium.
910 1595 1081 1661 Neque
1145 1597 1278 1644 enim
1333 1611 1446 1644 caro
1507 1597 1806 1660 principium
1869 1602 1944 1644 est

256 1675 338 1718 aut
392 1671 551 1718 anima
604 1670 845 1735 humana,
908 1669 994 1718 sed
1045 1668 1261 1719 Verbum
1316 1685 1407 1734 per
1462 1669 1594 1734 quod
1645 1669 1771 1719 facta
1826 1677 1941 1719 sunt

255 1745 430 1792 omnia.
507 1743 615 1792 Non
649 1759 765 1808 ergo
799 1759 913 1792 caro
952 1759 1042 1808 per
1083 1745 1281 1808 seipsa
1319 1743 1538 1809 mundat,
1579 1743 1665 1792 sed
1703 1759 1794 1808 per
1825 1743 1941 1792 Ver-

254 1816 371 1865 bum
419 1831 446 1865 a
493 1832 590 1881 quo
631 1824 861 1882 suscepta
908 1823 1007 1883 est,
1055 1833 1169 1866 cum
1221 1817 1434 1867 Verbum
1474 1831 1599 1866 caro
1634 1815 1831 1878 factum
1872 1823 1946 1867 est

256 1896 305 1939 et
352 1891 602 1940 habitavit
655 1894 706 1940 in
761 1893 916 1940 nebia.
1001 1890 1124 1940 Nam
1174 1891 1233 1939 de
1275 1906 1422 1939 carne
1464 1905 1554 1939 sua
1607 1890 1943 1940 manducanda

255 1965 458 2027 mystice
512 1964 720 2028 loquens
732 2004 746 2030 ,
802 1981 915 2014 cum
967 1965 1019 2013 hi
1073 1965 1159 2029 qui
1211 1979 1311 2014 non
1364 1964 1715 2014 intellexerunt
1769 1965 1945 2014 offensi

256 2036 548 2086 recederent
587 2037 830 2088 dicentes:
869 2040 1045 2088 Durus
1085 2043 1159 2088 est
1194 2040 1279 2088 hic
1317 2053 1495 2098 sermO,
1535 2040 1647 2099 quis
1686 2053 1799 2088 eum
1829 2044 1941 2101 pot-

255 2115 331 2159 est
382 2112 598 2159 audire?
667 2111 922 2175 respondit
971 2111 1287 2168 manentibus
1334 2113 1538 2161 ceteris:
1609 2112 1831 2174 Spiritus
1870 2118 1944 2162 est

255 2186 345 2244 qui
381 2185 623 2245 vivificat,
672 2199 796 2234 caro
846 2191 1012 2235 autem
1062 2200 1161 2235 non
1193 2187 1407 2248 prodest
1443 2189 1726 2247 quicquam.
1802 2185 1942 2234 Prin·

255 2257 439 2320 cipium
480 2271 596 2321 ergo
646 2265 873 2322 suscepta
922 2261 1081 2308 anima
1121 2265 1170 2308 et
1210 2274 1357 2309 carne
1397 2266 1446 2308 et
1485 2260 1696 2308 animam
1735 2259 1940 2308 creden-

258 2331 381 2378 tium
419 2330 623 2379 mundat
674 2337 723 2379 et
763 2346 975 2381 carnem.
1052 2332 1166 2381 Ideo
1207 2332 1560 2396 quaerentibus
1600 2331 1792 2382 Iudaeis
1833 2333 1943 2396 quis

259 2410 391 2452 esset
438 2403 693 2468 respondit
741 2419 792 2453 se
846 2420 952 2453 esse
993 2407 1304 2470 principium.
1382 2406 1525 2464 Quod
1564 2407 1734 2470 utique
1776 2420 1942 2454 carna-

258 2476 352 2541 leS,
399 2477 604 2542 infirmi,
650 2479 866 2541 peccatis
913 2477 1111 2527 obnoxii
1158 2485 1207 2528 et
1253 2481 1556 2543 ignorantiae
1597 2479 1817 2528 tenebris
1858 2477 1942 2527 ob·

256 2549 410 2599 voluti
457 2565 767 2615 nequaquam
815 2553 1072 2616 percipere
1124 2567 1407 2618 possemuS,
1455 2554 1550 2601 nisi
1597 2552 1655 2601 ab
1704 2567 1761 2601 eo
1801 2567 1940 2602 mun-

374 2679 448 2732 23)
482 2678 546 2723 10.
582 2682 621 2731 1,
660 2683 727 2722 14.
791 2680 864 2734 27)
898 2679 959 2722 10.
996 2684 1036 2733 a,
1069 2683 1146 2732 60;
1181 2684 1250 2723 63.
1313 2681 1386 2735 30)
1417 2678 1481 2724 10.
1515 2684 1562 2734 s,
1597 2685 1667 2724 25.

378 2829 429 2869 117
462 2827 706 2881 peccatum
738 2825 782 2869 A
817 2827 831 2882 ΙΙ
861 2839 944 2882 pro
986 2839 1111 2882 pecc.
1144 2838 1259 2879 m88;
1305 2839 1388 2882 pro
1437 2840 1518 2871 suo
1559 2842 1604 2884 p.
1637 2840 1662 2871 v
1700 2828 1715 2883 ΙΙ
1753 2831 1808 2870 21
1840 2825 1943 2883 ipsa

257 2883 378 2937 AK‚·
408 2884 560 2939 ipsam
590 2898 615 2929 v
