2020 3122
157 919 212 959 10

159 1284 212 1324 15

159 1710 215 1749 20

167 2075 222 2114 25

166 2441 222 2480 30

244 125 354 178 452
918 136 953 170 S.
978 137 1255 172 Aucusrrm

245 251 438 314 cipitari
486 263 631 313 posse
673 249 902 314 sentiret,
948 248 1174 299 beluinos
1213 257 1378 300 autem
1429 265 1654 300 carceres
1703 258 1925 301 evertere

243 325 442 371 minime
498 321 759 370 dubitaret.
851 321 978 371 Dicit
1037 324 1183 372 etiam
1241 323 1300 372 ad
1365 324 1458 372 1166
1514 322 1672 372 Deum
1717 325 1927 374 animam

242 395 425 444 mundo
466 394 677 461 dedisse,
716 401 771 444 ut
819 397 1050 444 materiae
1098 411 1403 460 cognoscens
1449 396 1575 445 mala
1621 396 1680 446 ad
1725 396 1924 446 Patrem

241 474 525 517 recurreret
584 484 676 518 nec
724 468 982 533 aliquando
1029 471 1126 518 iam
1170 469 1343 518 talium
1396 469 1579 533 polluta
1635 471 1925 534 contagione

244 548 514 591 teneretur.
600 541 694 591 Ubi
741 544 837 591 etsi
882 542 1066 606 aliquid
1112 543 1519 591 inconvenienter
1573 544 1700 608 sapit
1747 537 1927 610 (magis

244 617 375 664 enim
425 615 534 664 data
574 622 649 664 est
698 618 916 681 corpori,
963 622 1020 664 ut
1065 615 1193 664 hona
1242 615 1449 682 faceret3
1495 631 1595 664 non
1635 617 1767 664 enim
1804 615 1929 665 mala

243 690 471 754 disceret,
505 690 546 737 si
578 704 677 737 non
710 684 935 754 faceret),
967 690 1018 737 in
1050 703 1108 737 eo
1141 695 1304 738 tamen
1330 688 1538 738 aliorum
1560 689 1927 739 Platonicorum

243 763 525 826 opinionem
561 769 608 811 et
648 777 747 810 non
786 764 838 810 in
870 777 924 810 re
965 776 1114 826 parva
1145 762 1442 829 emendavit,
1483 762 1614 827 quod
1646 762 1928 812 mundatam

245 835 304 883 ab
345 835 574 884 omnibus
607 835 746 884 malis
779 837 989 883 animam
1023 841 1072 884 et
1112 850 1225 884 cum
1255 834 1401 884 Patre
1435 837 1755 885 constitutam
1788 851 1926 886 num-

245 923 390 972 quam
430 910 527 957 iam
565 908 689 957 mala
720 908 892 957 mundi
930 908 1078 958 huius
1117 924 1374 974 passuram
1405 924 1513 958 6556
1548 909 1805 958 confessus
1838 917 1926 958 est.

247 981 352 1039 Qua
385 983 630 1030 sententia
668 982 891 1046 profecto
924 981 1139 1048 abstulit,
1179 982 1310 1046 quod
1350 997 1458 1031 esse
1490 982 1798 1031 Platonicum
1829 997 1928 1030 ma·

244 1056 372 1103 xime
408 1054 718 1119 perhibetur,
751 1061 806 1104 ut
837 1061 1060 1104 mortuos
1093 1071 1154 1104 ex
1186 1057 1320 1116 vivis,
1360 1057 1426 1104 ita
1458 1058 1594 1104 vivos
1626 1070 1686 1104 ex
1717 1056 1927 1104 mortuis

246 1143 442 1192 semper
473 1128 602 1192 fieri3
642 1128 917 1192 falsumque
951 1144 1059 1177 6556
1093 1128 1322 1195 ostendit,
1355 1129 1485 1193 quod
1516 1128 1765 1178 Platonice
1797 1128 1927 1178 vide·
1992 1127 1998 1132 ’

248 1208 331 1250 tur
371 1201 552 1250 dixisse
592 1200 859 1267 VergiliUS,
906 1203 957 1250 in
997 1217 1195 1267 campos
1234 1201 1425 1268 Elysios
1472 1208 1704 1267 purgatas
1744 1203 1929 1251 animas

249 1276 424 1323 missas
465 1270 588 1340 (quo
621 1277 820 1323 nomine
859 1281 1107 1339 tamquam
1147 1290 1238 1340 per
1276 1273 1489 1324 fabulam
1520 1274 1750 1324 videntur
1781 1277 1957 1339 signi--

248 1348 388 1396 ficari
426 1348 604 1412 gaudia
642 1347 925 1414 beatorum)
967 1349 1026 1397 ad
1065 1348 1268 1397 fluvium
1300 1347 1541 1398 Letheum
1580 1350 1796 1414 evocari,
1835 1348 1928 1397 hoc

249 1427 327 1470 est
368 1420 427 1470 ad
467 1419 763 1470 oblivionem
800 1423 1206 1485 praeteritorum:

398 1524 595 1573 Scilicet
631 1525 927 1573 inmemores
969 1540 1151 1586 supera
1187 1527 1246 1571 ut
1285 1540 1502 1573 convexa
1538 1525 1763 1574 revisant

396 1599 589 1646 Rursus
631 1601 681 1646 et
718 1598 958 1659 incipiant
995 1599 1047 1645 in
1086 1614 1291 1659 corpora
1328 1598 1456 1645 velle
1495 1598 1695 1647 reverti.

251 1698 427 1748 Merito
469 1699 719 1764 displicuit
756 1699 849 1748 hoc
881 1699 1176 1765 PorphyriO,
1216 1701 1448 1763 quoniam
1487 1714 1542 1748 re
1573 1715 1689 1748 vera
1728 1698 1930 1748 credere

255 1772 462 1822 stultum
495 1779 570 1822 est
610 1788 670 1821 ex
708 1771 789 1820 illa
826 1774 946 1838 vita,
986 1787 1111 1836 quae
1150 1772 1431 1821 beatissima
1472 1788 1581 1821 esse
1613 1788 1712 1821 non
1750 1774 1933 1837 poterit

253 1847 350 1894 nisi
380 1845 441 1894 de
474 1861 562 1895 sua
600 1847 752 1894 fuerit
784 1847 1072 1894 aeternitate
1106 1847 1395 1911 certissima,
1435 1846 1714 1895 desiderare
1748 1848 1932 1895 animas

255 1919 653 1984 corruptibilium
692 1934 958 1983 corporum
1004 1918 1163 1967 labem
1204 1925 1252 1967 et
1297 1920 1411 1968 inde
1452 1919 1511 1967 ad
1558 1921 1651 1968 ista
1696 1934 1932 1986 remeare,

254 2001 505 2056 tamquam
553 1993 646 2040 hoc
689 1999 797 2056 agat
836 2007 1024 2041 summa
1065 1994 1315 2056 purgatio,
1363 1999 1418 2041 ut
1456 1994 1748 2056 inquinatio.
1769 1994 1932 2056 requi-

255 2072 408 2115 ratur.
487 2065 539 2114 Si
578 2067 708 2114 enim
749 2065 881 2129 qnod
919 2066 1139 2130 perfecte
1179 2066 1480 2114 mundantur
1526 2066 1619 2114 hoc
1660 2065 1831 2131 efficit,
1879 2072 1934 2114 ut

252 2140 471 2187 omnium
519 2138 869 2187 obliviscantur
924 2138 1187 2204 malorum,
1241 2139 1484 2187 malorum
1537 2145 1701 2187 autem
1754 2137 1931 2187 oblivio

254 2212 369 2259 facit
409 2226 674 2275 corporum
714 2211 1038 2278 desiderium,
1079 2211 1165 2260 ubi
1203 2227 1379 2260 rursus
1418 2212 1734 2276 implicentur
1771 2211 1933 2269 malis:

252 2285 476 2348 profecto
511 2286 605 2332 erit
643 2284 943 2333 infelicitatis
975 2300 1121 2334 causa
1155 2300 1344 2334 summa
1375 2285 1584 2334 felicitas
1617 2291 1666 2333 et
1690 2284 1932 2333 stultitiae

256 2372 403 2406 causa
456 2358 696 2420 perfectio
751 2359 1017 2421 sapientiae
1074 2365 1123 2406 et
1175 2358 1495 2407 inmunditiae
1552 2372 1697 2406 causa
1744 2373 1934 2406 summa

255 2430 523 2479 mundatio.
610 2429 710 2478 Nec
757 2432 962 2479 veritate
1009 2430 1077 2479 ibi
1122 2431 1262 2480 beata
1309 2434 1404 2480 erit
1449 2433 1629 2496 anima,
1679 2430 1932 2494 quamdiu,-

254 2519 465 2567 cumque
501 2505 616 2567 erit,
656 2502 741 2551 ubi
773 2509 969 2566 oportet
1009 2503 1224 2569 fallatur,
1264 2511 1319 2553 ut
1349 2504 1490 2552 beata
1523 2506 1599 2552 sit.
1661 2503 1769 2552 Non
1803 2505 1934 2552 enim

252 2577 395 2625 beata
435 2579 530 2625 erit
568 2578 664 2624 nisi
703 2591 898 2641 secura3
947 2583 1001 2625 ut
1040 2583 1204 2625 autem
1243 2593 1417 2626 secura
1457 2579 1542 2643 sit,
1582 2576 1702 2625 falso
1742 2576 1934 2640 putabit

253 2665 449 2714 semper
490 2666 540 2698 se
581 2649 773 2698 beatam
813 2649 933 2714 fore,
974 2651 1206 2713 quoniam
1238 2650 1497 2714 aliquando
1530 2652 1626 2698 erit
1657 2657 1707 2698 et
1737 2651 1964 2709 misera*

255 2723 344 2771 Cui
384 2738 499 2787 ergo
539 2722 783 2787 gaudendi
823 2738 969 2771 causa
1008 2722 1191 2771 falsitas
1231 2725 1346 2788 erit,
1386 2738 1483 2787 quo
1523 2722 1667 2771 modo
1708 2723 1767 2771 de
1807 2723 1930 2771 veri-

377 2852 448 2904 11)
482 2848 656 2895 Phaed.
689 2865 733 2905 p.
769 2854 823 2894 70
857 2848 902 2893 C.
939 2864 1035 2904 sqq.
1103 2851 1174 2905 19>
1206 2850 1318 2893 Aen.
1353 2855 1392 2905 6,
1427 2854 1510 2894 750
1543 2864 1607 2904 sq.
