2020 3122
529 147 594 178 DE
620 145 859 178 CIVITATE
884 147 971 178 Dm
996 147 1038 179 L.
1065 147 1154 179 ΧΠ.
1180 148 1216 180 c.
1244 149 1295 180 18.
1321 150 1373 180 19.
1688 138 1792 190 541

117 274 209 307 nec
248 257 557 322 paenitendO,
597 259 709 321 quia
750 259 889 321 prius
930 265 1220 325 cessaverat,
1261 261 1423 324 coepit
1462 260 1623 308 facere
1666 261 1794 324 quod

31 396 37 400 q
117 347 216 381 non
249 332 447 380 fecerat.
525 330 622 379 Sed
654 338 703 379 et
743 332 784 379 si
822 333 962 395 prius
1003 335 1212 381 cessavit
1252 340 1300 381 et
1341 335 1587 397 posterius
1626 349 1794 398 opera-

114 413 195 455 tus
236 412 311 454 est
358 399 515 471 (quod
563 406 730 453 nescio
778 419 926 467 quem
967 405 1025 453 ad
1065 406 1264 454 modum
1306 406 1364 455 ab
1405 407 1602 455 homine
1641 409 1797 471 possit

115 474 378 546 intellegi),·
426 478 518 526 hoc
558 477 732 543 procul
771 477 936 543 dubio,
977 479 1107 542 quod
1147 478 1329 529 dicitur
1368 482 1507 544 prius
1547 487 1596 529 et
1634 488 1795 545 poste-

116 554 236 618 riUS,
273 554 323 600 in
356 551 506 601 rebus
537 553 677 616 prius
709 567 808 600 non
842 551 1170 601 existentibus
1210 560 1260 601 et
1298 556 1545 617 posterius
1585 556 1795 603 existen·
1831 564 1855 602 5

115 625 249 675 tibus
288 626 402 691 suit3
440 627 491 674 in
523 624 604 674 illo
645 631 809 674 autem
850 641 949 674 non
988 626 1191 674 alteram
1230 626 1606 691 praecedentem
1647 627 1797 676 altera

117 699 425 763 subsequens
482 701 686 748 mutavit
725 706 810 748 aut
848 699 1050 749 abstulit
1088 699 1411 760 voluntatem,
1459 700 1546 749 sed
1584 716 1680 749 una
1722 716 1797 750 ea-

115 773 326 838 demque
359 774 658 838 sempiterna
698 779 746 821 et
786 773 1061 822 inmutabili
1100 772 1348 822 voluntate
1389 788 1484 839 reS,
1525 788 1645 837 quas
1685 789 1798 822 con-

115 847 257 907 didit,
308 852 357 895 et
395 853 451 895 ut
489 848 627 911 prius
668 862 767 895 non
807 852 974 895 essent
1013 848 1134 913 egit,
1173 846 1406 911 quamdiu
1446 862 1544 895 non
1584 847 1800 911 fuerunt,

116 928 166 970 et
211 927 268 969 ut
313 922 562 985 posterius
604 927 791 987 essent,
839 921 1034 985 quando
1075 936 1182 969 esse
1224 930 1518 987 coeperunt,
1557 920 1672 969 hinc
1702 923 1798 985 teiS,
1834 931 1887 970 10

117 996 202 1059 qui
251 994 365 1043 talia
410 993 576 1042 videre
624 1001 856 1060 possunt,
911 994 1201 1043 mirabiliter
1249 995 1471 1043 fortassis
1520 994 1799 1059 ostendenS,

115 1083 264 1132 quam
310 1083 409 1116 non
458 1069 528 1116 eis
578 1067 865 1134 indiguerit,
914 1068 1000 1117 sed
1048 1083 1130 1116 eas
1177 1070 1390 1132 gratuita
1428 1067 1644 1116 bonitate
1686 1083 1799 1117 con-

117 1141 318 1207 diderit,
373 1156 486 1190 cum
542 1143 647 1190 sine
698 1141 793 1190 illis
850 1157 907 1190 ex
964 1143 1253 1191 aeternitate
1309 1143 1449 1190 initio
1498 1148 1695 1190 carente
1749 1143 1798 1189 in

115 1231 214 1264 non
252 1217 441 1264 minore
482 1214 713 1264 beatitate
753 1218 1038 1280 permansit.

774 1357 971 1412 CAPUT
1004 1358 1146 1412 XIX.
1836 1370 1889 1409 15

123 1467 310 1515 Contra
349 1481 452 1526 603,
499 1468 588 1527 qui
631 1468 809 1515 dacum
847 1481 932 1526 ea,
980 1481 1113 1527 quae
1152 1468 1351 1526 infinita
1389 1470 1525 1526 sunt,
1572 1480 1665 1514 nec
1706 1465 1804 1514 Dee

558 1554 706 1602 posse
742 1541 957 1589 scientia
996 1541 1352 1602 conprehendz.

265 1641 389 1691 illud
421 1649 583 1691 autem
618 1642 746 1691 aliud
781 1642 912 1706 quod
953 1643 1138 1708 dicunt,
1177 1658 1269 1691 nec
1301 1641 1391 1690 Dei
1431 1643 1636 1690 scientia
1676 1655 1799 1705 quae

118 1717 306 1764 infinita
347 1723 464 1765 sunt
508 1731 653 1780 posse
695 1716 1052 1780 conprehendi:
1092 1723 1246 1765 restat
1287 1718 1378 1780 eiS,
1421 1722 1474 1764 ut
1513 1715 1678 1763 dicere
1718 1730 1798 1763 au-

123 1789 270 1838 deant
309 1795 455 1853 atque
503 1789 618 1838 huic
668 1805 719 1838 se
759 1791 980 1853 voragini
1019 1789 1294 1854 profundae
1333 1790 1584 1853 inpietatis
1622 1790 1801 1836 inmer·
1836 1798 1890 1836 20

119 1869 249 1928 gant,
289 1862 419 1927 quod
452 1878 551 1911 non
583 1878 753 1912 omnes
786 1878 1020 1911 numeros
1046 1862 1176 1911 Deus
1209 1864 1413 1911 noverit.
1490 1861 1588 1910 Eos
1621 1863 1801 1926 quippe

120 1937 340 1986 infinitos
387 1951 519 2001 esse,
573 1938 904 1986 certissimum
960 1943 1055 2002 est3
1112 1939 1344 2000 quoniam
1390 1937 1440 1984 in
1487 1950 1801 1999 quocumque

121 2025 328 2059 numero
375 2010 522 2058 finem
570 2010 847 2059 faciendum
895 2012 1172 2077 putaveriS,
1217 2010 1348 2058 idem
1386 2011 1515 2075 ipse,
1556 2024 1654 2057 non
1693 2009 1801 2057 dico

119 2098 219 2132 uno
276 2083 439 2132 addito
486 2086 679 2149 augeri,
734 2083 818 2132 sed
867 2083 1138 2147 quamlibet
1185 2085 1246 2132 sit
1293 2098 1499 2147 magnus
1547 2089 1596 2131 et
1635 2097 1801 2146 quam-

121 2157 241 2206 libet
294 2159 543 2221 ingentem
598 2156 965 2206 multitudinem
1019 2159 1301 2223 continens,
1355 2158 1405 2204 in
1460 2158 1566 2221 ipsa
1613 2158 1801 2204 ratione
1835 2165 1889 2203 25

121 2238 267 2294 atque
323 2233 527 2279 scientia
582 2246 903 2279 numerorum
959 2246 1059 2279 non
1106 2231 1265 2280 solum
1317 2230 1578 2296 duplicari,
1631 2244 1802 2278 verum

122 2306 268 2352 etiam
308 2303 621 2368 multiplicari
659 2311 837 2368 potest.
914 2305 983 2353 Ita
1022 2320 1139 2353 vero
1181 2306 1283 2353 suis
1316 2306 1524 2368 quisque
1565 2318 1802 2351 numerus

121 2377 508 2442 proprietatibus
550 2380 864 2444 terminatur,
912 2385 968 2427 ut
1007 2378 1171 2427 nullus
1212 2393 1385 2427 eorum
1424 2392 1512 2441 par
1553 2391 1660 2424 esse
1701 2377 1800 2423 cui·

123 2466 335 2515 cumque
390 2451 530 2500 alteri
584 2453 752 2516 possit.
829 2451 960 2516 Ergo
1016 2459 1065 2501 et
1111 2451 1332 2516 dispares
1379 2453 1509 2499 inter
1557 2464 1608 2497 se
1655 2455 1800 2512 atque

123 2523 304 2573 diversi
344 2531 478 2590 sunt,
520 2532 568 2573 et
607 2525 787 2589 singuli
827 2528 1010 2590 quique
1051 2526 1174 2574 finiti
1215 2531 1357 2590 sunt,
1398 2530 1446 2572 et
1485 2537 1655 2570 omnes
1694 2521 1799 2569 infi-
1834 2532 1890 2569 30

123 2598 214 2646 niti
239 2605 367 2646 sunt.
429 2598 564 2647 Itane
597 2614 830 2647 numeros
862 2605 1066 2664 propter
1105 2599 1396 2647 infinitatem
1437 2597 1594 2644 nescit
1632 2609 1802 2642 omnes

124 2670 270 2736 Deus,
311 2679 359 2719 et
390 2686 548 2736 usque
582 2671 639 2720 ad
673 2672 917 2736 quandam
958 2687 1198 2722 summam
1238 2684 1558 2719 numerorum
1599 2669 1801 2716 scientia

44 2794 56 2799 ,
125 2743 213 2792 Dei
244 2746 481 2810 pervenit,
521 2752 714 2794 ceteros
746 2743 975 2810 ignorat?
1015 2746 1136 2804 Quis
1175 2745 1267 2793 hoc
1308 2745 1456 2792 etiam
1494 2742 1800 2790 dementissi-

244 2876 299 2914 33
333 2871 475 2915 etiam
506 2886 589 2917 om.
631 2872 722 2915 VF
