2020 3122
185 901 239 940 10

184 1267 238 1307 15

183 1635 237 1675 20

275 107 382 157 542
967 117 1003 150 s,
1027 117 1302 151 AUGUSTINI

274 245 383 278 mus
431 226 649 278 dixerit?
702 229 803 278 Nec
852 228 1104 278 audebunt
1153 231 1235 279 isti
1274 236 1591 279 contemnere
1631 245 1865 280 numeros
1903 237 1959 280 et
2019 257 2020 288 ᾗ

275 319 360 352 eos
414 303 579 351 dicere
634 303 691 351 ad
731 302 821 351 Dei
874 304 1131 352 scientiam
1183 319 1282 352 non
1332 305 1607 370 pertinere,
1660 303 1788 368 apud
1828 319 1957 369 quos
2019 296 2020 353 J

272 375 409 425 Plato
450 375 606 425 Deum
652 391 827 440 magna
873 378 1164 426 auctoritate
1204 376 1514 426 commendat
1553 379 1773 427 numeris
1813 393 1952 427 mun-

274 450 391 498 dum
452 449 788 499 fabiicantem.
871 449 935 499 Et
995 450 1125 514 apud
1186 466 1277 499 nos
1339 450 1440 499 Deo
1502 451 1689 499 dictum
1750 451 1955 515 legitur:

283 524 460 572 Omnia
493 539 545 572 m
576 538 816 573 mensura
856 529 903 573 et
941 538 1150 573 numero
1191 530 1239 573 et
1271 526 1499 586 pondere
1538 516 1853 587 disposuisti;
1891 524 1951 573 de

273 612 372 660 quo
414 603 463 645 et
510 597 750 662 propheta
801 597 940 647 dicit:
995 599 1095 657 Qui
1123 597 1330 660 profert
1366 611 1633 647 numerose
1679 601 1954 659 saeculum,
1980 598 1987 611 ''

273 678 323 718 et
378 669 596 719 Salvator
642 673 693 719 in
742 671 1017 735 evangelio:
1079 672 1281 733 Capilli,
1335 672 1527 737 inquit,
1579 674 1736 721 vestri
1786 686 1956 721 omnes

271 748 528 794 numerati
547 750 678 793 sunt.
756 744 896 793 Absit
919 746 1084 808 itaque
1125 751 1180 793 ut
1212 743 1508 812 dubitemuS,
1549 745 1681 809 quod
1721 746 1765 794 ei
1805 752 1955 794 notus

273 819 337 866 sit
375 819 534 867 omnis
575 833 835 884 numerUS,
881 821 1027 867 caius
1068 821 1460 880 intelleyentiae,
1509 821 1638 868 sicut
1675 820 1727 867 in
1766 818 1953 883 psalmo

273 893 480 957 canitur,
519 906 617 941 non
650 897 725 940 est
758 906 1010 941 numerus.
1087 891 1306 940 Infinitas
1338 893 1502 956 itaque
1535 892 1746 959 numeri,
1785 907 1953 957 quam-

271 966 342 1012 vis
388 965 694 1013 infinitorum
744 980 1066 1014 numerorum
1113 964 1279 1014 nullus
1327 968 1391 1014 sit
1428 981 1689 1032 numerUS,
1737 981 1837 1014 non
1877 972 1956 1014 est

271 1046 433 1086 tamen
481 1038 978 1103 inconprehensibilis
1027 1041 1094 1105 ei,
1146 1040 1288 1088 cuius
1334 1039 1699 1104 intellegentiae
1738 1054 1838 1088 non
1877 1046 1955 1088 est

270 1126 523 1162 numerus,
601 1111 914 1177 Quapropter
953 1114 1018 1180 si,
1069 1113 1308 1177 quidquid
1348 1115 1554 1162 scientia
1594 1112 1954 1178 conprehendi-

270 1193 367 1249 tur,
407 1187 608 1235 scientis
641 1186 1066 1251 conprehensione
1099 1187 1290 1236 finitur:
1329 1187 1552 1252 profecto
1593 1193 1642 1236 et
1681 1188 1840 1236 omnis
1879 1188 1953 1235 in-

270 1259 431 1307 finitas
472 1260 681 1323 quodam
722 1259 956 1309 ineffabili
994 1260 1139 1309 modo
1178 1260 1279 1309 Deo
1319 1261 1454 1310 finita
1494 1267 1591 1327 est,
1641 1262 1755 1324 quia
1795 1261 1951 1309 scien-

271 1333 366 1381 tiae
406 1335 561 1398 ipsius
599 1334 1098 1398 inconprehensibilis
1149 1349 1248 1382 non
1289 1342 1376 1383 est.
1454 1334 1615 1392 Quare
1657 1335 1699 1382 si
1736 1334 1954 1382 infinitas

271 1421 591 1456 numerorum
633 1409 865 1456 scientiae
904 1407 1019 1472 Dei,
1070 1423 1165 1471 qua
1205 1408 1649 1473 conprehenditur,
1703 1423 1811 1456 esse
1852 1422 1952 1456 non

269 1486 434 1543 potest
486 1481 696 1529 infinita:
752 1483 836 1544 qui
891 1481 1089 1530 tandem
1136 1496 1227 1529 nos
1281 1496 1453 1530 sumus
1503 1481 1812 1547 homunculi,
1867 1482 1953 1545 qui

271 1555 377 1601 eius
418 1555 649 1603 scientiae
689 1554 869 1603 limites
907 1555 1058 1619 figere
1098 1567 1494 1621 praesumamUS,
1542 1555 1764 1603 dicentes
1805 1554 1952 1620 quod,

270 1628 364 1674 nisi
404 1628 588 1676 eisdem
630 1627 919 1677 circuitibus
958 1634 1238 1692 temporum
1277 1628 1446 1677 eadem
1486 1628 1771 1692 temporalia
1810 1643 1952 1692 repe-

269 1707 458 1767 tantur,
505 1716 604 1749 non
651 1708 815 1765 potest
853 1701 985 1750 Deus
1034 1709 1212 1750 cuncta
1261 1717 1385 1765 quae
1433 1703 1549 1751 facit
1588 1701 1663 1750 vel
1702 1703 1951 1766 praescire

268 1780 324 1822 ut
370 1774 539 1839 faciat,
589 1774 665 1823 vel
711 1777 839 1824 scire
887 1790 1000 1824 cum
1048 1772 1258 1823 fecerit?
1310 1777 1451 1825 cuius
1491 1776 1729 1840 sapientia
1768 1774 1951 1840 simpli·

269 1849 394 1896 citer
431 1847 686 1913 multiplex
733 1856 783 1897 et
829 1849 1144 1898 uniformiter
1194 1849 1509 1898 multiformis
1548 1856 1650 1898 tam
1688 1850 1950 1913 inconpre-

268 1920 497 1970 hensibili
537 1922 962 1987 conprehensione
1002 1924 1165 1971 omnia
1202 1921 1704 1987 inconprehensibilia
1744 1937 1950 1987 conpre-

269 1993 461 2061 hendit,
508 2003 585 2061 ut,
633 2010 973 2060 quaecumque
1022 2011 1145 2044 nova
1193 2003 1242 2045 et
1288 1996 1543 2046 dissimilia
1597 1997 1950 2059 consequentia

267 2068 677 2132 praecedentibus
726 2071 767 2118 si
815 2083 1011 2134 semper
1058 2070 1219 2118 sacere
1260 2069 1427 2135 vellet,
1473 2069 1750 2119 inordinata
1789 2075 1838 2118 et
1875 2071 1948 2117 in-

267 2143 461 2204 provisa
499 2142 681 2191 habere
722 2158 820 2191 non
858 2149 1042 2208 posset,
1080 2158 1172 2191 nec
1213 2158 1268 2192 ea
1307 2144 1589 2208 provideret
1627 2158 1687 2191 ex
1724 2143 1950 2207 proximo

267 2222 504 2280 tempore,
545 2216 630 2264 sed
670 2224 870 2265 aeterna
907 2218 1233 2281 praescientia
1273 2219 1563 2267 contineret.

269 2405 351 2444 146
387 2344 430 2444 53
464 2342 568 2398 Sap.
606 2347 680 2398 11,
713 2347 780 2385 21.
846 2345 888 2399 6)
921 2343 1045 2387 Esai.
1078 2347 1156 2398 40,
1189 2348 1259 2388 26.
1323 2345 1367 2400 s)
1397 2343 1479 2387 Mt.
1516 2348 1590 2399 10,
1633 2347 1704 2387 30.
1768 2344 1841 2399 10)
1871 2342 1947 2386 Ps.

357 2435 367 2455 ,
432 2436 439 2444 .

385 2568 410 2606 3
442 2578 567 2606 num.
608 2562 764 2606 mund.
807 2563 870 2615 V,·
908 2578 967 2606 m.
999 2578 1044 2606 n.
1078 2577 1104 2607 v
1150 2565 1165 2619 Η
1214 2567 1266 2607 15
1298 2563 1396 2607 Deo
1428 2576 1510 2608 om.
1543 2561 1642 2605 AF
1683 2563 1698 2618 fl
1742 2566 1798 2605 21
1831 2561 1949 2607 facit

276 2622 414 2665 VAF
439 2625 608 2678 (proyr.
634 2637 685 2678 p.
720 2626 792 2678 6)‚·
822 2621 936 2665 fecit
963 2636 989 2665 v
1013 2624 1028 2678 ΙΙ
1052 2626 1107 2666 27
1139 2622 1408 2678 prouideret
1445 2621 1605 2675 VAF,·
1634 2634 1792 2678 praev.
1822 2635 1849 2665 v
