2020 3122
575 151 641 181 DE
666 149 905 182 crva'rE
928 151 1015 182 DEI
1039 152 1082 184 L.
1108 152 1195 184 ΧΠ.
1221 152 1257 184 c.
1282 154 1316 186 9.
1671 144 1778 195 525

103 280 156 314 se
188 264 416 312 fecerunt
438 260 618 310 bonam
640 260 957 327 voluntatem,
996 269 1165 311 utrum
1204 263 1362 328 aliqua
1403 280 1509 313 eam
1549 280 1608 314 an
1648 266 1779 315 nulla

101 337 350 388 voluntate
383 336 623 383 fecerunt.
703 334 755 382 Si
786 334 933 400 nulla,
971 337 1142 399 utique
1183 352 1274 385 nec
1313 339 1552 388 fecerunt.
1605 338 1657 388 Si
1695 339 1777 388 ali-

102 426 213 477 qua,
251 416 422 460 utrum
459 407 585 457 mala
624 423 685 456 an
724 404 887 456 bona?
940 408 993 456 Si
1030 409 1176 474 mala,
1223 426 1320 474 quo
1360 413 1503 461 modo
1545 427 1653 462 esse
1692 428 1775 477 po-

102 486 198 535 tuit
246 482 370 532 mala
407 482 633 531 voluntas
682 481 839 530 bonae
893 481 1156 530 voluntatis
1205 482 1460 534 effectrix?
1537 486 1589 534 Si
1635 485 1777 551 bona,

99 561 197 608 iam
235 572 353 621 ergo
399 555 657 605 habebant.
734 554 798 603 Et
843 556 988 603 istam
1034 557 1144 619 quis
1183 557 1368 606 fecerat
1414 561 1509 607 nisi
1546 559 1653 625 ille,
1693 561 1777 623 qui
1810 567 1834 607 5

100 647 186 682 eos
233 645 348 680 cum
392 629 521 678 hona
566 628 846 694 voluntate,
899 628 948 676 id
997 635 1073 677 est
1112 644 1224 677 cum
1263 645 1427 679 amore
1468 639 1628 698 casto,
1680 648 1776 696 quo

99 705 170 754 illi
209 704 548 768 adhaererent,
588 704 786 767 creavit,
827 701 972 750 simul
1012 704 1082 750 eis
1123 709 1172 751 et
1211 703 1427 752 condens
1466 712 1691 753 naturam
1730 714 1778 754 et

99 779 313 843 largiens
352 773 592 842 gratiam?
654 775 792 824 Unde
835 777 939 841 sine
978 775 1107 824 bona
1145 775 1407 842 voluntate,
1446 777 1538 826 hoc
1579 785 1654 826 est
1692 778 1780 827 Dei

101 867 289 918 amore,
339 865 608 914 numquam
658 855 854 898 sanctos
906 849 1103 913 angelos
1150 849 1302 898 fuisse
1352 850 1651 899 credendum
1691 857 1778 900 est.

98 925 187 975 Is'ti
225 931 411 990 autem,
451 925 551 987 qui,
590 938 705 972 cum
742 922 860 971 boni
899 925 1055 971 creati
1093 930 1274 990 essent,
1312 930 1475 972 tamen
1514 924 1626 972 mali
1666 931 1780 973 sunt
1814 934 1867 972 10

101 994 249 1067 (mala
280 998 482 1063 propria
512 997 777 1062 voluntate,
818 1011 966 1060 quam
995 995 1122 1045 bona
1162 1004 1335 1046 natura
1375 1013 1473 1046 non
1514 998 1644 1063 fecit,
1684 1000 1780 1047 nisi

100 1088 214 1122 cum
244 1087 271 1120 a
302 1071 432 1120 bono
465 1076 639 1135 sponte
679 1070 875 1136 defecit,
913 1076 970 1119 ut
1006 1070 1120 1119 mali
1159 1085 1305 1119 causa
1343 1086 1442 1119 non
1482 1073 1544 1119 sit
1582 1071 1781 1137 bonum,

100 1146 187 1196 sed
240 1145 464 1194 defectus
518 1160 546 1193 a
597 1143 778 1209 bono),
843 1150 928 1193 aut
981 1146 1225 1193 minorem
1279 1151 1576 1209 acceperunt
1630 1145 1780 1195 divini

100 1221 280 1269 amoris
319 1220 525 1283 gratiani
565 1233 712 1283 quam
750 1218 842 1284 illi,
882 1220 969 1282 qui
1006 1219 1058 1266 in
1098 1218 1268 1267 eadem
1306 1220 1657 1284 perstiterunt,
1697 1226 1780 1267 aut

101 1297 143 1343 si
189 1295 388 1357 utrique
436 1292 554 1340 boni
600 1291 870 1356 aequaliter
916 1294 1070 1340 creati
1117 1298 1254 1357 sunt,
1301 1294 1409 1340 istis
1449 1291 1572 1340 mala
1611 1291 1777 1340 volun·
1814 1298 1866 1338 15

100 1373 210 1433 tate,
255 1365 545 1415 cadentibus
596 1365 670 1414 illi
721 1365 929 1430 amplius
984 1365 1137 1415 adiuti
1190 1365 1250 1414 ad
1305 1381 1411 1414 eam
1464 1365 1780 1414 beatitudinis

99 1440 473 1507 plenitudinem,
511 1439 643 1488 unde
676 1455 728 1488 se
760 1454 1030 1503 numquam
1062 1454 1265 1488 casuros
1298 1440 1561 1488 certissimi
1592 1439 1782 1503 fierent,

99 1520 458 1580 pervenerunt,
498 1514 626 1562 sicut
656 1515 754 1562 iam
785 1515 931 1562 etiam
963 1515 1014 1561 in
1045 1512 1187 1579 libr0,
1227 1528 1374 1577 quem
1413 1514 1636 1576 sequitur
1673 1514 1780 1576 iste,

98 1589 430 1638 tractavimus.
510 1586 854 1636 Confitendum
915 1594 991 1636 est
1050 1589 1202 1651 igitur
1256 1602 1370 1635 cum
1423 1586 1586 1635 debita
1638 1586 1778 1634 laude

101 1661 348 1711 Creatoris
388 1676 489 1709 non
527 1661 586 1710 ad
627 1660 757 1709 solos
798 1667 994 1710 sanctos
1033 1660 1256 1709 homines
1294 1662 1571 1724 pertinere,
1609 1674 1781 1707 verum
1812 1667 1866 1706 20

99 1737 246 1785 etiam
285 1735 345 1784 de
387 1737 568 1784 sanctis
607 1733 793 1799 angelis
831 1750 976 1799 posse
1018 1734 1136 1800 dici,
1177 1734 1306 1798 quod
1347 1735 1525 1782 caritas
1564 1732 1651 1780 Dei
1690 1732 1778 1780 dis-

99 1810 209 1858 fusa
247 1811 312 1858 sit
349 1811 401 1857 in
448 1810 519 1857 eis
557 1823 648 1874 per
689 1808 929 1873 Spiritum
969 1815 1214 1874 sanctum,
1267 1809 1351 1871 qui
1391 1807 1532 1855 datus
1572 1812 1647 1854 est
1686 1807 1778 1870 eis3

98 1898 191 1932 nec
229 1888 422 1931 tantum
460 1882 737 1949 hominum,
785 1883 871 1931 sed
917 1883 1147 1947 primitus
1185 1883 1546 1946 praecipueque
1587 1879 1778 1942 angelo-

98 1971 211 2007 rum
249 1955 434 2005 bonum
466 1971 591 2022 esse,
630 1956 762 2020 quod
803 1958 1044 2020 scriptum
1083 1961 1179 2004 est:
1219 1955 1351 2004 Mihi
1387 1960 1552 2002 autem
1592 1954 1777 2001 adhae-

98 2045 218 2080 rere
257 2031 362 2079 Deo
403 2031 584 2079 bonum
630 2036 715 2079 est.
792 2029 898 2078 Hoc
944 2028 1132 2078 bonum
1172 2028 1350 2092 quibus
1391 2041 1649 2076 commune
1690 2032 1779 2092 est,
1811 2034 1865 2073 25

99 2103 280 2153 habent
335 2110 384 2152 et
438 2118 550 2152 cum
603 2103 686 2152 illo
742 2105 823 2153 cui
877 2103 1144 2152 adhaerent
1194 2109 1242 2151 et
1289 2104 1420 2150 inter
1470 2115 1521 2148 56
1563 2106 1778 2148 sanctam

99 2179 386 2226 societatem
425 2183 475 2226 61
514 2184 630 2226 511111
668 2192 764 2226 una
798 2178 968 2226 civitas
1000 2174 1388 2239 Dei'eademque
1428 2175 1592 2222 vivum
1631 2174 1777 2221 sacri-

98 2251 264 2300 ficium
319 2252 426 2299 eius
478 2252 740 2315 vivumque
786 2250 1025 2315 templum
1076 2252 1197 2299 eiuS.
1275 2248 1425 2297 Cuius
1463 2262 1599 2312 pars,
1655 2260 1776 2309 quae

99 2323 441 2389 coniungenda
469 2323 815 2373 inmortalibus
848 2324 1032 2388 angelis
1072 2339 1131 2372 ex
1170 2321 1458 2372 mortalibus
1496 2318 1776 2368 hominibus

99 2404 428 2463 congregatur
481 2405 531 2447 et
582 2413 715 2447 nunc
770 2397 1071 2446 mutabiliter
1125 2397 1469 2462 peregrinatur
1524 2395 1574 2440 in
1630 2391 1776 2440 terris
1808 2401 1864 2439 30

97 2471 174 2520 vel
211 2473 263 2520 in
303 2473 401 2538 eis,
452 2473 538 2535 qui
583 2477 794 2520 mortem
834 2471 1095 2537 obierunt,
1145 2470 1351 2519 secretis
1391 2468 1660 2515 animarum
1700 2477 1775 2510 re-

100 2544 366 2610 ceptaculis
398 2543 695 2608 sedibusque
728 2546 1011 2610 requiescit,
1050 2543 1223 2592 eodem
1254 2542 1354 2590 Deo
1395 2544 1589 2588 creante
1631 2550 1777 2600 quem

220 2672 292 2727 18)
325 2670 372 2715 C.
408 2676 477 2715 13.
540 2673 614 2726 22)
645 2671 776 2716 Rom.
812 2675 852 2726 5,
886 2676 925 2714 5.
988 2673 1061 2725 25)
1094 2670 1167 2713 Ps.
1203 2673 1271 2723 72,
1303 2670 1372 2709 28,

177 2825 274 2922 rt30
327 2817 616 2863 mutabiliter
677 2817 790 2870 VF‚·
855 2815 1114 2860 mortaliter
1160 2814 1231 2858 Av
1284 2815 1300 2868 ΙΙ
1355 2817 1406 2855 31
1463 2811 1659 2854 mortem
1714 2807 1776 2860 V,-

99 2891 175 2922 mo
223 2892 247 2922 e
280 2893 304 2922 v
