2038 3152
617 205 683 236 DE
708 203 951 258 CIVITATQ
970 205 1058 236 Dm
1082 205 1123 236 L.
1148 205 1181 236 1.
1206 204 1243 237 c.
1268 206 1298 237 8.
1744 193 1811 244 13

119 324 197 388 pit
235 319 402 370 malos
472 318 663 367 Placuit
696 319 878 382 quippe
912 316 1102 365 divinae
1142 317 1478 380 providentiae
1519 332 1811 382 praeparare

121 399 175 446 in
213 400 470 460 posterum
508 391 636 440 bona
675 393 840 457 iustiS,
888 389 1068 454 quibus
1108 406 1207 439 non
1248 391 1479 440 fruentur
1518 393 1714 457 iniusti,
1766 400 1813 441 et

123 468 249 519 mala
298 467 489 531 impiis,
537 464 718 530 quibus
765 480 864 513 non
912 463 1331 514 excruciabuntur
1378 464 1517 531 boni;
1564 466 1657 514 ista
1695 481 1811 514 vero

121 539 412 608 temporalia
457 539 586 588 bona
632 546 681 588 et
732 538 856 587 mala
902 539 1128 602 utrisque
1176 538 1330 587 voluit
1370 554 1477 587 esse
1520 541 1812 605 communia,

41 655 43 657 -
120 624 178 666 ut
218 631 310 665 nec
349 613 478 662 bona
528 612 757 678 cupidius
804 611 1122 678 adpetantur,
1174 627 1298 676 quae
1339 612 1451 661 mali
1493 627 1689 677 quoque
1728 612 1810 661 ha-

122 690 243 740 bere
292 694 592 752 cernuntur3
640 702 732 735 nec
780 685 904 734 mala
954 687 1170 750 turpiter
1218 687 1488 752 evitentur,
1536 686 1716 750 quibus
1764 694 1814 736 et

121 764 242 813 boni
279 761 571 828 plerumque
613 760 924 810 adficiuntur.

272 836 485 886 Interest
525 842 690 884 autem
727 834 1018 899 plurimum,
1068 833 1224 898 qualis
1265 835 1328 882 sit
1368 849 1487 883 usus
1527 834 1603 882 vel
1643 849 1813 883 earum

124 926 311 976 rerum,
350 924 475 973 quae
499 923 784 974 prosperae,
822 906 898 956 ve]
925 923 1109 974 earum,
1149 922 1273 972 quae
1300 907 1533 957 dicuntur
1566 908 1812 957 adversae.

122 985 246 1034 Nam
294 983 453 1032 bonus
501 981 854 1047 temporalibus
902 997 994 1030 nec
1040 981 1183 1030 bonis
1232 980 1484 1031 extollitur
1531 997 1624 1031 nec
1674 981 1813 1030 malis

123 1059 394 1123 frangitur3
426 1056 585 1106 malus
610 1062 774 1105 autem
805 1055 916 1104 ideo
948 1055 1155 1104 huiusce
1188 1054 1320 1104 modi
1351 1055 1638 1105 infelicitate
1671 1057 1814 1122 puni·

123 1139 229 1197 tur,
289 1132 404 1195 quia
458 1129 692 1179 felicitate
754 1130 1112 1194 corrumpitun
1186 1128 1415 1178 Ostendit
1465 1136 1629 1179 tamen
1683 1129 1815 1180 Deus

122 1219 270 1270 saepe
297 1205 444 1253 etiam
467 1204 516 1252 in
541 1202 619 1251 his
643 1202 999 1252 distribuendis
1017 1202 1292 1252 evidentius
1308 1205 1644 1268 operationem
1663 1219 1815 1254 suam.

123 1278 248 1328 Nam
287 1279 330 1327 si
379 1292 512 1326 nunc
560 1291 705 1325 omne
752 1283 1012 1341 peccatum
1058 1277 1317 1325 manifesta
1364 1276 1605 1341 plecteret
1642 1293 1815 1344 poena,

125 1351 247 1402 nihil
292 1350 466 1401 ultimo
518 1350 700 1400 iudicio
749 1351 935 1399 servari
984 1356 1271 1415 putaretur3
1320 1365 1495 1399 rursus
1545 1352 1587 1399 si
1626 1351 1815 1401 nullum

123 1432 384 1492 peccatum
423 1439 555 1474 nunc
594 1426 796 1489 puniret
835 1430 1003 1489 aperte
1044 1423 1295 1490 divinitas,
1334 1423 1466 1472 nulla
1507 1440 1614 1473 esse
1655 1425 1816 1475 divina

124 1498 436 1566 providentia
488 1497 791 1547 crederetur.
871 1497 1107 1546 Similiter
1156 1499 1207 1546 in
1262 1497 1413 1547 rebus
1465 1498 1720 1565 secundis»,
1775 1502 1816 1549 si

125 1589 225 1623 non
266 1588 347 1622 eas
372 1572 504 1622 Deus
536 1571 830 1637 quibusdam
862 1571 1148 1636 petentibus
1188 1571 1553 1621 evidentissima
1592 1572 1814 1637 largitate

126 1646 438 1713 concederet,
477 1662 577 1695 non
602 1646 661 1695 ad
695 1662 807 1695 eum
840 1647 931 1695 ista
964 1647 1216 1711 pertinere
1258 1645 1558 1712 diceremus;
1597 1647 1814 1711 itemque

124 1723 169 1771 si
215 1720 444 1770 omnibus
493 1735 575 1770 eas
621 1719 906 1784 petentibus
953 1719 1113 1785 daret,
1164 1735 1263 1768 non
1309 1721 1404 1768 nisi
1450 1727 1654 1784 propter
1703 1721 1815 1770 talia

127 1796 346 1860 praemia
394 1793 709 1844 serviendum
755 1793 826 1842 illi
865 1809 973 1842 esse
1014 1793 1392 1859 arbitraremur,
1446 1809 1539 1842 nec
1578 1796 1685 1859 pios
1726 1810 1815 1843 nos

126 1869 313 1918 faceret
351 1867 462 1917 talis
503 1869 732 1934 servituS,
772 1867 857 1916 sed
896 1868 1063 1932 potius
1104 1867 1309 1932 cupidos
1350 1875 1399 1916 et
1437 1882 1622 1916 avaros
1685 1867 1815 1917 Haec

125 1957 241 1992 cum
264 1943 331 1991 ita
364 1943 478 2008 sint,
519 1943 818 2006 quicumque
850 1940 969 1990 boni
1001 1948 1050 1990 et
1089 1940 1202 1989 mali
1240 1942 1428 2006 pariter
1466 1941 1648 1990 adflicti
1687 1949 1816 2007 sunt,

126 2031 226 2065 non
266 2015 376 2064 ideo
415 2017 511 2080 ipsi
551 2015 771 2064 distincti
810 2030 907 2063 non
951 2022 1080 2081 sunt,
1121 2017 1235 2080 quia
1275 2015 1562 2064 distinctum
1602 2031 1701 2064 non
1742 2023 1816 2064 est

126 2089 257 2154 quod
313 2090 514 2153 utrique
569 2090 795 2154 perpessi
855 2095 984 2138 sunt.
1061 2088 1225 2138 Manet
1282 2090 1414 2138 enim
1469 2089 1814 2138 dissimilitudo

126 2178 388 2229 passorum
440 2164 587 2212 etiam
636 2164 687 2213 in
739 2161 1059 2212 similitudine
1107 2164 1416 2229 passionum,
1470 2170 1520 2212 et
1567 2162 1682 2212 licet
1721 2162 1813 2212 sub

118 2236 302 2286 eodem
325 2243 574 2286 tormento
599 2252 698 2285 non
724 2243 800 2286 est
823 2236 954 2285 idem
984 2237 1142 2286 virtus
1174 2243 1223 2285 et
1261 2239 1448 2286 vitium.
1526 2235 1647 2285 Nam
1687 2238 1814 2285 sicut

127 2309 220 2360 sub
268 2325 367 2359 uno
413 2311 527 2375 igne
575 2325 752 2360 aurum
798 2310 968 2359 rutilat
1014 2309 1152 2374 palea
1199 2311 1375 2376 sumat,
1423 2317 1472 2359 et
1511 2309 1603 2358 sub
1644 2310 1813 2359 eadem

126 2383 308 2433 tribula
332 2383 540 2449 stipulae
567 2385 972 2433 comminuuntur
995 2384 1242 2433 frumenta
1265 2391 1554 2449 purgantur,
1587 2399 1679 2432 nec
1703 2383 1812 2432 ideo

128 2473 239 2506 cum
287 2456 395 2506 oleo
434 2472 632 2507 amurca
673 2457 1014 2524 confunditur,
1060 2459 1173 2522 quia
1221 2458 1394 2507 eodem
1432 2457 1556 2522 preli
1595 2457 1813 2522 pondere

128 2532 442 2595 exprimitur:
492 2533 558 2580 ita
604 2547 702 2581 una
748 2531 1015 2595 eademque
1063 2533 1136 2580 vis
1182 2533 1388 2581 inruens
1434 2530 1591 2580 bonos
1637 2530 1811 2595 probat

126 2605 355 2669 purificat
401 2603 606 2671 eliquat,
653 2605 806 2654 malos
853 2605 1048 2654 damnat
1094 2611 1250 2654 vastat
1290 2597 1596 2654 exterminat.
1674 2602 1811 2651 Unde

127 2679 179 2725 in
219 2677 389 2726 eadem
421 2678 696 2728 adflictione
722 2678 834 2727 mali
859 2677 1014 2728 Deum
1055 2678 1363 2728 detestantur
1403 2684 1547 2742 atque
1588 2675 1810 2741 blasphe-

129 2933 165 2977 t·
219 2934 228 2943 .
250 2882 303 2921 10
334 2877 483 2980 bpnus
507 2879 579 2923 his
603 2878 695 2932 A²;
719 2878 791 2923 his
817 2879 964 2924 bonus
989 2879 1041 2923 F
1058 2881 1074 2936 ΙΙ
1099 2884 1154 2923 14
1178 2877 1420 2923 manifeste
1447 2877 1491 2920 A
1515 2879 1530 2932 ΙΙ
1558 2880 1609 2921 18
1635 2875 1813 2933 sapien-

123 2966 130 2974 .,
152 2948 309 2979 isslma

1845 623 1870 660 υἱ

1848 993 1902 1033 10

1850 1363 1903 1400 15

1849 1731 1904 1771 20

1848 2099 1902 2137 25

1846 2467 1904 2506 30
