2004 3162
157 159 221 203 VI
847 166 1144 199 PRAEFATIO.

318 276 369 347 d,
409 280 524 329 bibl.
565 295 664 344 reg.
707 295 749 328 n.
792 276 958 343 2053,
999 277 1225 342 membr.,
1280 291 1404 325 saec.
1445 274 1513 340 X,
1553 281 1664 324 octo
1703 276 1832 339 prio-

408 369 488 402 res
528 353 678 402 libros
719 352 1072 417 complectenS,
1111 352 1320 415 optimae
1362 355 1520 414 notae,
1559 347 1835 397 simillimus

409 426 714 491 Corbeiensi3

322 510 368 566 θ,
407 500 521 548 olim
576 498 791 564 Corbei.,
850 513 979 547 nunc
1035 497 1258 546 German.
1319 511 1364 544 n.
1419 491 1553 559 258,
1614 494 1834 560 membr.,

331 626 340 633 ,
408 589 532 622 saec.
572 572 630 637 X,
669 587 840 621 omnes
877 571 1029 620 libros
1070 570 1423 636 complectens,
1463 568 1832 632 diligentissime

407 647 640 711 scriptus;

327 716 370 787 f,
409 720 523 768 olim
578 718 791 784 Corbei.,
846 733 977 766 nnnc
1032 717 1256 765 German.
1313 731 1358 765 n.
1415 712 1551 782 253,
1614 715 1833 780 membr.,

407 808 531 842 saec.
579 791 664 857 ΧΓ,
715 791 866 840 libros
914 790 1172 840 duodecim
1219 791 1519 854 posteriores
1559 790 1832 855 continenS,

407 881 504 915 non
543 865 720 930 malus3

313 952 365 1006 g,
404 939 518 988 olim
551 938 757 1004 Corbei.,
789 953 920 986 nunc
954 936 1178 985 German.
1210 952 1256 985 n.
1292 934 1412 1002 767,
1454 935 1672 1002 membr.,
1704 951 1830 985 saec..

406 1012 462 1078 X,
502 1018 689 1076 septem
721 1012 1021 1075 posteriores
1053 1009 1205 1058 libros
1238 1009 1586 1076 complectenS,
1619 1011 1829 1074 optimae

404 1092 560 1134 notae.

302 1204 486 1252 Eorum
526 1201 763 1250 librorum
803 1202 958 1250 varias
996 1200 1233 1249 lectiones
1272 1216 1298 1249 a
1338 1200 1599 1250 Duebnero
1639 1207 1830 1249 notatas

155 1294 267 1328 cum
307 1284 415 1326 ante
455 1276 544 1323 hos
592 1274 924 1338 duodeviginti
969 1289 1123 1322 annos
1169 1276 1501 1338 pervestigare
1542 1275 1830 1339 coepissem,

154 1350 419 1417 permultas
452 1363 619 1398 earum
651 1349 863 1412 receptis
895 1354 1144 1412 praestare
1184 1347 1416 1396 intellexi.
1493 1347 1703 1396 Mirabar
1742 1349 1828 1411 igi-

154 1432 250 1491 tur,
290 1439 379 1472 cur
410 1424 483 1470 vir
515 1422 825 1470 doctissimus
865 1427 962 1470 tam
996 1435 1140 1485 saepe
1174 1421 1249 1469 vel
1281 1422 1488 1485 optimas
1529 1422 1829 1485 optimorum

152 1497 391 1546 librorum
430 1495 669 1560 lectiones¹
694 1496 745 1543 in
777 1494 1139 1543 adnotationem
1178 1495 1397 1543 criticam
1435 1496 1599 1559 potius
1639 1493 1827 1559 ablega-

154 1579 231 1619 ret
270 1585 414 1636 quam
454 1571 504 1616 in
542 1575 730 1617 textum
769 1569 1067 1616 restitueret.

289 1643 360 1691 'At
398 1644 527 1690 enim
573 1640 796 1707 putabat,
842 1647 897 1690 ut
946 1643 1012 1690 ait
1048 1643 1100 1689 in
1138 1642 1440 1706 praefatione
1480 1635 1612 1707 (pag.
1652 1636 1828 1708 XXll),

151 1723 409 1782 „oportere
451 1731 501 1763 se
543 1729 810 1763 memorem
850 1730 958 1763 esse
997 1722 1194 1779 patrum
1232 1714 1687 1780 Benedictinorum,
1728 1730 1826 1763 non

153 1805 291 1838 suam
330 1788 731 1853 qualemcumque
765 1790 1104 1836 recensionem
1143 1787 1290 1837 huius
1330 1790 1493 1852 operis
1533 1787 1591 1836 ab
1631 1787 1826 1837 lectori-

152 1861 244 1911 bus
284 1856 560 1926 expeti“*).
987 1905 990 1907 Α

299 1934 477 1983 Verum
502 1941 665 1983 tamen
698 1933 815 1998 quid
847 1941 923 1982 est
952 1937 1169 2000 iniquius
1203 1951 1349 1999 quam
1381 1935 1626 1984 editorum
1658 1951 1824 2000 quam-

153 2010 224 2056 vis
265 2014 546 2056 sanctorum
593 2013 641 2055 et
689 2007 946 2056 doctorum
993 2011 1144 2073 magis
1190 2008 1362 2057 haberi
1399 2011 1641 2057 rationem
1680 2023 1824 2073 quam

150 2083 306 2145 ipsius
352 2077 648 2144 scriptoris?
725 2080 880 2138 Quam
927 2080 988 2129 ob
1036 2097 1142 2130 rem
1188 2089 1292 2131 tum
1331 2082 1379 2130 id
1419 2082 1536 2131 mihi
1575 2085 1826 2147 proposui,

151 2161 226 2218 ut,
273 2161 507 2217 quantum
563 2154 670 2201 fieri
715 2161 903 2218 posset,
957 2157 1007 2203 in
1054 2155 1130 2203 his
1179 2155 1317 2204 libris
1363 2157 1518 2220 ipsius
1566 2156 1826 2220 Augustini

150 2225 298 2276 verba
336 2242 395 2274 ex
436 2226 685 2275 codicibus
725 2242 839 2275 mss,
878 2229 1205 2277 restituerem.
1348 2242 1352 2245 ’

296 2299 415 2348 Eius
455 2301 527 2347 rei
566 2300 918 2364 aggrediendae
964 2308 1180 2365 potestas
1221 2301 1339 2350 mihi
1379 2303 1504 2351 sacta
1543 2310 1618 2352 est
1656 2305 1823 2368 impri-

150 2374 242 2421 mis
275 2372 479 2420 Caroli
511 2372 718 2439 Halmi,
759 2375 849 2421 viri
879 2374 1211 2440 illustrissimi,
1250 2375 1548 2440 benignitate
1581 2392 1635 2426 ac
1668 2392 1821 2441 paene

152 2453 353 2510 paterna
402 2460 540 2494 cura.
617 2446 663 2494 Is
710 2462 768 2495 ex
814 2446 1105 2497 bibliotheca
1150 2449 1345 2513 publica
1391 2450 1691 2517 Monacensi,
1743 2453 1823 2500 cui

267 2644 307 2700 *)
340 2645 555 2690 Duebner
578 2646 677 2703 ipse
701 2661 792 2691 non
815 2647 951 2691 nimis
975 2648 1024 2691 in
1048 2662 1102 2692 ea
1126 2663 1174 2693 re
1199 2650 1508 2695 criminandus
1533 2654 1615 2707 est,
1649 2652 1821 2709 quippe

110 2703 118 2710 ‘
149 2703 223 2746 cui
259 2717 341 2769 per
375 2703 527 2770 ⁴totius
560 2705 709 2761 operis
751 2706 973 2750 editorem
1005 2721 1097 2750 non
1127 2708 1310 2752 licuisse
1347 2710 1561 2754 videatur
1597 2711 1734 2767 plura
1770 2712 1821 2755 in

150 2761 550 2806 Benedictmorum
576 2764 840 2809 recensione
857 2779 1048 2820 novare3
1073 2765 1122 2809 in
1144 2767 1201 2810 iis
1225 2769 1408 2811 tantum
1431 2769 1545 2812 locis
1571 2770 1820 2814 emendan-

148 2819 233 2873 dis,
266 2820 346 2886 qui
375 2833 432 2863 ex
463 2821 665 2866 classicis
698 2823 996 2880 scriptoribus
1028 2825 1303 2880 afferuntur,
1335 2841 1415 2870 suo
1450 2828 1641 2872 arbitrio
1672 2829 1743 2883 ubi
1775 2830 1819 2874 ei

146 2891 419 2933 permissum
451 2883 561 2925 erat.
624 2882 756 2936 (Nov.
790 2884 960 2927 Annal.
986 2884 1146 2940 philol.
1183 2885 1271 2928 XI
1299 2887 1413 2941 (32),
1437 2900 1547 2943 pay.
1582 2890 1675 2942 68.)
