2020 3122
540 127 608 159 m:
633 126 869 159 mvrrAtrE
894 127 981 160 DEI
1006 127 1048 160 L.
1075 127 1182 159 xm.
1208 126 1245 159 c.
1274 129 1325 159 24.
1675 114 1784 167 595

104 255 339 304 umquam
398 246 710 303 nuncupatus
769 241 1003 288 occurrit.
1098 238 1188 287 Hic
1245 254 1361 287 vero
1375 279 1388 304 ‚
1443 238 1528 287 ubi
1583 239 1782 303 legitur:

102 314 171 362 Et
202 316 361 373 finxit
390 314 526 362 Deus
558 314 802 361 hominem
836 315 1095 374 pulverem
1135 315 1196 362 de
1237 319 1379 362 terra
1419 320 1467 362 et
1507 312 1785 374 insufflavit

101 389 200 436 sive
256 389 524 450 inspiravit
573 388 624 435 in
673 384 862 446 faciem
918 388 1025 434 eius
1079 389 1311 449 spiritum
1361 389 1517 445 vitae,
1570 402 1667 434 non
1718 387 1785 434 ait

100 459 319 510 Graecus
372 462 592 524 πνεῦμα,
648 456 779 523 quod
835 458 960 507 solet
1007 459 1102 507 dici
1155 458 1369 524 Spiritus
1421 467 1645 525 sanctus,
1699 459 1783 507 sed

98 530 287 600 πνοήν,
339 533 468 598 quod
518 547 697 583 nomen
743 536 793 582 in
841 539 1066 581 ereatura
1116 548 1260 596 quam
1308 535 1358 581 in
1409 533 1639 582 Creatore
1688 534 1782 580 fre·
1816 542 1842 580 5

101 610 336 672 quentius
374 607 578 673 legitur3
626 607 756 656 unde
805 605 1026 654 nonnulli
1068 607 1214 654 etiam
1254 605 1412 655 Latini
1451 614 1653 671 propter
1693 606 1782 654 dif-

98 682 359 730 ferentiam
398 681 490 730 hoc
531 679 820 730 vocabulum
868 694 966 728 non
1007 681 1250 744 spiritum,
1290 680 1374 727 sed
1416 680 1583 729 flatum
1623 679 1783 745 appel-

99 754 201 803 lare
242 754 536 804 maluerunt.
614 754 718 803 Hoc
768 756 899 803 enim
939 760 1015 802 est
1052 754 1102 801 in
1143 752 1330 801 Graeco
1371 754 1516 802 etiam
1556 753 1636 801 illo
1675 753 1782 801 loco

99 827 228 893 apud
283 827 505 894 Esaiam,
561 827 646 877 ubi
693 828 825 877 Deus
876 827 1015 876 dicit:
1079 828 1279 877 Omnem
1320 829 1500 887 flatum
1540 842 1629 888 eqo
1665 826 1784 888 feci,

99 917 295 951 omnem
328 904 539 951 animam
571 904 676 951 sine
718 901 1024 951 dubitatione
1064 901 1359 965 significans,
1439 899 1581 958 Quod
1620 903 1783 964 itaque
1820 909 1874 947 10

100 975 286 1024 Graece
326 971 454 1039 πνοὴ
508 975 716 1042 dicitur,
771 976 929 1024 nostri
976 974 1234 1038 aliquando
1286 974 1476 1039 flatum,
1526 973 1784 1039 aliquando

99 1051 343 1116 spiritum,
383 1049 642 1114 aliquando
674 1051 1048 1114 inspirationem
1080 1047 1154 1096 vel
1187 1050 1550 1114 aspirationem,
1590 1047 1784 1112 quando

100 1125 247 1172 etiam
279 1122 367 1171 Dei
399 1122 597 1189 dieitur,
628 1124 941 1188 interpretati
973 1128 1110 1187 sunt3
1142 1125 1336 1186 πνεῦμα
1368 1137 1484 1170 vero
1517 1136 1786 1186 numquam

98 1198 195 1246 nisi
242 1198 494 1263 spiritum,
541 1198 642 1245 sive
692 1197 904 1245 hominis
953 1190 1038 1262 (de
1087 1211 1184 1260 quo
1233 1197 1299 1244 ait
1339 1195 1611 1260 apostolus:
1665 1197 1786 1255 Quis

99 1273 230 1320 enim
261 1274 358 1319 scit
389 1272 641 1320 hominum
676 1286 807 1332 quae
837 1276 956 1319 sunt
986 1271 1213 1330 homini'S‚
1255 1271 1355 1318 nisi
1383 1271 1592 1331 spiritus
1630 1271 1783 1318 homi·
1820 1276 1873 1315 15

99 1347 177 1394 nis
227 1347 316 1406 qui
368 1347 421 1393 in
474 1347 577 1407 ipso
629 1347 757 1404 est?)
811 1346 911 1393 sive
962 1345 1158 1408 pecoris
1212 1337 1366 1410 (sicut
1417 1345 1467 1390 in
1513 1342 1786 1391 Salomonis

96 1417 222 1466 libro
271 1419 511 1483 scriptum
561 1424 658 1467 est:
714 1420 834 1478 Quis
879 1420 976 1466 scit
1023 1419 1071 1466 si
1106 1419 1317 1479 spiritus
1357 1418 1568 1465 hominis
1609 1431 1785 1465 ascen-

97 1493 187 1540 dat
236 1506 438 1541 sursum
490 1493 545 1554 in
607 1495 802 1541 caelum
876 1497 925 1540 et
975 1493 1184 1553 spiritus
1244 1492 1447 1553 pecoris
1512 1492 1789 1540 descendat

96 1567 330 1615 deorsum
378 1568 429 1614 in
479 1561 732 1633 terram?)
784 1567 883 1614 sive
931 1567 1082 1614 istum
1129 1579 1451 1629 corporeum,
1507 1565 1591 1628 qui
1639 1565 1786 1612 etiam

94 1645 271 1688 ventus
311 1639 514 1705 dicitur,
561 1634 702 1705 (nam
743 1641 850 1688 eius
889 1638 984 1687 hoc
1025 1652 1203 1687 nomen
1244 1643 1345 1703 est,
1384 1636 1469 1686 ubi
1509 1639 1558 1685 in
1598 1637 1784 1702 psalmo
1820 1645 1874 1684 20

97 1714 312 1762 canitur:
354 1713 495 1774 anis
529 1715 756 1775 grando,
803 1715 895 1762 nix
946 1715 1154 1773 glacie&
1200 1713 1410 1776 spiritus
1457 1705 1784 1778 tempestatis)

98 1788 198 1834 sive
238 1787 335 1834 iam
382 1801 482 1834 non
529 1793 773 1851 creatum,
822 1785 907 1834 sed
949 1785 1257 1850 Creatorem,
1305 1787 1433 1833 sicut
1474 1792 1548 1833 est
1588 1785 1646 1833 de
1689 1799 1785 1848 quo

99 1860 218 1908 dicit
264 1859 502 1908 Dominus
549 1861 600 1908 in
648 1859 920 1924 evangelio:
967 1860 1197 1921 Accipite
1245 1859 1490 1920 Spiritum
1539 1864 1786 1918 sanctum,

99 1948 212 1982 eum
261 1934 488 1997 corporei
535 1935 612 1982 sui
660 1935 761 1982 oris
807 1933 925 1982 ssatu
973 1932 1277 1998 significanS‚
1332 1939 1382 1980 et
1431 1930 1516 1980 ubi
1557 1933 1643 1980 ait:
1695 1932 1786 1991 Ite,

101 2008 361 2068 baptizate
400 2003 639 2072 (omnes)
687 2013 863 2068 qentes
907 2009 958 2055 in
1014 2009 1212 2056 nomine
1260 2007 1432 2055 Patris
1480 2012 1528 2054 et
1574 2007 1695 2054 Filii
1740 2012 1787 2054 et
1819 2011 1873 2050 25

101 2080 323 2142 Spiritus
369 2083 556 2141 sancti,
606 2079 692 2129 nbi
738 2082 844 2145 ipsa
895 2081 1090 2128 trinitas
1137 2079 1546 2129 excellentissime
1600 2086 1650 2127 et
1690 2079 1784 2127 evi-

100 2153 388 2202 dentissime
429 2154 765 2203 commendata
807 2160 904 2220 est,
945 2161 993 2202 et
1032 2153 1117 2202 ubi
1156 2153 1361 2217 legitur:
1402 2153 1538 2202 Deus
1577 2154 1787 2215 spiritus

100 2234 196 2288 est,
249 2234 299 2276 et
343 2227 450 2276 aliis
497 2227 722 2292 plurimis
771 2242 1023 2277 sacrarum
1074 2227 1351 2276 litterarum
1403 2226 1537 2275 locis,
1615 2225 1669 2274 In
1711 2225 1786 2273 his

97 2303 280 2365 quippe
336 2300 564 2350 omnibus
619 2303 914 2350 testimoniis
979 2302 1367 2366 scripturarum,
1426 2307 1663 2364 quantum
1727 2298 1784 2346 ad

98 2373 312 2423 Graecos
367 2374 579 2435 adtinet,
633 2390 730 2423 non
771 2370 936 2439 πνοὴν
975 2375 1196 2423 videmus
1230 2376 1468 2438 scriptum
1512 2388 1645 2437 esse,
1699 2371 1784 2419 sed
1817 2379 1874 2418 30

215 2504 259 2553 9)
293 2501 414 2545 Esai.
449 2506 520 2555 57,
556 2506 623 2544 16.
691 2503 761 2555 16)
799 2507 836 2544 1.
871 2501 970 2545 Cor.
1005 2507 1044 2556 2,
1080 2507 1147 2546 11.
1215 2502 1285 2555 19)
1318 2501 1467 2544 Ecele.
1501 2505 1541 2554 3,
1576 2503 1645 2544 21.
1710 2499 1783 2552 21)

96 2559 168 2602 Ps.
206 2564 306 2614 148,
338 2565 376 2604 8.
443 2564 516 2616 26)
548 2560 631 2602 Mt.
665 2563 735 2614 28,
771 2565 839 2604 19.
902 2563 975 2616 28)
1008 2561 1071 2604 10.
1106 2566 1145 2616 4,
1180 2565 1249 2603 24.

215 2741 268 2778 21
304 2736 484 2779 canitur
525 2736 616 2788 Vv,·
648 2738 863 2781 cantatur
886 2737 984 2780 AF
1003 2739 1018 2791 Η
1043 2741 1098 2780 25
1133 2749 1290 2780 omnes
1324 2749 1406 2780 om.
1449 2733 1628 2786 VAF¹,·
1658 2734 1781 2776 item-

100 2808 184 2850 que
201 2794 421 2851 Cypriam.
453 2795 539 2847 (ed.
573 2795 740 2839 Hartel
765 2796 812 2849 Ι,
836 2799 943 2850 442,
968 2799 1019 2849 4,·
1044 2799 1148 2850 447,
1173 2798 1251 2851 17)
1275 2799 1315 2838 et
1336 2794 1522 2838 Tertull.
1541 2791 1781 2846 (Roensch,

96 2867 196 2897 nov.
229 2857 322 2898 test.
360 2854 481 2900 Tert.
506 2867 557 2909 p.
590 2858 698 2909 144)

1334 2926 1424 2969 38*
