2020 3122
634 155 701 188 DE
725 154 962 188 CIVITATE
985 156 1072 188 Dm
1095 156 1138 189 L.
1165 156 1213 188 x.
1239 156 1276 190 c.
1300 158 1330 190 9.
1701 145 1810 196 415

801 305 998 360 CAPUT
1031 307 1123 360 IX.

124 416 200 466 De
247 416 454 463 inlicitis
502 415 699 463 artibus
746 429 872 475 erqa
920 416 1218 463 daemonum
1265 418 1476 476 cultum,
1530 419 1580 464 in
1628 417 1808 476 quibus

199 489 518 550 Porphyrius
550 489 843 537 Platonicus
882 489 1132 548 quaedam
1163 490 1447 555 probanda,
1487 492 1735 550 quaedam

569 564 718 622 quasi
755 563 1074 623 inprobando
1117 566 1363 610 versatur.

272 663 403 713 Haec
452 670 502 714 et
547 663 638 712 alia
684 663 837 712 multa
875 663 1081 712 huiusce
1123 664 1276 730 modi,
1318 679 1441 728 quae
1483 666 1643 712 omnia
1678 679 1806 713 com·
1841 673 1867 713 5

127 753 400 787 memorare
448 739 594 787 nimis
640 737 840 801 longum
889 744 984 803 est,
1032 737 1214 786 fiebant
1261 737 1319 786 ad
1367 737 1809 786 commendandum

125 813 273 861 unius
322 811 411 860 Dei
457 813 562 860 veri
610 810 798 861 cultum
846 817 895 860 et
942 810 1210 861 multorum
1259 811 1593 875 falsorumque
1644 811 1808 875 prohi-

124 884 355 933 bendum.
432 884 639 934 Fiehant
684 891 848 933 antem
897 885 1107 949 simplici
1154 884 1247 933 fide
1296 892 1442 949 atque
1490 885 1667 934 fiducia
1707 886 1807 949 pie-

125 959 260 1024 tatis,
309 973 406 1006 non
454 958 870 1007 incantationibus
919 965 967 1007 et
1006 958 1307 1007 carminibus
1347 959 1561 1007 nefariae
1603 959 1807 1007 curiosi-

125 1033 239 1081 tatis
294 1039 398 1080 arte
440 1034 748 1098 compositis,
788 1047 935 1096 quam
975 1032 1050 1080 vel
1090 1034 1280 1096 magian
1327 1031 1403 1080 vel
1443 1031 1806 1082 detestabiliore
1843 1040 1896 1080 10

125 1106 322 1154 nomine
378 1107 574 1170 goetian
627 1105 703 1154 vel
750 1105 1114 1154 honorabiliore
1161 1105 1421 1171 theurgian
1471 1112 1669 1172 vocant,
1725 1106 1811 1170 qui

126 1180 265 1243 quasi
305 1186 547 1228 conantur
595 1181 687 1229 ista
737 1179 1020 1228 discernere
1062 1186 1111 1228 et
1150 1179 1348 1228 inlicitis
1389 1179 1577 1228 artibus
1617 1179 1809 1228 deditos

125 1251 244 1300 alios
294 1252 592 1302 damnabiles
604 1293 618 1319 ,
666 1268 789 1317 quos
838 1259 887 1302 et
932 1252 1179 1302 maleficos
1230 1253 1404 1318 vulgus
1444 1253 1653 1318 appellat
1694 1247 1809 1320 (hos

125 1327 255 1375 enim
294 1326 351 1374 ad
393 1328 587 1391 goetian
626 1329 877 1391 pertinere
918 1321 1138 1393 dicunt),
1178 1326 1297 1375 alios
1338 1333 1502 1375 antem
1541 1326 1808 1375 laudabiles

123 1398 278 1448 videri
310 1399 492 1466 volunt,
533 1400 712 1464 quibus
743 1400 1004 1464 theurgian
1029 1399 1292 1465 deputant3
1333 1415 1447 1450 cum
1479 1402 1578 1449 sint
1608 1402 1807 1464 utrique
1844 1408 1897 1447 15

122 1472 301 1522 ritibus
333 1473 587 1523 fallacibus
620 1474 914 1523 daemonum
946 1473 1172 1523 obstricti
1211 1473 1302 1523 sub
1343 1473 1625 1523 nominibus
1665 1489 1808 1538 ange-

124 1545 298 1595 lorum.

270 1619 391 1669 Nam
433 1627 482 1670 et
518 1620 822 1686 Porphyrius
864 1620 1107 1686 quandam
1147 1624 1287 1685 quasi
1325 1623 1670 1688 purgationem
1710 1622 1808 1669 ani·

123 1707 230 1742 mae
267 1709 358 1758 per
398 1693 679 1761 theurgian‚
731 1701 1023 1743 cunctanter
1070 1702 1235 1744 tamen
1276 1702 1325 1744 et
1362 1694 1649 1759 pudibunda
1690 1709 1808 1759 quo-

124 1766 235 1815 dam
288 1768 432 1816 modo
488 1768 819 1834 disputatione
874 1770 1144 1834 promittit;
1199 1770 1533 1817 reversionem
1584 1783 1701 1817 vero
1749 1767 1807 1815 ad
1841 1776 1898 1816 20

123 1839 279 1889 Deum
311 1840 437 1890 hanc
469 1847 627 1890 artem
657 1847 909 1906 praestare
951 1843 1181 1906 cuiquam
1213 1847 1380 1907 negat3
1420 1848 1476 1891 ut
1506 1841 1669 1890 videas
1696 1856 1810 1890 eum

123 1914 254 1963 inter
293 1916 467 1964 vitium
507 1915 773 1979 sacrilegae
814 1916 1115 1964 curiositatis
1156 1921 1206 1963 et
1242 1915 1580 1980 philosophiae
1619 1915 1808 1980 profes-

125 1988 314 2036 sionem
378 1990 637 2037 sententiis
699 1988 1055 2037 alternantibus
1117 1987 1371 2038 ssuctuare.
1472 1988 1615 2037 Nunc
1677 1990 1809 2037 enim

123 2059 248 2109 hanc
289 2067 446 2110 artem
492 2069 740 2126 tamquam
788 2061 1008 2110 fallacem
1055 2068 1104 2110 et
1149 2063 1200 2110 in
1239 2063 1345 2127 ipsa
1384 2064 1575 2111 actione
1613 2063 1807 2127 pericu-

124 2132 278 2182 losam
311 2140 360 2184 et
383 2134 574 2199 legibus
606 2134 906 2200 prohibitam
938 2134 1205 2184 cavendam
1243 2143 1433 2202 monet3
1473 2151 1606 2184 nunc
1646 2143 1809 2185 autem
1842 2142 1898 2182 25

123 2206 259 2256 velut
298 2210 404 2257 eius
443 2207 783 2258 laudatoribus
831 2208 1012 2258 cedens
1052 2208 1224 2257 utilem
1265 2209 1383 2258 dicit
1423 2225 1530 2258 esse
1571 2209 1807 2258 mundan-

128 2279 223 2338 dae,
271 2283 400 2346 parti
447 2284 663 2348 animae,
718 2297 818 2330 non
867 2282 1067 2346 quidem
1106 2281 1450 2349 intellectuali,
1506 2298 1602 2347 qua
1640 2297 1809 2331 rerum

124 2353 515 2419 intellegibilium
552 2357 829 2421 percipitur
867 2357 1071 2422 veritaS,
1119 2355 1276 2405 nullas
1315 2356 1602 2405 habentium
1642 2355 1807 2404 simili-

125 2427 321 2476 tudines
377 2444 663 2494 corporum3
720 2428 806 2478 sed
854 2429 1086 2494 spiritali,
1136 2444 1231 2493 qua
1271 2429 1599 2494 corporalium
1640 2443 1808 2477 rerum

126 2502 388 2564 capiuntur
433 2504 684 2567 imagines.
761 2501 896 2551 Hanc
948 2504 1078 2551 enim
1125 2503 1244 2552 dicit
1288 2519 1379 2567 per
1418 2503 1652 2567 quasdam
1693 2517 1805 2550 con-
1839 2510 1898 2549 30

125 2577 426 2624 secrationes
466 2576 769 2641 theurgicaS‚
820 2591 941 2640 quas
981 2575 1153 2625 teletas
1192 2583 1390 2642 vocant,
1436 2576 1661 2624 idoneam
1701 2575 1808 2622 fieri

125 2653 268 2710 atque
325 2656 484 2713 aptam
541 2651 846 2714 susceptioni
899 2651 1164 2714 spirituum
1213 2656 1262 2698 et
1307 2649 1591 2713 angelorum
1648 2655 1698 2696 et
1749 2647 1806 2695 ad

127 2721 366 2771 videndos
407 2722 537 2772 deos.
614 2722 687 2771 Ex
742 2722 922 2786 quibus
978 2730 1141 2771 tamen
1180 2722 1448 2787 theurgicis
1488 2721 1650 2770 teletis
1689 2721 1806 2769 fate·

134 2801 215 2844 tur
262 2795 585 2845 intellectuali
631 2797 818 2844 animae
867 2795 987 2844 nihil
1031 2797 1338 2860 purgationis
1377 2794 1636 2860 accedere,
1676 2793 1805 2857 qnod

131 2883 235 2917 eam
285 2871 429 2918 faciat
475 2869 700 2918 idoneam
752 2869 810 2918 ad
850 2869 1115 2917 videndum
1154 2869 1309 2917 Deum
1349 2884 1493 2917 suum
1533 2874 1582 2916 et
1621 2868 1805 2931 perspi·
1840 2875 1898 2915 35
