2020 3122
129 937 183 977 10

128 1305 181 1345 15

124 1790 181 1831 20

125 2186 180 2226 25

124 2555 181 2595 30

219 139 290 191 98
891 149 927 183 s,
948 149 1223 184 Aueusrm

218 263 609 329 stomachantur,
655 264 698 311 si
741 262 902 311 villam
951 263 1127 311 malam
1172 261 1404 327 habeant,
1452 276 1598 326 quam
1645 263 1690 310 si
1734 262 1903 330 vitam,

219 339 358 402 quasi
382 337 475 386 hoc
499 339 563 386 sit
586 336 799 385 hominis
822 338 1089 386 maximum
1119 336 1320 399 bonum,
1358 335 1541 384 habere
1580 334 1709 384 bona
1733 338 1896 385 omnia

215 419 414 476 praeter
460 426 511 460 se
558 412 736 475 ipsum.
815 410 912 459 Sed
951 426 1112 474 neque
1162 410 1276 459 talia
1314 409 1460 474 mala,
1507 424 1632 473 quae
1673 411 1756 458 isti
1796 409 1898 458 sola

216 485 497 546 formidant,
535 484 604 533 dii
628 499 815 550 eorum,
855 484 1049 549 quando
1083 484 1142 532 ab
1183 485 1254 532 eis
1294 482 1448 532 libere
1490 482 1795 548 colebantur,
1834 498 1896 533 ne

216 558 311 607 illis
350 559 632 608 acciderent
670 557 984 607 obstiterunt.
1062 557 1185 606 Cum
1218 558 1350 606 enim
1389 559 1537 606 variis
1576 572 1667 621 per
1706 556 1899 606 diversa

216 633 522 698 temporibus
569 639 682 681 ante
728 632 991 681 adventum
1029 631 1376 695 Redemptoris
1416 633 1576 680 nostri
1614 633 1896 680 innumera-

214 705 397 756 bilibus
446 706 794 770 nonnullisque
850 708 997 755 etiam
1046 704 1420 754 incredibilibus
1471 704 1691 754 cladibus
1738 719 1896 769 genus

216 786 561 829 contereretur
598 780 882 845 humanum,
922 795 1046 843 quos
1085 779 1205 827 alios
1246 794 1393 843 quam
1431 781 1555 828 istos
1595 779 1715 827 deos
1754 793 1896 827 mnn-

215 853 308 902 dus
356 854 566 917 colebat,
622 860 826 918 excepto
879 868 977 902 uno
1024 852 1206 917 populo
1246 852 1471 901 Hebraeo
1513 859 1562 902 et
1602 852 1897 916 quibusdam

216 934 351 976 extra
390 930 552 992 ipsum
598 928 857 992 populum,
908 925 1206 990 ubicumque
1245 928 1400 990 gratia
1440 926 1601 975 divina
1641 926 1776 990 digni
1814 941 1895 975 oc-

215 1001 485 1050 cultissimo
533 1007 679 1064 atque
726 1002 996 1049 iustissimo
1036 999 1125 1048 Dei
1172 999 1355 1048 iudicio
1396 997 1637 1049 fuerunt?
1711 998 1895 1049 Verum

213 1090 274 1123 ne
322 1074 527 1123 nimium
573 1074 774 1138 longum
821 1074 1017 1140 faciam,
1063 1073 1235 1122 tacebo
1282 1073 1486 1123 aliarum
1537 1088 1894 1138 usquequaque

212 1150 433 1213 gentium
471 1147 595 1196 mala
634 1149 943 1212 gravissima:
983 1147 1113 1211 quod
1153 1147 1211 1196 ad
1237 1146 1440 1196 Romam
1479 1149 1696 1212 pertinet
1719 1147 1895 1196 Roma-

213 1237 429 1286 numque
454 1223 717 1286 imperium
740 1228 932 1271 tantum
971 1221 1158 1287 loquar,
1195 1221 1245 1270 id
1286 1228 1362 1270 est
1399 1221 1460 1270 ad
1499 1223 1656 1286 ipsam
1694 1222 1895 1286 proprie

213 1297 458 1351 civitatem
504 1303 554 1344 et
600 1311 940 1360 quaecumque
987 1295 1057 1343 illi
1103 1302 1350 1344 terrarum
1390 1295 1465 1344 vel
1505 1297 1742 1344 societate
1783 1309 1898 1344 con·

212 1370 409 1419 iunctae
449 1369 523 1418 vel
549 1370 838 1419 condicione
864 1368 1113 1418 subiectae
1154 1375 1285 1435 sunt,
1325 1383 1450 1434 quae
1491 1370 1590 1418 sint
1629 1370 1894 1433 perpessae

213 1449 326 1492 ante
381 1443 642 1492 adventum
693 1443 901 1510 Christi,
952 1458 1064 1492 cum
1109 1445 1206 1491 iam
1258 1443 1318 1492 ad
1365 1445 1474 1492 eius
1524 1444 1664 1507 quasi
1712 1456 1895 1508 corpus

212 1518 285 1566 rei
323 1516 548 1582 publicae
586 1519 910 1582 pertinerent.

908 1674 1100 1729 CAPUT
1133 1675 1201 1728 II.

213 1781 291 1831 An
340 1784 432 1842 dii,
480 1785 570 1843 qui
613 1789 662 1832 et
707 1798 739 1832 a
779 1783 1022 1832 Romanis
1070 1787 1118 1831 et
1163 1797 1195 1831 a
1240 1783 1453 1831 Graecis
1491 1783 1723 1830 similiter
1767 1784 1895 1832 cole-

298 1857 505 1917 bantur,
546 1871 731 1906 causas
768 1858 1060 1916 habuerint,
1100 1857 1279 1916 quibus
1319 1856 1468 1905 Ilium
1502 1860 1806 1918 paterentur

934 1931 1180 1980 exscindi.

358 2030 580 2080 Primum
618 2033 724 2096 ipsa
763 2031 909 2081 Troia
948 2032 1023 2081 vel
1061 2032 1218 2098 ilium,
1258 2032 1388 2082 unde
1429 2034 1568 2097 origo
1608 2037 1685 2081 est
1722 2031 1894 2097 populi

212 2103 439 2170 Romani,
487 2098 673 2170 (neque
721 2107 851 2153 enim
897 2107 1317 2169 praetereundum
1365 2113 1450 2155 aut
1487 2105 1897 2155 dissimulandum

215 2183 312 2243 est,
361 2176 491 2242 quod
541 2184 590 2226 et
627 2180 677 2227 in
724 2180 883 2243 primo
923 2178 1048 2227 libro
1088 2174 1263 2246 adtigi)
1311 2179 1511 2229 eosdem
1548 2178 1736 2228 habens
1775 2179 1895 2228 deos

214 2257 262 2300 et
309 2250 474 2300 colens
524 2266 614 2300 cur
661 2266 687 2299 a
734 2251 933 2300 Graecis
982 2254 1189 2318 victum,
1244 2260 1441 2317 captum
1488 2259 1635 2316 atque
1676 2251 1895 2302 deletum

213 2321 324 2374 est?
362 2323 603 2391 „Priamo,
641 2326 885 2391 inquiunt,
926 2331 1041 2375 sunt
1076 2325 1267 2375 reddita
1291 2325 1650 2376 Laomedontea
1690 2332 1897 2390 paterna

211 2393 476 2462 periuria.“
548 2397 678 2463 Ergo
718 2413 889 2447 verum
930 2405 1027 2464 est,
1068 2398 1198 2462 quod
1237 2399 1408 2464 Apollo
1450 2405 1594 2463 atque
1634 2398 1895 2463 Neptunus

213 2470 374 2520 eidem
410 2470 730 2521 Laomedonti
767 2474 1121 2521 mercennariis
1161 2473 1394 2537 operibus
1434 2469 1750 2522 servierunt?
1788 2471 1889 2522 Illis

213 2546 395 2610 quippe
418 2547 704 2610 promisisse
729 2545 1009 2594 mercedem
1041 2545 1315 2610 falsumque
1355 2547 1545 2596 iurasse
1584 2545 1891 2611 perhibetur.

334 2688 409 2743 28)
441 2686 581 2744 Verg.
613 2687 726 2731 Aen.
759 2691 801 2743 4,
836 2690 935 2730 542.
970 2685 1135 2744 Georg.
1170 2692 1210 2743 1,
1245 2691 1345 2731 502.

332 2824 358 2862 5
390 2832 474 2876 per
503 2819 685 2863 diuersa,
713 2831 802 2863 mss
830 2819 883 2872 (l.
909 2822 939 2862 3
962 2831 998 2864 e.
1022 2822 1128 2872 2593
1166 2832 1250 2875 per
1281 2819 1323 2862 d.
1355 2820 1460 2864 loca.
1489 2834 1515 2864 v
1538 2821 1554 2877 11
1580 2825 1634 2864 12
1658 2819 1798 2863 nimis
1822 2817 1894 2874 A;

213 2879 292 2922 sed
322 2879 379 2932 cf.
412 2883 514 2935 101,
545 2879 726 2935 241115
756 2877 830 2921 illi
860 2891 943 2922 om.
969 2877 1074 2935 11¹ss
1098 2883 1152 2922 16
1177 2891 1294 2934 quae
1326 2880 1435 2922 sunt:
1464 2878 1532 2922 Αἱ
