2020 3122
587 135 654 166 DE
678 134 914 167 CIVITATE
938 136 1027 168 DEI
1050 137 1091 169 L.
1116 137 1181 170 1x.
1207 137 1242 170 c.
1267 138 1298 171 5.
1685 127 1791 179 375

114 253 382 296 vertantur.
458 245 679 309 Denique
728 247 777 293 in
819 246 1076 311 disciplina
1116 256 1282 298 nostra
1322 265 1420 298 non
1460 258 1559 299 tam
1601 253 1789 314 quaeri·

114 329 196 371 tur
227 326 396 369 utrum
427 321 538 383 pius
571 321 762 367 animus
793 321 1049 386 irascatur,
1089 322 1174 370 sed
1207 337 1357 386 quare
1397 326 1659 389 irascatur3
1700 339 1789 372 nec

113 401 282 443 utrum
321 395 386 442 sit
423 393 607 459 tristiS,
655 392 741 440 sed
781 392 911 441 unde
953 395 1016 442 sit
1055 396 1232 460 tristis3
1273 411 1363 444 nec
1402 404 1571 446 utrum
1609 399 1791 462 timeat,

113 467 200 516 sed
233 467 349 530 quid
380 468 562 515 timeat.
640 465 790 514 Irasci
822 468 953 514 enim
992 469 1217 530 peccanti
1257 476 1310 517 ut
1349 472 1637 535 corrigatur,
1678 485 1790 519 con-

112 542 299 590 tristari
352 555 443 604 pro
495 538 688 588 adflicto
740 547 795 588 ut
847 539 1112 605 liberetur,
1167 542 1341 590 timere
1392 543 1689 606 periclitanti
1730 559 1789 592 ne

113 621 282 679 pereat
321 615 488 662 nescio
528 619 699 662 utrum
739 614 999 677 quisquam
1039 629 1155 662 sana
1195 615 1585 665 consideratione
1626 632 1790 681 repre-

112 687 306 736 hendat.
383 686 506 735 Nam
538 694 586 735 et
627 686 1016 735 misericordiam
1057 686 1337 736 Stoicorum
1379 696 1453 737 est
1493 690 1650 737 solere
1692 690 1790 738 cul-

112 777 251 827 pare3
299 761 383 809 sed
429 768 611 825 quanto
652 760 909 809 honestius
947 760 1028 809 ille
1070 760 1266 809 Stoicus
1305 762 1642 810 misericordia
1682 778 1791 826 per-

79 848 89 855 ·
112 834 397 884 turbaretur
429 834 641 882 hominis
672 833 915 883 liberandi
940 849 1086 898 quam
1111 836 1286 883 timore
1313 835 1566 899 naufragii.
1629 834 1792 899 Longe

114 908 287 957 melius
339 915 388 957 et
439 908 701 956 humanius
750 915 800 957 et
852 910 1050 972 piorum
1101 907 1329 957 sensibus
1380 908 1794 958 accommodatius

112 981 285 1031 Cicero
333 984 384 1030 in
425 981 646 1030 Caesaris
695 981 837 1030 laude
884 981 1080 1030 locutus
1122 989 1218 1047 est,
1268 981 1351 1030 ubi
1391 984 1477 1031 ait:
1522 981 1695 1047 „Nulla
1736 982 1792 1030 de

113 1055 377 1105 virtutibus
425 1057 523 1104 tuis
569 1070 661 1104 nec
708 1054 1040 1104 admirabilior
1087 1070 1178 1103 nec
1226 1057 1410 1119 gratior
1461 1055 1795 1104 misericordia

113 1124 237 1179 est.“
313 1129 440 1189 Quid
488 1136 564 1178 est
613 1135 777 1178 autem
825 1129 1164 1178 misericordia
1210 1130 1306 1177 nisi
1345 1129 1526 1178 alienae
1568 1130 1793 1178 miseriae

111 1203 351 1268 quaedam
398 1204 449 1251 in
496 1209 667 1252 nostro
716 1203 865 1252 corde
915 1204 1212 1268 compassiO,
1260 1218 1355 1266 qua
1394 1204 1564 1267 utique
1606 1205 1647 1251 si
1684 1218 1794 1267 pos-

111 1292 285 1326 sumus
331 1275 593 1325 subvenire
642 1274 1018 1341 compellimur?
1074 1276 1235 1325 Servit
1281 1283 1444 1325 autem
1492 1283 1653 1325 motus
1702 1278 1793 1324 iste

113 1352 305 1416 rationi,
346 1350 539 1414 quando
574 1352 639 1398 ita
672 1350 939 1414 praebetur
970 1350 1324 1415 misericordia,
1364 1356 1419 1398 ut
1458 1351 1642 1398 iustitia
1683 1365 1794 1397 con·

113 1431 353 1490 servetur,
392 1425 493 1472 sive
526 1439 639 1473 cum
670 1425 910 1489 indigenti
942 1423 1192 1490 tribuitur,
1232 1425 1332 1472 sive
1374 1438 1487 1472 cum
1526 1425 1796 1487 ignoscitur

112 1499 396 1563 paenitenti.
473 1496 609 1546 Hanc
662 1497 834 1547 Cicero
884 1498 1079 1547 locutor
1130 1499 1361 1562 egregius
1409 1512 1508 1545 non
1560 1496 1796 1545 dubitavit

111 1571 357 1636 appellare
389 1573 636 1638 virtutem,
676 1587 823 1636 quam
857 1572 1048 1621 Stoicos
1080 1573 1212 1621 inter
1243 1573 1357 1619 vitia
1396 1586 1657 1619 numerare
1698 1585 1796 1618 non

112 1645 287 1711 pudet,
341 1647 426 1709 qui
481 1652 666 1712 tamen,
720 1653 776 1694 ut
830 1646 999 1695 docuit
1047 1645 1172 1694 liber
1211 1644 1451 1710 Epicteti,
1506 1643 1797 1692 nobilissimi

116 1719 283 1785 Stoici,
324 1735 382 1767 ex
423 1718 637 1768 decretis
671 1719 882 1769 Zenonis
923 1727 972 1769 et
1012 1718 1286 1784 Chrysippi,
1327 1720 1412 1782 qui
1449 1718 1595 1766 huius
1637 1724 1796 1766 sectae

114 1792 625 1858 primas-hahuerunt,
664 1793 870 1843 huiusce
911 1793 1044 1842 modi
1083 1794 1339 1858 passiones
1379 1794 1430 1840 in
1470 1793 1685 1839 animum
1726 1805 1797 1838 sa-

114 1868 294 1931 pientis
345 1866 630 1932 admittunt,
685 1882 832 1931 quem
886 1869 1016 1915 vitiis
1072 1865 1298 1915 omnibus
1351 1864 1563 1914 liberum
1616 1863 1798 1912 volunt.

114 1940 255 1989 Unde
317 1941 370 1989 fit
432 1955 767 2005 consequenS,
830 1949 885 1989 ut
945 1940 1065 1989 haec
1127 1942 1232 2004 ipsa
1287 1954 1386 1987 non
1440 1946 1614 2003 putent
1671 1939 1798 2000 vitia,

116 2014 310 2078 quando
358 2015 567 2078 sapienti
615 2016 684 2062 sic
732 2014 983 2079 accidunt,
1034 2020 1088 2062 ut
1139 2021 1310 2062 contra
1349 2014 1581 2060 virtutem
1622 2012 1798 2059 mentis

116 2090 455 2151 rationemque
496 2087 617 2135 nihil
654 2089 868 2154 possint,
922 2095 971 2137 et
1010 2103 1106 2136 una
1147 2088 1211 2135 sit
1249 2087 1516 2149 eademque
1558 2085 1799 2133 sententia

116 2161 559 2226 Peripateticorum
606 2161 682 2209 vel
736 2163 879 2210 etiam
919 2161 1286 2210 Platonicorum
1327 2168 1376 2208 et
1413 2161 1634 2223 ipsorum
1675 2157 1797 2205 Stoi-

117 2250 310 2299 corum,
362 2234 470 2300 sed,
529 2241 584 2283 ut
630 2236 697 2283 ait
744 2234 956 2301 Tullius,
1011 2234 1149 2283 verbi
1199 2234 1532 2282 controversia
1581 2233 1677 2279 iam
1717 2230 1798 2278 diu

117 2316 346 2373 torqueat
392 2308 617 2356 homines
658 2307 925 2358 Graeculos
965 2309 1295 2357 contentionis
1335 2305 1614 2370 cupidiores
1656 2318 1798 2367 quam

118 2384 352 2432 veritatis,
430 2381 526 2430 Sed
583 2381 742 2430 adhuc
797 2385 973 2431 merito
1030 2383 1201 2446 quaeri
1260 2386 1456 2445 potest,
1519 2384 1685 2426 utrum
1740 2375 1797 2423 ad

121 2457 245 2505 vitae
285 2458 560 2520 praesentis
589 2457 835 2520 pertineat
871 2456 1207 2504 infirmitatem
1247 2455 1391 2502 etiam
1432 2454 1481 2500 in
1522 2449 1796 2514 quibusque

122 2528 264 2578 bonis
314 2529 493 2597 officiis
534 2529 742 2578 huiusce
790 2530 922 2578 modi
966 2530 1160 2594 perpeti
1206 2527 1429 2590 affectus,
1478 2523 1636 2572 sancti
1683 2535 1797 2568 vero

122 2603 280 2667 angeli
331 2611 380 2651 et
435 2605 538 2651 sine
594 2604 664 2651 ira
715 2605 944 2668 puniant,
998 2617 1122 2666 quos
1174 2601 1418 2663 accipiunt
1466 2603 1662 2644 aeterna
1712 2593 1798 2640 Dei

239 2733 310 2783 11)
343 2730 442 2785 Lig.
477 2743 513 2773 c.
550 2735 616 2773 12.
681 2733 754 2785 28>
789 2729 855 2772 De
889 2730 1002 2771 orat..
1040 2733 1078 2781 1,
1114 2732 1181 2770 11.

238 2866 292 2905 22
325 2860 593 2905 huiusmodi
623 2876 648 2904 v
681 2864 695 2916 11
734 2866 789 2904 28
822 2861 1009 2915 torquet
1042 2857 1185 2902 KF²G

1830 919 1883 957 10

1831 1286 1882 1325 15

1830 2385 1888 2422 30
