2038 3152
140 958 193 996 10

146 1428 198 1467 15

222 161 291 214 36
901 172 935 204 S.
960 170 1237 206 AUGUSTINI

221 287 360 334 iussu
402 284 487 333 Dei
535 286 598 333 sit
644 283 948 350 habendum,
1003 283 1134 349 quod
1173 283 1341 348 Iephte
1394 284 1562 347 filiam,
1618 297 1740 346 quae
1780 284 1911 347 patri

223 360 466 425 occurrit,
517 358 726 424 occidit,
780 373 893 408 cum
942 358 991 407 id
1043 372 1096 406 se
1134 359 1347 407 vovisset
1386 356 1754 405 immolaturum
1792 355 1909 421 Deo,

226 432 356 496 quod
396 433 443 480 ei
481 431 710 481 redeunti
757 432 816 481 de
863 431 1051 497 proelio
1102 432 1278 480 victori
1316 431 1544 494 primitus
1584 431 1908 494 occurrisset3

224 521 316 554 nec
343 504 548 554 Samson
574 505 716 555 aliter
748 512 1026 571 excusatur,
1065 505 1197 568 quod
1237 519 1289 553 se
1329 506 1492 568 ipsum
1530 518 1644 552 cum
1682 502 1909 553 hostibus

225 571 382 628 ruina¹
422 579 596 628 domus
652 581 924 645 oppressit,
977 579 1073 627 nisi
1128 580 1241 642 quia
1289 577 1503 641 Spiritus
1557 576 1768 626 latenter
1815 577 1908 626 hoc

226 655 464 718 iusserat,
519 655 603 717 qui
650 668 740 718 per
787 653 925 702 illum
971 651 1205 700 miracula
1252 646 1486 718 faciebat)
1530 677 1593 716 —·
1636 649 1713 699 his
1758 652 1909 715 igitur
1943 711 1950 722 x

228 728 463 791 exceptiS‚
503 741 627 790 quos
650 726 726 775 vel
750 726 827 775 lex
858 728 988 775 iusta
1027 725 1322 790 generaliter
1359 725 1436 774 vel
1474 726 1580 789 ipse
1622 724 1732 773 fons
1770 725 1909 773 iusti-

226 802 321 849 tiae
370 799 499 848 Deus
547 800 826 864 specialiter
873 799 1030 848 occidi
1068 799 1226 866 iubet,
1283 799 1507 863 quisquis
1547 797 1797 847 hominem
1834 797 1911 846 vel

228 889 279 929 se
330 875 492 938 ipsum
544 873 619 922 vel
669 873 938 938 quemlibet
985 873 1246 938 occiderit,
1302 871 1553 921 homicidii
1592 873 1798 921 crimine
1838 873 1909 920 in-

227 949 455 997 nectitur.

869 1058 1064 1113 CAPUT
1098 1059 1269 1113 XXII.

236 1170 382 1227 Quod
418 1181 687 1228 numquam
715 1168 874 1228 possit
907 1182 1040 1217 mors
1079 1170 1368 1217 voluntaria
1407 1170 1479 1216 ad
1516 1168 1911 1228 maqnitudinem

833 1244 993 1290 animi
1021 1243 1297 1303 pertinere.

377 1343 438 1393 Et
479 1346 777 1407 quicumque
817 1343 910 1392 hoc
950 1345 1001 1392 in
1040 1359 1091 1392 se
1132 1345 1252 1408 ipsis
1292 1350 1725 1409 perpetraverunt,
1766 1340 1914 1391 animi

233 1416 567 1482 magnitudine
607 1417 814 1466 fortasse
855 1417 1078 1483 mirandi,
1118 1432 1217 1466 non
1258 1418 1522 1482 sapientiae
1566 1418 1771 1466 sanitate
1812 1416 1912 1465 lau-

234 1490 381 1540 dandi
420 1497 548 1540 sunt.
626 1490 931 1554 Quamquam
978 1492 1020 1539 si
1070 1493 1311 1540 rationem
1351 1490 1633 1552 diligentius
1673 1490 1916 1555 consulaS‚

233 1580 295 1614 ne
346 1566 450 1629 ipsa
502 1565 702 1627 quidem
754 1566 901 1613 animi
951 1564 1234 1629 magnitudo
1286 1570 1420 1613 recte
1472 1566 1779 1630 nominatur,
1829 1564 1916 1614 ubi

236 1641 444 1702 quisque
470 1653 569 1687 non
594 1637 799 1687 valendo
824 1638 1035 1687 tolerare
1067 1638 1144 1687 vel
1177 1653 1399 1702 quaeque
1434 1653 1606 1703 aspera
1644 1637 1721 1687 vel
1760 1638 1916 1688 aliena

231 1718 433 1776 peccata
482 1727 533 1760 se
588 1713 694 1776 ipse
744 1713 1064 1761 interemerit.
1151 1711 1301 1776 Magis
1353 1713 1484 1760 enim
1534 1727 1673 1760 mens
1723 1713 1917 1761 infirma

150 1796 205 1835 20
239 1785 649 1851 deprehenditur,
689 1801 812 1850 quae
854 1786 984 1834 ferre
1025 1800 1124 1834 non
1162 1791 1327 1850 potest
1365 1785 1440 1834 vel
1479 1786 1653 1834 duram
1692 1787 1770 1834 sui
1809 1801 1916 1835 cor-

150 2163 205 2202 25

152 2532 207 2571 30

237 1861 372 1924 poris
421 1861 708 1908 servitutem
757 1859 833 1908 vel
879 1858 1078 1908 stultam
1123 1858 1254 1924 vulgi
1306 1860 1611 1924 opinionem,
1663 1861 1915 1924 maiorque

238 1934 429 1981 animus
463 1935 637 1982 merito
671 1932 911 1982 dicendus
944 1939 1034 1999 est,
1074 1935 1158 1997 qui
1196 1934 1344 1981 vitam
1383 1947 1725 1982 aerumnosam
1763 1935 1918 1998 magis

232 2012 397 2071 potest
443 2006 572 2055 ferre
622 2022 766 2071 quam
805 2007 975 2071 sugere
1016 2012 1065 2055 et
1103 2006 1373 2056 humanum
1410 2007 1646 2056 iudicium
1686 2009 1917 2056 maxime·

235 2094 330 2144 que
378 2079 597 2146 vulgare,
645 2080 775 2145 quod
821 2079 1113 2145 plerumque
1160 2079 1365 2144 caligine
1417 2082 1603 2130 erroris
1641 2081 1919 2146 involvitur,

237 2168 353 2219 prae
395 2154 719 2202 conscientiae
760 2153 869 2203 luce
910 2169 965 2202 ac
995 2155 1209 2218 puritate
1250 2160 1582 2204 contemnere.
1661 2154 1817 2213 Quam
1856 2154 1918 2204 ob

239 2242 346 2275 rem
385 2229 427 2275 si
466 2242 639 2291 magno
679 2229 839 2275 animo
879 2227 987 2276 fieri
1032 2227 1304 2292 putandum
1343 2234 1440 2293 est,
1488 2244 1601 2277 cum
1641 2227 1734 2277 sibi
1771 2228 1918 2278 homo

238 2302 419 2365 ingerit
472 2306 709 2366 mortem,
772 2299 851 2349 ille
906 2302 1070 2365 potius
1126 2299 1468 2350 Cleombrotus
1521 2303 1572 2350 in
1625 2301 1715 2352 hac
1771 2304 1921 2352 animi

239 2374 574 2439 magnitudine
626 2376 900 2444 reperitur,
950 2389 1097 2438 quem
1144 2374 1311 2423 ferunt
1356 2373 1483 2424 lecto
1523 2374 1740 2425 Platonis
1778 2375 1920 2442 libro,

237 2446 324 2496 ubi
363 2447 422 2496 de
463 2447 808 2497 inmortalitate
848 2449 1035 2496 animae
1068 2448 1347 2513 disputavit,
1386 2463 1437 2496 se
1476 2450 1798 2515 praecipitem
1837 2449 1919 2499 de·

245 2520 374 2570 disse
422 2520 481 2570 de
529 2536 671 2570 muro
719 2527 863 2586 atque
910 2522 978 2570 ita
1025 2536 1085 2569 ex
1129 2521 1220 2570 hac
1258 2522 1356 2570 vita
1392 2523 1658 2586 emigrasse
1699 2523 1758 2572 ad
1798 2538 1920 2589 eam,

239 2609 384 2659 quam
443 2594 650 2644 credidit
707 2594 826 2644 esse‘
874 2593 1140 2643 meliorem.
1227 2593 1365 2643 Nihil
1404 2597 1534 2644 enim
1581 2596 1786 2660 urgebat
1837 2603 1937 2647 aut.

334 2739 402 2791 ’3)
434 2736 574 2780 Iudic.
613 2741 678 2781 11.
743 2738 786 2792 6)
818 2735 961 2780 ludio.
997 2741 1064 2791 16,
1097 2741 1166 2780 30.

361 2904 414 2942 27
448 2899 723 2943 theobrotus
756 2912 841 2943 mss
