2020 3122
141 904 197 945 10

142 1418 196 1458 15

139 1815 197 1855 20

139 2183 198 2223 25

227 111 336 163 592
916 122 950 155 ε.
973 122 1246 158 Aueusmm

230 241 328 285 est:
375 237 549 295 Qualis
581 241 828 296 terrenus‘,
870 239 995 285 tales
1035 241 1084 285 et
1121 238 1327 297 terreni,
1368 237 1642 287 secundum
1681 239 1728 288 id
1767 240 1945 291 intel-—

228 308 506 375 legendum,
546 309 676 373 quod
709 310 891 359 factum
924 316 1000 359 est
1031 308 1326 359 admissione
1357 313 1561 375 peccati.
1638 311 1747 363 Non
1779 315 1910 364 enim

229 381 609 432 existimandum
664 389 740 432 est
793 398 906 432 eum
951 384 1120 450 prim,
1175 399 1320 448 quam
1365 391 1643 453 peccasset,
1691 387 1910 451 spiritale

230 471 411 521 corpus
461 455 692 506 habuisse
747 462 797 506 et
849 458 1040 522 peccati
1089 458 1265 506 merito
1311 459 1362 506 in
1409 458 1614 507 animale
1653 466 1910 512 mutatum.

230 527 293 579 Ut
325 531 456 578 enim
487 529 582 578 hoc
613 535 832 597 putetur,
861 546 1038 596 parum
1069 530 1403 580 adtenduntur
1427 533 1550 581 tanti
1573 531 1720 582 verba
1744 533 1909 585 docto-

228 603 321 664 riS,
374 605 459 668 qui
491 604 579 653 ait:
642 605 702 653 Si
730 610 805 653 est
841 619 1026 668 corpus
1065 607 1306 665 animale,
1346 610 1420 654 est
1457 610 1506 654 et
1541 608 1799 668 spiritale;
1835 611 1911 658 sic
1970 611 1972 615 ’

229 681 279 725 et
300 679 560 740 ‚scriptum
607 683 702 727 est:
749 679 939 728 Factus
978 684 1052 728 est
1088 681 1287 741 primus
1325 679 1467 728 homo
1506 679 1670 728 Adam
1710 683 1762 730 in
1801 685 1908 731 ani·
1976 739 1978 742 v

228 765 359 799 mam
398 753 653 801 viventem.
730 751 979 816 Numquid
1019 751 1113 800 hoe
1152 757 1264 816 post
1302 758 1559 816 peccatum
1598 753 1782 803 factum
1821 761 1911 821 est,
1976 800 1978 802 .

230 839 343 872 cum
384 826 447 873 sit
493 825 587 873 ista
633 824 845 874 hominis
883 827 1042 890 prima
1082 825 1318 890 conditi0‚
1365 825 1425 874 de
1465 841 1559 890 qua
1598 825 1910 878 beatissimus
1974 883 1979 886 ,

227 896 409 946 Paulus
457 897 516 946 ad
564 913 745 963 corpus
785 898 989 948 animale
1031 898 1404 948 monstrandum
1442 899 1536 949 hoc
1575 902 1912 952 testimonium
1979 904 1981 906 ’

227 970 349 1035 legis
389 969 699 1037 adsumpsit?

857 1158 1049 1213 CAPUT
1089 1160 1286 1216 XXIV.

237 1266 465 1324 Qualiter
505 1269 810 1329 accipienda
847 1269 914 1316 sit
951 1270 1031 1316 vel
1074 1270 1161 1316 illa
1202 1265 1480 1329 insufflatio
1521 1240 1643 1328 Dei,⁶
1670 1282 1770 1329 qua
1803 1270 1911 1330 pri-

229 1353 338 1387 mus
369 1341 511 1389 homo
539 1339 713 1401 factus
745 1346 838 1404 est,
858 1344 910 1390 in
950 1343 1172 1390 animam
1211 1343 1466 1403 viventem,
1506 1344 1586 1391 uel
1623 1343 1722 1402 illa,
1763 1356 1913 1403 quam

230 1413 473 1463 Dominus
514 1413 646 1475 fecit
692 1416 866 1464 dicens
914 1417 1176 1477 discipulis
1222 1417 1355 1464 suis:
1401 1414 1631 1477 Accipite
1669 1415 1913 1478 Spiritum
1960 1475 1963 1478 y

952 1493 1196 1537 sanctum.

377 1589 516 1638 Unde
565 1595 615 1639 et
659 1589 780 1639 illud
826 1605 1001 1655 parum
1050 1590 1359 1640 considerate
1407 1589 1701 1654 quibusdam
1754 1592 1914 1640 visum

230 1668 328 1729 est,
372 1665 423 1712 in
472 1678 530 1711 eo
579 1663 709 1728 quod
748 1663 950 1728 legitur:
999 1665 1279 1727 Inspiravit
1315 1665 1451 1713 Deus
1491 1667 1543 1712 in
1577 1663 1768 1725 faciem
1806 1667 1915 1714 eius

229 1738 462 1798 spiritum
508 1740 661 1798 vitae,
710 1743 760 1787 et
799 1737 973 1799 factus
1013 1743 1087 1787 est
1123 1740 1265 1787 homo
1305 1740 1356 1786 in
1397 1740 1618 1786 animam
1657 1740 1913 1799 viventem,

230 1824 329 1858 non
377 1817 495 1859 tune
542 1812 753 1859 animam
798 1813 957 1876 primo
1005 1810 1192 1860 homini
1239 1811 1421 1877 datam,
1477 1810 1561 1859 sed
1603 1826 1733 1877 eam,
1790 1826 1914 1875 quae

229 1884 326 1932 iam
371 1885 552 1946 inerat,
602 1883 790 1949 Spiritu
839 1891 1007 1934 sancto
1054 1885 1357 1934 vivificatam.
1434 1884 1596 1933 Movet
1642 1886 1774 1933 enim
1813 1900 1912 1950 eOS,
1959 1934 1962 1940 ,

231 1956 361 2020 quod
409 1957 646 2007 Dominus
693 1957 853 2023 Iesus,
898 1965 1070 2023 postea
1118 1973 1263 2022 quam
1313 1959 1588 2006 resurrexit
1627 1973 1652 2006 a
1692 1960 1914 2024 mortuis,

229 2030 497 2080 insufflavit
543 2031 712 2080 dicens
763 2031 1017 2096 discipulis
1058 2033 1183 2081 suis:
1246 2033 1475 2093 Accipite
1515 2032 1761 2094 Spiritum
1798 2047 1911 2081 san·
1958 2083 1960 2086 ,

231 2109 377 2152 ctum.
455 2104 594 2153 Unde
642 2104 736 2154 tale
784 2105 966 2170 aliquid
1014 2106 1198 2155 factum
1245 2106 1550 2171 existimant,
1607 2105 1748 2168 quale
1795 2111 1914 2154 tunc

231 2177 415 2226 factum
463 2185 560 2244 est,
594 2180 748 2242 ⁴quasi
794 2186 844 2228 et
889 2178 969 2227 hic
1017 2186 1219 2228 secutus
1271 2178 1565 2242 evangelista
1613 2178 1813 2228 dixerit:
1851 2177 1915 2227 Et

231 2251 347 2299 facti
387 2257 502 2299 sunt
554 2253 604 2299 in
645 2253 855 2300 animam
893 2254 1150 2301 viventem.
1229 2251 1370 2309 Quod
1410 2251 1608 2315 quidem
1649 2252 1690 2299 si
1729 2251 1914 2301 dictum

232 2331 385 2389 esset,
432 2324 525 2372 hoc
572 2324 994 2391 intellegeremuS,
1043 2326 1173 2390 quod
1222 2327 1494 2374 animarum
1542 2325 1780 2389 quaedam
1819 2326 1951 2374 vita'

232 2400 295 2447 sit
329 2397 543 2462 Spiritus
576 2396 679 2463 Dei,
719 2399 826 2446 sine
861 2413 958 2463 quo
992 2401 1181 2448 animae
1214 2397 1476 2448 rationales
1508 2404 1731 2447 mortuae
1763 2397 1912 2463 depu-

231 2471 404 2520 tandae
461 2477 601 2535 sunt,
657 2473 878 2535 quamvis
933 2487 1103 2521 earum
1157 2474 1435 2537 praesentia
1488 2473 1650 2520 vivere
1707 2485 1956 2536 corpora..

353 2599 424 2652 19)
458 2596 571 2641 Gen.
606 2603 646 2653 2,
680 2602 720 2643 7.
783 2599 856 2654 24)
890 2598 951 2642 Io.
986 2603 1057 2655 20,
1090 2603 1160 2643 22.

354 2734 375 2772 1
409 2729 528 2773 illud
573 2729 721 2775 intell.
771 2732 842 2774 est
872 2744 897 2773 υ
944 2731 959 2786 ΙΙ
1006 2736 1031 2774 6
1064 2730 1130 2773 sio
1162 2732 1210 2774 et
1251 2731 1388 2774 VAF
1412 2733 1548 2784 (590,
1581 2735 1654 2786 7);
1694 2731 1815 2774 siout
1843 2743 1868 2773 v
1898 2728 1913 2786 ΙΙ

230 2792 258 2831 8
290 2787 439 2831 factus
469 2788 521 2831 F
554 2790 570 2845 ΙΙ
610 2793 664 2832 10
695 2789 862 2846 paulus
904 2788 1063 2842 VAF‚·
1102 2790 1339 2845 apostolus
1370 2803 1395 2832 v
1434 2791 1450 2846 ΙΙ
1493 2794 1544 2832 13
1578 2794 1628 2833 ut
1660 2789 1810 2833 editur
1851 2787 1912 2840 V;

229 2846 501 2904 insufflatio,
533 2847 582 2890 in
614 2861 705 2903 qua,
735 2861 760 2892 v
785 2849 800 2904 Ι]
825 2852 879 2891 15
913 2847 1022 2892 disc.
1060 2847 1151 2891 suis
1195 2848 1257 2902 V,·
1288 2861 1370 2893 om.
1403 2862 1427 2892 v
