2020 3122
608 131 673 163 DE
698 129 935 163 c1vrrA'rE
959 130 1047 162 DEI
1071 130 1113 162 L.
1137 131 1202 162 1v.
1227 130 1266 163 c.
1293 133 1324 164 8.
1710 119 1813 171 155

784 281 982 336 CAPUT
1014 281 1162 335 VIII.

134 393 358 451 Quorum
389 393 598 440 deorum
623 391 886 453 praesidio
912 394 1095 452 putent
1116 390 1337 439 Romani
1367 393 1630 453 imperium
1667 405 1814 441 suum

173 470 379 515 auctum
417 470 569 526 atque
604 469 880 524 servatum,
920 478 1035 512 cum
1073 466 1287 525 sinqulis
1324 466 1412 513 vix
1449 468 1768 526 singularum

251 553 425 589 rerum
464 540 720 588 tuitionem
759 539 1164 588 committendam
1203 552 1313 587 esse
1348 540 1677 588 crediderint.

275 641 461 691 Deinde
496 656 807 707 quaeramus,
847 642 888 690 si
918 639 1094 707 placet,
1133 656 1193 689 ex
1233 646 1368 690 tanta
1408 641 1615 690 deorum
1653 641 1813 708 turba,

126 731 273 781 quam
311 715 519 764 Romani
566 714 812 780 colebant,
860 729 1008 778 quem
1054 715 1367 779 potissimum
1416 713 1491 762 vel
1531 730 1655 779 quos
1695 715 1812 764 deos

126 790 330 839 credant
375 789 495 838 illud
542 790 806 854 imperium
852 788 1079 838 dilatasse
1130 794 1276 853 atque
1326 803 1562 837 servasse.
1640 788 1812 853 Neque

125 866 255 913 enim
295 865 347 913 in
380 863 473 912 hoc
505 868 605 912 tam
643 862 896 928 praeclaro
936 877 1086 927 opere
1126 870 1176 911 et
1215 868 1378 911 tantae
1417 861 1701 927 plenissimo
1743 863 1811 911 di-

126 939 325 1002 gnitatis
356 937 539 986 audent
577 935 762 1001 aliquas
800 942 968 1001 partes
1007 936 1127 985 deae
1168 935 1427 986 Cluacinae
1467 935 1689 985 tribuere
1730 943 1814 986 aut

125 1011 381 1077 volupiae,
428 1026 553 1075 quae
593 1026 619 1058 a
657 1009 905 1075 voluptate
947 1009 1186 1075 appellata
1225 1016 1321 1076 est,
1368 1016 1453 1059 aut
1491 1008 1812 1076 Lubentinae,

74 1111 77 1114 ·
126 1087 208 1134 cui
223 1100 404 1134 nomen
430 1091 506 1133 est
533 1099 558 1132 a
586 1083 803 1146 libidine,
828 1090 913 1133 aut
927 1082 1174 1144 Vatican0‚
1200 1085 1285 1149 qui
1301 1084 1545 1133 infantum
1570 1084 1812 1148 vagitibus

125 1159 398 1224 praesidet,
454 1164 538 1206 aut
586 1157 826 1223 Cuninae,
882 1172 1006 1221 quae
1059 1173 1211 1206 cunas
1267 1173 1440 1206 eorum
1488 1157 1811 1207 administrat.

126 1232 330 1290 Quando
364 1237 529 1280 autem
560 1237 770 1295 possunt
808 1246 908 1280 uno
948 1230 1056 1279 loco
1096 1231 1210 1279 libri
1249 1231 1398 1280 huius
1438 1233 1813 1281 commemorari

124 1307 287 1355 omnia
319 1307 517 1354 nomina
556 1305 763 1354 deorum
802 1311 852 1354 et
891 1304 1110 1370 dearum,
1150 1319 1275 1368 quae
1314 1304 1385 1353 illi
1423 1304 1691 1369 grandibus
1731 1321 1811 1354 vo-

125 1379 394 1429 luminibus
454 1381 534 1428 vix
596 1379 1016 1444 comprehendere
1066 1385 1340 1443 potuerunt
1401 1378 1607 1443 singulis
1661 1377 1812 1428 rebus

124 1455 324 1519 propria
363 1453 713 1518 dispertientes
753 1453 913 1501 officia
953 1449 1248 1502 numinum?
1294 1451 1396 1502 Nec
1435 1467 1668 1517 agrorum
1707 1468 1811 1502 mu-

125 1543 220 1576 nus
252 1529 340 1576 uni
371 1526 517 1576 alicui
558 1527 649 1575 deo
694 1525 1101 1575 committendum
1142 1525 1366 1575 arbitrati
1406 1532 1538 1593 sunt,
1578 1526 1664 1575 sed
1696 1542 1814 1576 rura

126 1601 248 1650 deae
286 1601 518 1666 Rusinae,
557 1603 670 1666 iuga
709 1601 953 1650 montium
992 1599 1083 1649 deo
1124 1599 1374 1666 Iugatin03
1424 1599 1632 1649 collibus
1673 1600 1813 1650 deam

125 1674 433 1741 Collatinam,
486 1674 693 1723 vallibus
732 1673 997 1723 Valloniam
1048 1674 1410 1738 praefecerunt.
1489 1674 1591 1722 Nec
1639 1674 1812 1724 saltem

124 1755 397 1814 potuerunt
434 1763 582 1797 unam
617 1747 864 1813 Segetiam
896 1747 1044 1796 talem
1083 1749 1321 1813 invenire,
1362 1749 1442 1796 cui
1482 1748 1634 1796 semel
1674 1763 1810 1812 sege·

127 1829 202 1871 tes
243 1822 661 1887 commendarent,
707 1822 792 1870 sed
826 1828 929 1870 sata
968 1822 1233 1887 frumenta,
1274 1821 1506 1884 quamdiu
1547 1821 1638 1870 sub
1680 1828 1812 1870 terra

126 1902 317 1960 essent,
363 1897 695 1960 praepositam
741 1895 1006 1944 voluerunt
1052 1894 1234 1943 habere
1282 1894 1422 1943 deam
1463 1895 1646 1961 Seiam3
1698 1911 1811 1944 cum

124 1985 241 2018 vero
281 1971 378 2018 iam
418 1975 585 2018 essent
623 1984 773 2034 super
812 1975 996 2017 terram
1036 1974 1085 2017 et
1124 1974 1341 2032 segetem
1381 1969 1622 2034 facerent,
1671 1969 1812 2018 deam

126 2042 395 2108 Segetiam3
458 2043 720 2091 frumentis
773 2057 890 2091 vero
947 2041 1166 2090 collectis
1215 2047 1362 2106 atque
1410 2043 1702 2109 reconditiS,
1757 2050 1813 2092 ut

125 2122 234 2166 tuto
275 2123 606 2181 servarentur,
645 2115 785 2165 deam
810 2115 1078 2164 Tutilinam
1116 2123 1527 2180 praeposuerunt.
1591 2115 1682 2166 Cui
1713 2132 1812 2166 non

126 2190 357 2239 sufficere
397 2190 650 2239 videretur
700 2189 781 2238 illa
822 2189 1038 2255 Segetia,
1094 2189 1326 2254 quamdiu
1378 2205 1520 2254 seges
1560 2189 1619 2238 ab
1659 2192 1811 2239 initiis

125 2263 346 2314 herbidis
386 2279 544 2327 usque
594 2263 653 2312 ad
693 2265 867 2312 aristas
906 2263 1067 2312 aridas
1104 2260 1424 2327 perveniret?
1498 2263 1608 2313 Non
1647 2270 1811 2314 tamen

125 2339 244 2386 satis
284 2338 378 2387 fuit
422 2337 706 2386 hominibus
753 2336 960 2386 deorum
1006 2336 1374 2386 multitudinem
1412 2337 1709 2403 amantibUS,
1757 2343 1813 2386 ut

125 2413 286 2460 anima
330 2413 510 2460 misera
557 2411 930 2460 daemoniorum
976 2409 1150 2459 turbae
1197 2412 1607 2477 prostitueretur,
1661 2412 1810 2460 unius

126 2483 215 2533 Dei
252 2487 357 2534 veri
388 2490 579 2534 castum
618 2484 876 2548 dedignata
900 2484 1223 2548 complexum.
1300 2483 1655 2534 praefecerunt
1693 2499 1809 2548 ergo

126 2556 476 2623 Proserpinam
522 2559 785 2607 frumentis
832 2557 1245 2623 germinantibUS,
1290 2558 1529 2622 geniculis
1567 2557 1809 2621 nodisque

130 2631 406 2681 culmorum
439 2631 587 2681 deum
618 2631 886 2700 Nodutum,
925 2631 1274 2680 involumentis
1307 2631 1637 2680 folliculorum
1670 2630 1810 2679 deam

246 2806 272 2844 9
304 2801 540 2846 cluacinae
575 2802 779 2855 CAKF;
812 2802 964 2847 Cloac.
997 2816 1023 2846 v
1047 2804 1063 2859 ΙΙ
1089 2806 1143 2846 14
1175 2803 1224 2846 et,
1252 2815 1365 2855 mss;
1396 2801 1477 2845 aut
1506 2814 1531 2844 v
1556 2802 1571 2857 ΙΙ
1595 2804 1650 2844 25
1682 2800 1808 2844 tuni-

126 2872 236 2903 nam
268 2859 327 2913 C;
356 2860 604 2905 tutelinam
634 2862 680 2904 A

1848 1018 1900 1057 10

1848 1387 1900 1425 15

1844 1756 1901 1795 20

1845 2124 1899 2164 25

1843 2494 1899 2533 30
