2020 3122
561 143 627 174 DE
653 141 891 176 cIV1'rA'rE
915 143 1005 177 Dm
1028 143 1069 175 L.
1093 144 1201 176 xm.
1226 143 1263 178 c.
1288 147 1339 178 ιτ.
1670 134 1776 186 577

102 254 300 320 quidem
356 255 560 320 summi,
615 254 702 303 sed
756 262 918 303 tamen
968 258 1156 321 magni,
1210 256 1258 304 id
1313 263 1388 305 est
1434 259 1585 306 totius
1632 257 1778 307 huius

102 329 286 394 mundi,
326 327 604 377 membrum
641 329 693 376 in
734 327 893 376 medio
931 331 1147 393 'positum
1186 337 1235 378 et
1275 332 1630 394 sempiternum
1669 346 1777 380 esse

99 417 199 451 non
232 400 471 450 dubitent.
549 399 672 450 Cum
705 416 822 465 ergo
855 401 976 450 deus
1007 401 1087 451 ille
1121 418 1342 452 summus
1368 404 1542 453 fecerit
1566 406 1636 452 eis
1661 404 1776 454 alte-

103 490 215 525 rum
255 490 402 540 quem
454 480 630 540 putant
677 474 847 540 deum,
893 474 943 523 id
984 482 1059 524 est
1097 477 1246 525 istum
1287 476 1548 543 mundum,
1600 480 1777 527 ceteris

100 549 216 614 diis,
257 549 342 613 qui
380 549 508 597 infra
547 563 660 598 eum
700 555 838 614 sunt,
876 549 1279 615 praeferendum,
1319 551 1627 615 eundemque
1669 567 1775 600 esse

101 623 384 672 existiment
431 624 749 687 animantem,
798 623 957 670 anima
996 621 1205 688 scilicet,
1245 625 1373 672 sicut
1412 632 1663 691 asserunt,
1704 640 1776 673 ra-

102 695 274 745 tionali
322 695 398 744 vel
436 695 757 745 intellectuali
803 697 854 744 in
893 701 991 744 tam
1031 711 1204 760 magna
1244 696 1370 744 mole
1411 699 1632 762 corporis
1673 700 1779 747 eius

101 768 317 834 inclusa,
367 771 621 834 ipsiusque
675 770 899 834 corporis
949 776 1198 834 tamquam
1248 769 1467 818 membra
1518 770 1638 819 locis
1678 773 1779 820 suis

99 845 260 908 posita
300 849 446 907 atque
495 842 684 907 digesta
723 850 956 907 quattuor
995 845 1310 892 constituerit
1349 843 1611 910 elementa,
1662 859 1778 908 quo-

101 931 213 965 rum
267 918 572 982 iuncturam,
628 932 688 965 ne
738 931 972 981 umquam
1023 916 1145 966 deus
1197 931 1370 966 eorum
1426 923 1526 966 tam
1576 932 1781 981 magnus

102 992 364 1056 moriatur,
403 989 713 1039 insolubilem
754 1005 809 1039 ac
850 991 1198 1055 sempiternam
1238 990 1408 1039 velint:
1449 990 1565 1055 quid
1606 1006 1780 1040 causae

103 1071 204 1129 est,
256 1071 311 1113 ut
361 1065 411 1112 in
463 1079 670 1128 corpore
721 1065 920 1112 maioris
969 1066 1229 1113 animantis
1279 1070 1527 1128 tamquam
1566 1064 1781 1114 medium

102 1136 380 1186 membrum
428 1144 627 1186 aeterna
675 1139 738 1186 sit
784 1143 939 1203 terra,
990 1144 1039 1186 et
1077 1137 1285 1186 aliorum
1325 1139 1645 1187 animantium
1685 1144 1781 1187 ter-

102 1212 338 1260 restrium
378 1226 610 1276 corpora,
662 1212 703 1260 si
741 1210 872 1259 Deus
919 1212 1048 1260 sicut
1085 1210 1205 1260 illud
1244 1210 1384 1277 velit,
1436 1217 1635 1260 aeterna
1674 1227 1781 1260 esse

102 1300 202 1334 non
248 1281 475 1349 possint?
538 1284 632 1333 Sed
684 1291 869 1350 terrae,
919 1285 1174 1350 inquiunt,
1226 1291 1357 1333 terra
1406 1284 1653 1334 reddenda
1693 1291 1784 1351 est,

102 1357 234 1407 unde
283 1357 562 1407 animalium
611 1359 867 1407 terrestria
915 1364 1107 1422 sumpta
1156 1363 1272 1407 sunt
1318 1373 1547 1424 corpora3
1588 1373 1647 1406 ex
1687 1374 1782 1422 quo

104 1432 185 1498 fit,
236 1433 494 1499 inquiunt,
543 1438 599 1480 ut
646 1447 702 1480 ea
755 1433 818 1480 sit
864 1446 1068 1480 necesse
1117 1431 1316 1480 dissolvi
1356 1438 1404 1481 et
1444 1434 1599 1480 emori
1639 1438 1686 1480 et
1726 1447 1784 1480 eo

104 1505 248 1554 modo
287 1512 450 1555 terrae
491 1504 653 1554 stabili
691 1520 747 1553 ac
789 1507 1132 1571 sempiternae,
1171 1505 1301 1554 unde
1342 1505 1537 1554 fuerant
1577 1512 1785 1570 sumpta,

104 1580 314 1628 restitui.
393 1578 444 1627 Si
499 1580 609 1643 quis
662 1579 755 1627 hoc
811 1580 956 1628 etiam
1011 1579 1070 1627 de
1124 1580 1237 1643 igne
1286 1578 1510 1627 similiter
1561 1578 1785 1627 adfirmet

106 1659 155 1702 et
194 1652 322 1702 dicat
368 1651 616 1702 reddenda
664 1668 772 1701 esse
819 1654 1049 1701 universo
1089 1653 1191 1716 igni
1230 1667 1467 1717 corpora,
1508 1667 1631 1716 quae
1671 1651 1784 1700 inde

106 1733 300 1791 sumpta
340 1732 477 1793 sunt,
524 1733 579 1775 ut
630 1725 856 1775 caelestia
896 1726 1072 1774 fierent
1111 1724 1355 1773 animalia:
1398 1740 1560 1774 nonne
1602 1726 1783 1774 inmor-

105 1799 280 1866 talitaS,
320 1815 466 1864 quam
498 1799 677 1848 talibus
710 1798 817 1864 diis,
857 1798 990 1847 velut
1021 1798 1112 1847 deo
1154 1814 1345 1847 summo
1385 1798 1633 1864 loquente,
1672 1814 1782 1863 pro-

105 1874 242 1922 misit
286 1873 445 1937 Plato,
492 1879 739 1937 tamquam
786 1871 1015 1921 violentia
1061 1871 1407 1936 disputationis
1446 1872 1594 1921 huius
1633 1874 1783 1921 inter-

107 1943 272 1996 cidet?
311 1946 386 1994 An
410 1945 478 1994 ibi
500 1952 763 2011 propterea
795 1961 894 1994 non
934 1946 1002 2012 fit,
1042 1947 1154 2009 quia
1179 1945 1309 1994 Deus
1350 1961 1448 1994 non
1487 1945 1604 2011 vult,
1644 1947 1785 1995 cuius

106 2020 429 2086 voluntatem,
461 2026 518 2068 ut
550 2021 616 2068 ait
645 2019 798 2085 Plato,
838 2018 971 2068 nulla
1010 2021 1081 2067 vis
1121 2016 1308 2068 vincit?
1348 2018 1475 2077 Quid
1516 2035 1633 2083 ergo
1672 2034 1783 2084 pro-

107 2092 259 2159 hibet,
298 2101 353 2142 ut
391 2093 485 2142 hoc
526 2094 672 2142 etiam
712 2093 770 2141 de
812 2091 1134 2141 terrestribus
1175 2092 1467 2157 corporibus
1506 2092 1636 2142 Deus
1676 2108 1785 2157 pos-

110 2168 174 2216 sit
225 2167 449 2233 esficere,
501 2166 924 2231 quandoquidem,
974 2172 1030 2215 ut
1078 2181 1170 2215 nec
1220 2181 1274 2214 ea
1330 2181 1454 2231 quae
1511 2173 1617 2215 orta
1672 2173 1787 2215 sunt

108 2241 334 2290 occidant
378 2255 470 2289 nec
518 2256 574 2288 ea
626 2255 748 2304 quae
790 2246 906 2288 sunt
943 2241 1106 2288 vincta
1145 2239 1397 2289 solvantur
1435 2255 1527 2289 nec
1567 2255 1622 2289 ea
1663 2255 1785 2304 quae

109 2321 225 2363 sunt
271 2330 329 2363 ex
377 2313 632 2363 elementis
680 2319 874 2378 sumpta
921 2313 1191 2362 reddantur
1230 2319 1376 2378 atque
1415 2320 1472 2362 ut
1510 2315 1697 2362 animae
1737 2315 1787 2361 in

109 2386 402 2453 corporibus
451 2389 746 2436 constitutae
792 2402 884 2435 nec
931 2402 1164 2451 umquam
1212 2403 1267 2436 ea
1319 2388 1548 2436 deserant
1588 2393 1636 2435 et
1675 2400 1787 2434 cum

109 2462 182 2510 eis
230 2461 578 2510 inmortalitate
630 2476 685 2510 ac
745 2461 1043 2525 sempiterna
1096 2460 1398 2510 beatitudine
1452 2460 1787 2524 perfruantur,

108 2550 253 2599 posse
294 2534 449 2583 Deum
491 2535 652 2583 facere
693 2534 957 2583 confitetur
995 2531 1169 2583 Plato‘?
1247 2533 1346 2583 Cur
1385 2548 1500 2597 ergo
1541 2548 1639 2581 non
1677 2547 1787 2597 pos-

112 2609 189 2673 sit,
228 2614 283 2657 ut
315 2623 406 2657 nec
439 2609 698 2657 terrestria
729 2604 1040 2656 moriantur?
1079 2607 1152 2655 An
1191 2607 1322 2655 Deus
1363 2621 1460 2654 non
1501 2612 1576 2654 est
1613 2612 1789 2670 potens

112 2696 208 2744 quo
260 2696 419 2745 usque
461 2680 726 2730 Christiani
773 2680 1006 2747 credunt,
1062 2680 1147 2729 sed
1199 2695 1295 2744 quo
1348 2694 1506 2743 usque
1553 2678 1790 2727 Platonici

230 2871 285 2909 20
318 2880 372 2909 ac
404 2866 491 2911 dic,
525 2867 622 2910 AF
641 2869 656 2924 u
680 2871 734 2910 28
767 2866 925 2911 uincta
965 2866 1099 2919 VFe;
1130 2867 1270 2909 uncta
1303 2865 1371 2918 A,·
1402 2864 1558 2908 iuncta
1587 2878 1613 2908 υ

202 2955 298 2980 Auo.
324 2956 376 2979 m:
402 2956 480 2983 σιν.
505 2957 584 2980 nm.
611 2950 641 2980 Ι.
1383 2943 1436 2981 37

1817 929 1869 968 10

1818 1295 1871 1334 15

1817 1663 1873 1702 20

1818 2030 1874 2069 25

1820 2397 1877 2436 30
