2020 3122
555 153 622 185 DE
647 151 885 186 CIVITATE
908 153 997 186 Dm
1019 154 1061 186 L.
1086 153 1140 185 Π.
1165 153 1204 186 o.
1228 155 1280 188 23.
1307 156 1360 188 24.
1733 145 1801 197 87

122 267 338 332 potentis
362 264 566 314 arbitrio
591 267 963 331 permittuntur,
1001 281 1063 314 ne
1095 266 1531 330 magnipendamus
1555 273 1800 317 terrenam

122 340 427 405 felicitatem,
468 353 592 402 quae
633 340 762 388 sicut
799 338 952 387 Mario
992 338 1132 387 malis
1171 341 1318 388 etiam
1355 340 1647 404 plerumque
1688 357 1801 390 con-

123 413 331 479 ceditur,
370 427 462 461 nec
502 428 610 461 eam
633 427 809 461 rursus
850 414 991 476 quasi
1029 412 1204 460 malam
1243 412 1554 480 arbitremur,
1594 429 1707 463 cum
1747 430 1803 463 ea

122 487 304 537 multos
344 488 492 535 etiam
538 488 647 551 pios
694 501 749 535 ac
797 486 953 535 bonos
1000 488 1149 535 unius
1196 488 1300 534 veri
1340 486 1427 535 Dei
1475 487 1690 536 cultores
1729 491 1800 537 in-

121 563 232 611 vitis
271 559 594 610 daemonibus
641 559 995 624 praepolluisse
1042 560 1315 625 videamus,
1362 576 1453 609 nec
1493 562 1689 611 eosdem
1729 564 1800 611 in·
1834 576 1860 614 5

119 634 472 685 mundissimos
522 635 727 699 spiritus
773 633 850 682 vel
895 640 1100 698 propter
1149 633 1270 682 haec
1309 636 1415 698 ipsa
1453 633 1580 683 bona
1619 635 1801 684 malave

118 715 317 758 terrena
355 707 692 772 propitiandos
725 714 809 757 aut
848 707 1092 757 timendos
1117 708 1468 773 existimemuS,
1508 710 1636 774 quia,
1676 711 1804 758 sicut

118 784 214 847 ipsi
252 782 367 830 mali
405 781 631 831 homines
654 784 706 830 in
746 788 894 848 terra,
934 784 1004 830 sic
1044 783 1192 830 etiam
1229 781 1313 844 illi
1338 797 1437 830 non
1477 784 1638 830 omnia
1679 797 1801 846 quae

118 855 292 906 volunt
331 856 496 905 facere
535 862 766 921 possunt,
806 857 904 904 nisi
943 862 1183 920 quantum
1220 855 1352 904 illius
1392 855 1698 905 ordinatione
1740 858 1802 904 si-

117 931 268 995 nitur,
308 931 450 978 cuius
488 930 633 994 plene
671 929 853 978 iudicia
891 945 1036 979 nemo
1078 929 1450 995 conprehendit,
1487 931 1616 979 iuste
1657 945 1801 978 nemo
1836 943 1890 983 10

116 1003 449 1068 reprehendit.

751 1146 944 1201 CAPUT
983 1147 1179 1201 XXIV.

116 1256 192 1304 De
231 1256 455 1305 Sullanis
496 1256 715 1314 actibus,
763 1269 976 1316 quorum
1023 1270 1076 1303 se
1123 1257 1388 1304 daemones
1427 1258 1803 1303 ostentaverunt

826 1331 1098 1378 adiutores

268 1431 409 1481 Sulla
448 1437 581 1480 certe
621 1433 743 1498 ipse,
783 1433 926 1480 cuius
966 1438 1188 1496 tempora
1226 1431 1339 1480 talia
1378 1431 1595 1496 fuerunt,
1627 1437 1682 1479 ut
1722 1446 1800 1479 su-
1836 1443 1889 1483 15

116 1508 336 1572 periora,
385 1520 600 1570 quorum
637 1505 817 1554 vindex
857 1521 965 1554 esse
1005 1505 1277 1569 videbatur,
1315 1504 1514 1554 illorum
1553 1519 1800 1569 compara-

116 1582 252 1630 tione
286 1586 662 1645 quaererentur,
694 1595 807 1628 cum
842 1581 1059 1644 primum
1089 1579 1149 1628 ad
1180 1578 1366 1628 Urbem
1399 1585 1572 1628 contra
1594 1578 1803 1627 Marium

117 1660 278 1703 castra
317 1650 572 1719 movisset,
621 1653 741 1702 adeo
789 1653 915 1702 laeta
962 1661 1073 1702 exta
1118 1653 1390 1702 immolanti
1437 1653 1589 1702 fuisse
1630 1651 1804 1701 scribit

115 1726 307 1794 Livius,
347 1734 403 1776 ut
442 1727 682 1777 custodiri
723 1742 774 1776 se
813 1727 1098 1777 Postumius
1138 1727 1386 1791 haruspex
1423 1726 1633 1775 voluerit
1673 1727 1799 1791 capi-

117 1803 182 1850 tis
234 1801 529 1866 supplicium
578 1801 863 1867 subituruS,
914 1803 1010 1850 nisi
1057 1817 1137 1867 ea,
1188 1816 1312 1864 quae
1359 1802 1412 1849 in
1458 1801 1618 1849 animo
1654 1799 1801 1868 ‘Sulla
1832 1811 1889 1851 20

115 1874 336 1940 haberet,
377 1874 470 1924 diis
494 1875 777 1924 iuvantibus
800 1875 1116 1940 implevisset.
1192 1874 1320 1923 Ecce
1346 1889 1445 1922 non
1470 1873 1802 1922 discesserant
1828 1920 1851 1933 ,-

117 1947 274 2013 adytis
325 1950 522 2012 arisque
570 1948 756 1998 relictis
796 1949 860 2014 di,
900 1948 1094 2012 quando
1134 1948 1194 1996 de
1233 1963 1405 1997 rerum
1444 1953 1622 1996 eventu
1660 1962 1799 2012 prae-

118 2021 347 2071 dicebant
398 2021 620 2086 nihilque
672 2022 732 2071 de
783 2024 940 2087 ipsius
982 2021 1144 2071 Sullae
1193 2024 1501 2070 correctione
1549 2021 1799 2070 curabant.

117 2094 481 2145 Promittebant
525 2096 859 2161 praesagando
908 2096 1189 2145 felicitatem
1231 2111 1455 2160 magnam
1494 2110 1586 2143 nec
1625 2095 1801 2144 malam

119 2169 440 2234 cupiditatem
488 2170 718 2219 minando
770 2170 1074 2235 frangebant.
1162 2170 1352 2219 Deinde
1406 2184 1520 2218 cum
1570 2175 1701 2217 esset
1749 2170 1800 2216 in
1832 2178 1887 2218 25

115 2243 230 2291 Asia
267 2242 452 2292 bellum
490 2243 876 2293 Mithridaticum
914 2259 1116 2310 gerenS,
1154 2259 1244 2308 per
1283 2242 1492 2293 Lucium
1531 2242 1715 2291 Titium
1754 2242 1799 2289 ei

114 2316 398 2365 mandatum
436 2324 511 2366 est
536 2332 563 2365 a
585 2317 713 2384 Iove,
752 2317 883 2382 quod
924 2323 1057 2367 esset
1087 2317 1420 2367 Mithridatem
1460 2322 1799 2380 superaturuS,

116 2395 166 2438 et
209 2390 394 2439 factum
441 2397 531 2440 est.
608 2390 676 2440 Ac
726 2398 898 2456 postea
947 2391 1168 2441 molienti
1218 2390 1381 2439 redire
1428 2392 1480 2438 in
1518 2389 1701 2438 Urbem
1749 2394 1798 2435 et

116 2477 228 2512 suas
267 2466 636 2529 amicorumque
676 2466 882 2514 iniurias
930 2464 1059 2514 civili
1098 2466 1334 2530 sanguine
1374 2464 1567 2528 ulcisci,
1617 2464 1796 2510 iterum

233 2607 303 2660 19)
335 2605 390 2649 L.
419 2610 489 2651 77.

231 2770 257 2809 9
295 2766 460 2811 sinitur
489 2781 602 2820 mss‚·
644 2767 855 2811 sinuntur
884 2768 921 2811 v‘
944 2769 960 2824 ΙΙ
991 2773 1048 2811 24
1078 2765 1398 2824 praesagando
1431 2762 1633 2814 0AKF,=
1664 2775 1795 2827 prae-

114 2822 357 2926 ἰῦἓὲἒίᾙῗὲ
381 2839 408 2870 v
454 2827 470 2883 ΙΙ
512 2831 567 2870 29
615 2826 830 2884 iniurias]
880 2826 970 2870 sibi
1016 2825 1243 2870 ortasinas
1288 2823 1384 2877 K1,·
1431 2822 1520 2866 sibi
1566 2822 1688 2864 ortas
1727 2834 1794 2862 m-
