2038 3152
155 598 181 635 ὖ

129 964 183 1002 10

131 1329 184 1367 15

130 1694 187 1733 20

132 2176 187 2214 25

211 172 243 223 8
880 180 915 214 s.
942 179 1215 213 AUGUSTINI

215 310 342 344 mam
382 295 439 343 ad
480 295 623 343 istam
663 292 848 342 cladem
882 307 978 340 non
1019 292 1170 339 fuisse
1211 295 1482 353 venturam,
1514 289 1612 337 nisi
1646 290 1786 354 pritis
1824 289 1897 338 illi

212 370 481 434 perissent,
529 366 613 416 sed
653 365 760 415 illos
807 366 971 430 potius
1011 363 1126 412 olim
1164 363 1316 411 fuisse
1354 363 1626 428 perituroS,
1671 363 1768 412 nisi
1806 378 1897 412 eos

213 451 451 506 quantum
497 441 740 505 potuisset
786 439 937 487 Roma
985 434 1247 486 servasset!
1301 434 1422 483 Nam
1463 437 1574 499 quis
1612 450 1733 502 non,
1781 451 1895 485 cum

214 515 499 579 adverterit,
554 512 714 561 videat
768 518 946 576 quanta
998 511 1061 558 sit
1113 511 1322 557 vanitate
1373 515 1746 574 praesumptum
1793 524 1892 558 non

214 584 357 652 posse
397 588 526 635 vinci
573 585 664 635 sub
712 583 1054 634 defensoribus
1101 583 1241 631 victis
1291 588 1341 630 et
1379 581 1489 631 ideo
1529 584 1742 649 perisse,
1781 584 1895 647 quia

216 661 447 710 custodes
485 658 698 724 perdidit
737 658 875 723 deos,
923 671 1034 705 cum
1081 655 1156 703 vel
1204 655 1303 703 sola
1342 658 1561 719 potuerit
1600 671 1708 705 esse
1748 670 1895 705 causa

215 733 454 798 pereundi
488 732 718 781 custodes
750 730 928 779 habere
969 729 1180 778 voluisse
1220 726 1506 793 perituros?
1565 729 1674 778 Non
1713 731 1900 794 itaque,

216 822 329 856 cum
369 807 428 855 de
470 806 562 854 diis
610 806 750 853 victis
796 803 874 852 illa
914 801 1348 851 conscriberentur
1395 809 1541 867 atque
1582 810 1900 867 canerentur,

214 885 384 945 poetas
417 878 597 928 libebat
630 878 840 943 mentiri,
880 876 965 925 sed
999 875 1224 924 cordatos
1262 875 1487 924 homines
1527 875 1732 941 cogebat
1770 877 1897 924 veri·

218 961 290 1003 tas
331 953 568 1002 confiteri.
637 950 818 999 Verum
857 952 948 998 ista
989 950 1316 1014 opportunius
1356 949 1447 998 alio
1487 949 1594 998 loco
1635 949 1900 1014 diligenter

217 1028 512 1091 copioseque
551 1023 803 1073 tractanda
839 1030 976 1072 sunt:
1016 1038 1163 1088 nunc,
1203 1023 1333 1086 quod
1374 1024 1685 1072 institueram
1723 1022 1782 1072 de
1822 1023 1896 1071 in—

215 1101 377 1163 gratis*
410 1097 690 1146 hominibus
737 1097 924 1163 dicere,
970 1111 1236 1161 parumper
1282 1096 1536 1161 expediam
1587 1103 1641 1146 ut
1679 1110 1902 1162 possum,

216 1174 299 1237 qui
341 1187 395 1220 ea
428 1171 565 1237 mala,
605 1186 727 1234 quae
760 1185 850 1234 pro
882 1185 1088 1219 suorum
1126 1184 1320 1219 morum
1358 1172 1679 1234 perversitate
1719 1171 1898 1219 merito

216 1247 497 1310 patiuntur,
551 1243 945 1308 blasphemantes
995 1242 1188 1292 Christo
1244 1246 1493 1309 inputant3
1549 1243 1678 1308 quod
1731 1250 1898 1292 autem

218 1318 311 1367 illis
352 1319 497 1367 etiam
538 1316 714 1365 talibus
753 1323 956 1381 propter
995 1315 1245 1366 Christum
1282 1319 1523 1383 parcitur,
1563 1333 1655 1366 nec
1695 1317 1895 1382 dignan-

219 1400 299 1441 tur
331 1390 595 1440 adtendere
628 1397 677 1439 et
702 1405 783 1438 eas
814 1389 1004 1454 linguas
1036 1390 1270 1439 adversus
1302 1393 1408 1440 eius
1439 1406 1619 1440 nomen
1651 1391 1896 1440 dementia

217 1464 482 1528 sacrilegae
520 1465 856 1527 perversitatis
897 1470 1150 1529 exercent,
1190 1464 1369 1528 quibus
1409 1464 1588 1530 linguis
1628 1479 1894 1530 usurpave-

218 1544 335 1586 runt
359 1536 660 1586 mendaciter
682 1538 845 1600 ipsum
868 1552 1062 1603 nomen,
1094 1545 1150 1586 ut
1180 1539 1415 1604 viverent,
1445 1538 1521 1587 vel
1554 1553 1674 1602 quas
1705 1538 1897 1602 linguas

219 1613 269 1659 in
308 1610 428 1659 locis
469 1612 515 1658 ei
555 1611 757 1658 sacratis
796 1610 1059 1658 metuendo
1098 1618 1413 1676 presserunt,
1459 1618 1515 1661 ut
1553 1611 1651 1661 illic
1691 1613 1785 1661 tuti
1825 1618 1897 1660 at·

220 1699 315 1747 que
356 1685 553 1748 muniti,
592 1682 677 1731 ubi
715 1689 919 1747 propter
958 1699 1070 1732 eum
1110 1684 1282 1733 inlaesi
1321 1684 1380 1734 ab
1419 1684 1647 1735 hostibus
1686 1685 1899 1750 fuerant,

219 1755 331 1805 inde
371 1758 420 1804 in
461 1771 573 1804 eum
614 1755 883 1804 maledictis
914 1756 1173 1806 hostilibus
1212 1758 1513 1822 prosilirent.

895 1912 1089 1967 CAPUT
1122 1915 1215 1968 IV.

256 2020 331 2068 De
370 2023 510 2082 asylo
551 2021 758 2068 Iunonis
799 2023 848 2068 in
895 2020 1057 2081 Troia,
1098 2024 1234 2082 qaod
1270 2026 1514 2072 neminem
1553 2025 1790 2073 liberavit
1827 2038 1882 2072 a·

334 2094 565 2152 GraeciS,
606 2099 656 2141 et
693 2094 914 2142 basilicis
954 2098 1301 2156 apostolorum,
1341 2111 1472 2157 qaae
1510 2111 1677 2146 omnes
1717 2099 1788 2146 ad

473 2181 526 2215 se
564 2165 908 2227 consumentes
947 2182 979 2215 a
1019 2169 1256 2217 barbaris
1295 2169 1645 2231 defenderunt.

366 2267 496 2333 Ipsa,
543 2276 598 2318 ut
645 2268 765 2334 dixi,
813 2268 982 2333 Troia,
1022 2276 1177 2319 mater
1215 2272 1384 2337 populi
1422 2272 1650 2338 Romani,
1691 2273 1899 2321 sacratis

217 2340 339 2390 locis
386 2340 591 2390 deorum
645 2357 847 2390 suorum
895 2344 1086 2391 munire
1134 2359 1231 2393 non
1278 2348 1440 2410 potuit
1486 2347 1616 2395 cives
1668 2361 1785 2395 suos
1833 2345 1894 2394 ab

217 2413 414 2478 ignibus
440 2415 670 2478 ferroque
699 2414 1013 2481 Graecorum,
1052 2417 1249 2466 eosdem
1281 2420 1414 2484 ipsos
1447 2419 1565 2468 deos
1605 2419 1897 2484 colentium3

217 2489 336 2550 quin
377 2489 522 2536 etiam

339 2663 391 2700 12
425 2658 665 2714 expediam
699 2658 805 2711 GA,·
845 2658 1090 2715 emplieem
1122 2660 1192 2713 F,·
1231 2661 1455 2718 explicem
1487 2663 1562 2707 Kv
1586 2666 1601 2720 ΙΙ
1628 2669 1679 2707 17
1712 2677 1898 2720 peruer-

218 2715 370 2759 sitatis
419 2717 554 2760 ΘΑΚ
558 2718 571 2741 ¹
580 2734 597 2770 ,·
641 2716 959 2773 protei-uitatis
998 2718 1146 2762 K2Fv
1185 2721 1200 2773 ΙΙ
1239 2725 1295 2763 20
1334 2719 1516 2764 fuerant,
1546 2722 1665 2774 AK;
1710 2722 1900 2765 fuerunt

219 2774 292 2818 Fv
316 2777 331 2830 fl
355 2780 410 2819 26
429 2775 628 2819 sacrisA
651 2777 667 2831 ss
690 2781 744 2819 27
771 2775 819 2819 in
849 2775 964 2820 locis
996 2791 1021 2820 v
1038 2778 1139 2829 (ubi
1169 2779 1221 2821 in
1252 2780 1545 2824 adnotatione
1574 2781 1673 2823 erit.
1691 2781 1897 2835 vulyaris

219 2838 397 2876 tantum
428 2835 554 2878 lectio
585 2838 793 2889 notatur,
836 2836 887 2878 in
917 2836 1152 2880 verboram
1183 2841 1394 2881 contextu
1424 2842 1740 2882 ‘nostrorum
1770 2839 1901 2883 codd.

217 2904 480 2936 consensum
508 2894 649 2937 secuti
678 2897 853 2948 samus)
