2020 3122
519 155 584 186 DE
610 154 849 187 CIVITATE
874 157 963 187 Dm
986 157 1026 188 L.
1051 158 1158 190 vm.
1184 158 1220 190 o.
1243 161 1296 192 21.
1323 159 1375 192 22.
1681 149 1787 200 353

106 269 331 333 dignitati
385 274 433 315 et
487 266 704 315 Platonis
758 267 983 331 religioni
1038 272 1282 319 contraria
1329 274 1585 336 cupientes
1641 282 1786 338 atque

106 343 342 391 facientes
397 355 424 388 a
478 355 568 388 suo
625 355 827 388 accessu
874 355 972 389 non
1021 350 1240 409 arceant,
1295 360 1464 394 verum
1513 348 1658 395 etiam
1697 363 1787 411 per

105 415 215 464 illos
283 413 437 463 malos
505 415 811 478 propinquos
881 413 1072 462 Platoni
1140 415 1269 464 bono
1331 417 1597 483 longinquo
1661 421 1786 469 dona

104 484 473 539 transmittant?
529 488 599 535 sic
654 489 786 536 enim
842 501 926 535 eos
974 487 1332 538 elementorum
1379 495 1518 555 quasi
1565 500 1787 543 catenata

108 564 263 612 series
304 561 584 626 conligavit,
634 566 690 609 ut
727 559 844 626 illis,
885 576 910 608 a
951 560 1130 624 quibus
1171 564 1515 631 criminantur,
1556 569 1786 631 coniungi
1819 577 1844 616 5

105 638 318 702 possint,
357 635 495 699 huic,
535 649 561 681 a
602 649 699 698 quo
740 633 1097 699 defenduntur,
1137 649 1235 683 non
1275 639 1480 705 possint,
1520 646 1785 704 utrumque

105 712 342 775 scienteS,
397 708 484 758 sed
534 711 662 756 aeris
717 715 765 756 et
820 714 980 756 terrae
1036 714 1365 758 transmutare
1419 711 1638 774 pondera
1688 729 1787 762 non

105 784 335 832 valentes
412 782 535 847 Iam,
585 781 715 845 quod
755 781 1001 845 reliquum
1042 788 1137 847 est,
1187 784 1225 830 si
1267 791 1495 846 quartum
1536 785 1787 851 elegerint,

104 859 247 922 peius
287 863 360 905 est
408 857 601 905 ceteris,
680 854 800 912 Quis
853 857 985 903 enim
1024 855 1169 920 ferat,
1220 858 1260 904 si
1298 864 1556 920 poetarum
1595 859 1654 907 de
1695 861 1787 908 diis

105 929 446 980 inmortalibus
502 930 765 978 criminosa
827 929 1057 993 figmenta
1119 936 1169 977 et
1223 929 1529 980 theatrorum
1589 933 1786 997 indigna
1822 943 1875 982 10

104 1004 312 1054 ludibria
361 1018 597 1067 suamque
652 1004 703 1051 in
759 1002 837 1051 his
886 1002 1114 1051 omnibus
1162 1003 1552 1054 ardentissimam
1601 1007 1785 1071 cupidi-

103 1085 255 1128 tatem
303 1084 353 1127 et
400 1079 735 1126 suavissimam
791 1075 1090 1140 voluptatem
1145 1076 1236 1125 diis
1285 1077 1546 1127 daemones
1595 1083 1784 1129 nuntia-

104 1158 297 1217 verunt,
338 1158 386 1201 et
419 1151 550 1215 quod
583 1149 720 1199 Plato
758 1149 1096 1214 philosophica
1136 1153 1370 1214 gravitate
1410 1152 1469 1201 de
1511 1155 1691 1217 optima
1731 1170 1784 1202 re

103 1225 297 1290 publica
338 1225 458 1274 haec
498 1226 661 1273 omnia
699 1226 894 1273 censuit
933 1224 1227 1272 removenda
1267 1232 1556 1292 tacuerunt3
1596 1234 1652 1276 ut
1689 1229 1786 1276 iam

106 1299 172 1348 dii
211 1298 328 1347 boni
373 1314 464 1363 per
509 1297 630 1347 tales
678 1299 877 1346 nuntios
924 1313 1071 1346 nosse
1112 1306 1349 1361 cogantur
1388 1299 1511 1348 mala
1549 1302 1783 1364 pessimo·
1820 1309 1872 1350 15

104 1388 231 1439 rum,
271 1388 362 1422 nec
395 1372 564 1438 aliena,
605 1371 692 1420 sed
725 1371 997 1420 eorundem
1030 1373 1331 1432 nuntiorum,
1373 1379 1517 1437 atque
1557 1374 1633 1422 his
1673 1390 1786 1423 con-

105 1448 256 1496 traria
302 1461 401 1495 non
448 1448 676 1495 sinantur
723 1460 868 1494 nosse
915 1444 1043 1493 bona
1082 1444 1508 1513 philosophorum,
1557 1463 1670 1496 cum
1707 1447 1787 1496 illa

106 1521 203 1569 sint
241 1522 292 1568 in
331 1521 575 1585 iniuriam,
614 1521 707 1568 ista
746 1520 796 1567 in
835 1518 1075 1567 honorem
1114 1521 1337 1583 ipsorum
1376 1518 1618 1570 deorum?

748 1704 944 1759 CAPUT
975 1705 1147 1759 XXII.

227 1815 303 1864 De
342 1815 608 1863 abiciendo
648 1816 786 1862 cultu
828 1815 1125 1863 daemonum
1165 1819 1346 1863 contra
1385 1815 1662 1877 Apuleium.
1817 1825 1873 1863 20

151 1970 154 1971 γ
254 1917 379 1975 Quia
409 1918 562 1982 igitur
593 1916 715 1965 nihil
752 1918 963 1965 istorum
1004 1922 1237 1980 quattuor
1277 1917 1555 1981 eligendum
1593 1925 1684 1984 est,
1723 1933 1784 1967 ne

105 1994 156 2041 in
196 1991 416 2056 quolibet
462 2005 635 2040 eorum
675 1990 734 2039 de
775 1990 867 2039 diis
907 1997 1007 2039 tam
1046 1989 1170 2039 male
1211 1993 1472 2057 sentiatur,
1512 1998 1691 2056 restat,
1731 1998 1786 2040 ut

107 2065 240 2115 nullo
279 2064 424 2114 modo
465 2064 767 2113 credendum
807 2065 892 2129 sit,
932 2063 1063 2127 quod
1103 2063 1338 2128 Apuleius
1375 2065 1674 2129 persuadere
1714 2066 1784 2113 ni-

105 2141 228 2188 titur
259 2145 309 2187 et
341 2140 638 2203 quicumque
672 2137 753 2186 alii
784 2143 900 2186 sunt
931 2137 1153 2186 eiusdem
1185 2141 1455 2187 sententiae
1495 2138 1785 2203 philosophi,

106 2214 173 2262 ita
204 2227 313 2262 esse
346 2212 533 2260 medios
567 2211 830 2260 daemones
862 2212 993 2260 inter
1032 2210 1150 2259 deos
1191 2217 1239 2259 et
1277 2211 1500 2261 homines
1539 2219 1786 2276 tamquam
1817 2219 1872 2258 25

106 2287 439 2336 internuntios
479 2292 529 2334 et
566 2287 882 2350 interpreteS,
922 2286 1008 2348 qui
1046 2283 1160 2332 hinc
1201 2284 1361 2335 ferant
1399 2287 1660 2350 petitiones
1700 2300 1784 2334 no·

108 2365 257 2426 straS,
306 2359 420 2408 inde
468 2359 688 2407 referant
734 2357 942 2407 deorum
989 2359 1261 2423 suppetias;
1309 2359 1394 2407 sed
1434 2374 1542 2408 esse
1582 2360 1783 2423 spiritus

109 2433 318 2482 nocendi
357 2433 726 2497 cupidissimOS,
774 2446 799 2479 a
839 2432 1037 2480 iustitia,
1063 2433 1262 2495 penitus
1301 2432 1506 2498 alienoS,
1554 2430 1783 2495 superbia

109 2506 336 2572 tumidoS‚
389 2506 656 2555 invidentia
708 2504 903 2570 lividoS,
958 2503 1144 2552 fallacia
1191 2504 1411 2571 callidoS,
1465 2507 1549 2568 qui
1594 2506 1643 2552 in
1690 2503 1781 2551 hoc

109 2579 307 2643 quidem
347 2595 459 2629 aere
490 2578 725 2644 habitant,
766 2580 878 2642 quia
918 2577 977 2626 de
1018 2576 1139 2626 caeli
1178 2580 1448 2642 superioris
1487 2576 1781 2626 sublimitate
1814 2584 1871 2623 30

110 2651 286 2702 deiecti
337 2655 514 2702 merito
572 2650 955 2717 inregressibilis
1002 2652 1408 2713 transgressionis
1454 2652 1504 2698 in
1549 2649 1642 2697 hoc
1689 2647 1782 2697 sibi

111 2740 327 2790 congruo
366 2726 500 2775 velut
539 2741 736 2775 carcere
776 2723 1111 2789 praedamnati
1149 2730 1283 2788 sunt3
1324 2739 1414 2771 nec
1454 2730 1630 2787 tamen,
1670 2724 1783 2785 quia

54 2844 57 2846 ,
111 2814 258 2864 supra
312 2807 471 2848 terras
525 2807 575 2848 et
629 2813 779 2863 aquas
827 2799 928 2846 aeri
974 2796 1111 2844 locus
1151 2803 1247 2861 est,
1300 2796 1409 2843 ideo
1450 2802 1499 2844 et
1536 2797 1630 2859 ipsi
1669 2801 1784 2843 sunt

110 2874 298 2922 meritis
345 2874 627 2937 superiores
675 2869 982 2934 hominibus,
1030 2869 1115 2932 qui
1162 2883 1245 2917 eos
1292 2884 1390 2916 non
1437 2875 1635 2917 terreno
1675 2882 1781 2916 cor-

199 2971 293 2996 um.
317 2972 368 2995 m:
394 2971 471 2996 crv.
494 2971 574 2997 nm.
605 2964 636 2995 1.
1375 2955 1430 2994 23
