2020 3122
251 124 357 177 352
920 134 955 167 s.
980 134 1254 169 AUGUs‘rm1

250 265 348 298 non
395 255 559 314 potest
605 247 726 314 falli,
774 247 944 297 eadem
992 248 1244 298 divinitate
1286 246 1415 310 quod
1457 248 1646 311 agimus
1686 262 1786 297 non
1823 255 1930 313 pot-

250 330 326 372 est
363 324 593 387 ignorari.

395 395 581 445 Vellem
621 402 785 445 autem
823 394 943 444 mihi
982 397 1063 443 isti
1104 395 1347 459 dicerent,
1395 400 1563 443 utrum
1604 394 1696 443 diis
1736 395 1930 445 daemo-

250 486 338 518 nes
392 470 728 519 nuntiaverint
780 469 838 518 de
895 468 1185 517 criminibus
1239 467 1447 516 deorum
1501 470 1695 532 poetica
1738 468 1932 519 Platoni

170 540 216 592 ’ὅ
249 543 508 608 displicere
534 544 764 607 figmenta
788 549 837 591 et
869 542 961 591 sibi
993 557 1049 590 ea
1087 542 1281 605 placere
1322 540 1601 606 celaverint,
1640 557 1701 590 an
1740 548 1930 592 utrum·

250 632 345 681 que
386 616 740 666 occultaverint
771 616 987 679 deosque
1029 630 1136 664 esse
1178 614 1439 663 maluerint
1478 616 1630 664 totius
1671 617 1744 664 rei
1783 615 1930 666 huius

249 692 461 756 ignaroS,
502 706 562 739 an
595 697 861 754 utrumque
893 689 1231 754 indicaverint,
1270 694 1320 736 et
1351 687 1631 752 religiosam
1663 704 1778 753 erga
1810 689 1928 739 deos

247 764 463 813 Platonis
487 765 798 828 prudentiam
823 769 872 811 et
909 764 959 810 in
1000 761 1118 810 deos
1157 763 1446 810 iniuriosam
1484 761 1737 811 libidinem
1777 778 1930 828 suam,

249 853 309 886 an
359 840 653 886 sententiam
700 836 899 900 quidem
937 835 1177 900 PlatoniS,
1225 850 1319 899 qua
1358 835 1516 884 noluit
1555 835 1673 884 deos
1711 851 1802 901 per
1841 839 1928 886 im-

163 920 215 960 10
247 913 376 975 piam
415 911 661 959 licentiam
699 917 957 974 poetarum
997 909 1131 957 falsis
1171 908 1461 958 criminibus
1500 909 1748 976 infamari,
1794 912 1929 974 igno-

248 991 346 1032 tam
386 984 477 1032 diis
519 999 626 1032 esse
666 983 931 1047 voluerint,
980 997 1119 1031 suam
1158 998 1274 1031 vero
1314 979 1607 1048 nequitiam,
1654 999 1750 1047 qua
1788 983 1930 1033 ludos

248 1059 498 1105 scaenicos
545 1063 732 1122 amant,
781 1055 960 1120 quibus
1007 1056 1088 1104 illa
1135 1056 1341 1105 deorum
1387 1056 1629 1105 dedecora
1681 1057 1930 1107 celebran-

246 1136 341 1195 tur,
380 1130 591 1194 prodere
632 1145 731 1178 non
772 1129 1065 1179 erubuerint
1103 1130 1179 1178 vel
1218 1132 1486 1179 timuerint.
1563 1129 1754 1179 Horum
1793 1139 1929 1196 quat-

247 1210 386 1267 tuor,
427 1219 551 1267 quae
590 1203 940 1267 interrogando
980 1205 1239 1269 proposui,
1280 1202 1533 1267 quodlibet
1572 1204 1754 1268 eligant
1792 1211 1842 1254 et
1879 1207 1931 1254 in

161 1286 213 1326 15
247 1277 466 1341 quolibet
498 1293 669 1326 eorum
703 1284 939 1341 quantum
979 1276 1093 1326 mali
1131 1277 1191 1326 de
1231 1277 1324 1325 diis
1366 1276 1506 1326 bonis
1546 1279 1811 1342 opinentur
1849 1278 1929 1327 ad-

246 1350 462 1399 tendant.
542 1351 593 1399 Si
632 1353 764 1399 enirn
803 1352 1016 1415 primum
1058 1350 1319 1417 elegerint,
1359 1351 1637 1400 confessuri
1677 1359 1793 1401 sunt
1831 1367 1930 1401 non

247 1423 445 1473 licuisse
501 1424 592 1473 diis
646 1424 789 1473 bonis
843 1423 1065 1473 habitare
1117 1439 1229 1474 cum
1277 1423 1405 1473 bono
1452 1424 1678 1490 Platone,
1734 1425 1929 1490 quando

245 1512 417 1546 eorum
462 1499 667 1547 iniurias
717 1497 1030 1564 prohibebat,
1080 1504 1130 1547 et
1168 1497 1413 1547 habitasse
1454 1513 1568 1547 cum
1608 1499 1929 1549 daemonibus
1972 1539 1974 1541 .

244 1571 405 1637 malis,
454 1571 648 1635 quando
701 1587 874 1620 eorum
928 1573 1122 1620 iniuriis
1179 1570 1482 1638 exultabant,
1540 1588 1653 1621 cum
1700 1572 1767 1621 dii
1813 1573 1930 1622 boni

157 1654 212 1693 20
245 1643 491 1693 hominem
540 1645 723 1694 bonum
772 1645 915 1710 longe
956 1661 982 1693 a
1022 1660 1074 1694 se
1121 1647 1338 1710 positum
1377 1661 1475 1694 non
1515 1647 1611 1694 nisi
1648 1661 1738 1710 per
1777 1647 1929 1696 malos

243 1717 505 1766 daemones
554 1726 779 1784 nossent,
840 1734 963 1783 quos
1011 1720 1198 1768 vicinos
1244 1734 1389 1768 nosse
1438 1735 1536 1767 non
1582 1727 1810 1784 possentq
1878 1720 1930 1769 Si

243 1798 404 1840 autem
438 1793 711 1842 secundum
745 1794 983 1857 elegerint
1016 1799 1065 1841 et
1103 1799 1370 1857 utrumque
1411 1793 1711 1842 occultatum
1752 1809 1778 1842 a
1818 1793 1927 1842 dae·

242 1865 470 1914 monibus
525 1865 760 1934 dixerint,
823 1874 879 1915 ut
934 1867 1000 1915 dii
1051 1868 1249 1915 omnino
1306 1868 1557 1915 nescirent
1611 1873 1660 1915 et
1713 1866 1929 1916 Platonis

242 1938 659 2002 religiosissimam
698 1940 856 2005 legem
897 1946 946 1989 et
986 1940 1279 1989 daemonum
1320 1939 1606 2004 sacrilegam
1645 1939 1926 1990 delectatio-

155 2020 211 2060 25
243 2026 379 2060 nem:
429 2013 545 2076 quid
592 2015 643 2062 in
690 2013 840 2062 rebus
886 2013 1113 2063 humanis
1160 2029 1250 2078 per
1290 2015 1624 2063 internuntios
1664 2013 1927 2063 daemones

242 2083 309 2132 dii
347 2100 493 2133 nosse
542 2087 729 2135 utiliter
775 2094 1006 2154 possunt,
1054 2087 1249 2151 quando
1289 2087 1369 2136 illa
1408 2089 1661 2154 nesciunt,
1714 2103 1838 2152 quae
1877 2090 1928 2136 in

239 2157 479 2207 honorem
533 2158 777 2226 bonorum
833 2161 1038 2209 deorum
1085 2160 1321 2225 religione
1372 2160 1615 2210 bonorum
1671 2161 1928 2232 hominum

240 2238 411 2280 contra
467 2231 720 2282 libidinem
774 2235 1017 2283 malorum
1072 2233 1366 2283 daemonum
1422 2231 1797 2283 decernuntur?
1875 2233 1927 2283 Si

237 2319 354 2352 vero
401 2307 604 2354 tertium
651 2307 889 2371 elegerint
936 2315 984 2356 et
1030 2323 1129 2355 non
1170 2307 1328 2356 solum
1369 2309 1663 2356 sententiam
1702 2307 1918 2357 Platonis

149 2388 205 2428 30
238 2377 444 2427 deorum
475 2380 679 2428 iniurias
710 2380 1069 2446 prohibentem,
1110 2381 1194 2429 sed
1230 2383 1374 2430 etiam
1415 2381 1708 2431 daemonum
1749 2383 1919 2446 nequi-

237 2453 353 2500 tiam
400 2451 606 2501 deorum
657 2455 852 2503 iniuriis
910 2454 1208 2503 exultantem
1262 2470 1352 2519 per
1407 2454 1606 2503 eosdem
1653 2454 1916 2504 daemones

237 2527 437 2574 nuntios
477 2525 570 2575 diis
608 2528 882 2577 innotuisse
923 2528 1291 2592 responderint:
1338 2528 1430 2576 hoc
1471 2529 1699 2576 nuntiare
1741 2535 1815 2578 est
1854 2543 1915 2577 an

235 2596 509 2648 insultare?
562 2607 612 2649 et
666 2601 731 2650 dii
786 2608 1051 2666 utrumque
1116 2603 1186 2650 sic
1241 2601 1470 2667 audiunt,
1526 2602 1596 2650 sic
1651 2608 1919 2666 utrumque

238 2679 570 2739 cognoscunt,
624 2682 680 2724 ut
734 2690 833 2724 non
888 2675 1048 2724 solum
1097 2674 1335 2739 malignos
1391 2675 1655 2726 daemones
1712 2675 1918 2724 deorum

358 2864 382 2903 1
414 2860 577 2906 eadem
607 2860 876 2914 AKParr.‚·
907 2862 965 2906 ab
1001 2861 1162 2906 eadem
1195 2861 1268 2906 Fv
