2020 3122
599 135 666 168 DE
690 135 928 169 cnn'rA'rE
954 137 1043 169 Dm
1066 137 1108 170 L.
1132 138 1199 170 XI.
1224 137 1261 170 c.
1286 140 1318 170 4.
1696 129 1805 181 465

122 255 196 298 tas
245 249 503 297 constituit
548 249 718 311 eisque
766 263 916 312 opera
963 264 1048 297 sua
1098 251 1202 299 sine
1244 252 1453 315 strepitu
1494 253 1626 300 intus
1666 267 1805 301 enar·

119 330 208 372 rat.
284 320 581 386 Loquuntur
606 323 677 370 eis
711 336 906 385 quoque
947 322 1107 385 angeli
1137 322 1240 389 Dei,
1280 326 1365 388 qui
1404 339 1599 389 semper
1639 325 1806 375 vident

117 395 291 445 faciem
337 395 498 444 Patris
544 394 946 458 voluntatemque
994 397 1100 444 eius
1149 396 1328 460 quibus
1379 405 1576 462 oportet
1615 398 1802 448 adnun-

116 471 252 518 tiant.
328 468 402 518 Ex
440 468 518 518 his
558 484 686 518 unus
726 475 832 517 erat
870 470 963 517 iste
1002 469 1268 535 propheta,
1310 474 1394 534 qui
1433 471 1554 520 dixit
1594 479 1643 520 et
1683 475 1800 521 scri-

114 545 233 607 psit:
287 544 351 592 Ιη
400 546 658 606 principio
707 542 837 604 fecit
885 543 1022 591 Deus
1073 546 1269 592 caelum
1317 551 1366 592 et
1421 551 1625 594 terram.
1705 546 1800 603 Qui
1834 557 1859 596 5

115 624 212 666 tam
252 617 461 666 idoneus
503 618 644 666 testis
684 623 784 682 est,
824 631 914 681 per
954 631 1102 680 quem
1141 616 1241 665 Deo
1282 618 1586 666 credendum
1626 621 1705 685 sit,
1746 626 1801 668 ut

117 690 289 740 eodem
329 693 505 754 spiritu
546 690 648 756 Dei,
689 706 786 754 quo
826 689 946 738 haec
986 689 1080 739 sibi
1120 690 1333 739 revelata
1374 694 1614 757 cognovit,
1655 695 1800 741 etiam

113 766 270 829 ipsam
308 765 454 813 fidem
495 772 714 813 nostram
754 765 971 813 suturam
1010 771 1147 813 tanto
1187 771 1298 813 ante
1338 764 1651 828 praedixerit.

264 837 362 887 Sed
402 838 519 903 quid
557 837 743 903 placuit
782 844 983 887 aeterno
1024 837 1125 886 Deo
1166 845 1285 887 tunc
1326 839 1488 887 facere
1530 838 1718 888 caelum
1752 847 1800 888 et

113 919 311 978 terram,
351 927 475 977 quae
508 918 650 961 antea
682 927 781 960 non
814 909 1050 961 fecisset?
1113 911 1208 969 Qui
1238 911 1332 960 hoc
1365 911 1550 978 dicunt,
1585 915 1625 961 si
1658 928 1797 962 mun·
1835 925 1888 964 10

113 985 231 1035 dum
271 992 530 1035 aeternum
570 987 674 1034 sine
715 985 815 1034 ullo
855 987 996 1034 initio
1039 993 1087 1034 et
1126 985 1237 1034 ideo
1278 1001 1369 1034 nec
1410 1002 1434 1034 a
1475 985 1575 1034 Deo
1617 987 1800 1035 factum

111 1059 269 1108 videri
308 1059 500 1126 volunt,
540 1060 686 1108 nimis
719 1061 877 1108 aversi
917 1066 1034 1108 sunt
1070 1075 1097 1107 a
1130 1061 1333 1108 veritate
1367 1067 1416 1108 et
1454 1059 1586 1108 letali
1625 1060 1797 1109 morbo

110 1134 376 1198 impietatis
426 1135 692 1182 insaniunt.
779 1132 1011 1197 Exceptis
1060 1135 1191 1181 enim
1245 1133 1547 1198 propheticis
1595 1134 1797 1183 vocibus

110 1207 323 1257 mundus
370 1209 474 1271 ipse
524 1207 887 1256 ordinatissima
935 1222 1023 1255 sua
1074 1206 1397 1256 mutabilitate
1440 1214 1488 1255 et
1526 1207 1796 1257 mobilitate

111 1288 159 1330 et
208 1280 474 1330 visibilium
529 1283 749 1329 omnium
794 1280 1126 1345 pulcherrima
1175 1283 1338 1345 specie
1392 1281 1603 1344 quodam
1650 1282 1794 1330 modo
1831 1292 1883 1331 15

109 1357 287 1404 tacitus
327 1361 377 1404 et
426 1355 610 1404 factum
649 1369 702 1403 se
743 1369 850 1403 esse
904 1361 953 1403 et
999 1369 1099 1402 non
1139 1356 1234 1403 nisi
1274 1370 1300 1402 a
1339 1354 1440 1403 Deo
1487 1354 1799 1404 ineffabiliter

111 1435 258 1493 atque
298 1427 610 1478 invisibiliter
650 1443 826 1492 magno
867 1435 917 1477 et
955 1427 1268 1477 ineffabiliter
1301 1435 1446 1492 atque
1487 1427 1798 1478 invisibiliter

108 1502 315 1568 pulchro
370 1503 478 1551 fieri
525 1517 576 1551 se
632 1503 855 1567 potuisse
902 1501 1183 1566 proclamat.
1262 1501 1358 1559 Qui
1405 1509 1569 1551 autem
1616 1518 1643 1551 a
1697 1502 1796 1550 Deo

111 1576 309 1641 quidem
350 1576 534 1625 sactum
573 1577 813 1642 fatentur,
851 1591 950 1624 non
991 1582 1155 1624 tamen
1195 1591 1310 1624 eum
1349 1578 1586 1640 temporis
1626 1576 1796 1625 volunt

107 1649 313 1716 habere,
353 1649 438 1698 sed
479 1664 596 1698 suae
630 1651 894 1699 creationis
934 1651 1152 1716 initium,
1192 1657 1247 1698 ut
1286 1649 1430 1698 modo
1463 1649 1676 1713 quodam
1715 1652 1793 1698 vix
1827 1661 1882 1702 20

107 1723 412 1788 intellegibili
447 1738 643 1788 semper
675 1725 739 1772 sit
778 1724 952 1789 factuS,
992 1723 1164 1772 dicunt
1197 1722 1393 1787 quidem
1428 1722 1625 1789 aliquid,
1665 1723 1795 1772 unde

109 1797 201 1846 sibi
241 1797 398 1846 Deum
437 1797 667 1846 videntur
705 1797 841 1846 velut
881 1812 906 1845 a
946 1797 1149 1846 fortuita
1196 1798 1472 1845 temeritate
1514 1796 1795 1863 defendere,

107 1886 169 1920 ne
202 1871 366 1920 subito
405 1871 476 1919 illi
506 1873 701 1919 venisse
735 1870 966 1919 credatur
997 1872 1048 1918 in
1081 1877 1323 1936 mentem,
1364 1870 1493 1934 quod
1527 1885 1795 1934 numquam

108 1951 219 1994 ante
255 1946 493 2010 venisset,
532 1945 694 1993 facere
727 1943 989 2010 mundum,
1030 1951 1078 1992 et
1110 1943 1345 1992 accidisse
1386 1943 1455 1992 illi
1495 1944 1794 1993 voluntatem

107 2033 301 2085 novam,
343 2034 455 2067 cum
495 2010 546 2066 in
578 2017 711 2066 nullo
746 2019 809 2067 sit
847 2019 1047 2066 omnino
1081 2017 1352 2082 mutabilis;
1394 2017 1480 2066 sed
1520 2033 1619 2066 non
1651 2017 1790 2066 video
1825 2028 1879 2067 25

108 2107 204 2156 quo
244 2091 389 2140 modo
431 2094 502 2140 eis
540 2093 697 2156 possit
735 2093 784 2140 in
820 2093 1000 2140 ceteris
1040 2091 1190 2140 rebus
1222 2093 1347 2139 ratio
1386 2093 1480 2140 ista
1519 2091 1791 2140 subsistere

107 2167 415 2230 maximeque
455 2167 506 2213 in
546 2167 727 2231 anima,
769 2180 912 2229 quam
954 2166 995 2213 si
1035 2164 1135 2213 Deo
1177 2170 1488 2213 coaeternam
1529 2180 1636 2214 esse
1678 2181 1791 2214 con·

106 2239 378 2305 tenderint,
417 2238 548 2287 unde
579 2238 651 2287 illi
683 2238 917 2288 acciderit
952 2254 1074 2293 nova
1106 2240 1326 2305 miseria,
1366 2254 1490 2302 quae
1523 2254 1790 2303 numquam

105 2320 246 2362 antea
291 2328 382 2378 per
421 2320 700 2378 aeternum,
751 2312 886 2361 nullo
926 2311 1071 2361 modo
1118 2319 1354 2377 poterunt
1401 2312 1659 2377 explicare.
1739 2311 1790 2360 Si

106 2388 236 2435 enim
292 2386 560 2435 alternasse
617 2401 813 2450 semper
867 2387 973 2435 eius
1028 2388 1276 2435 miseriam
1332 2393 1380 2435 et
1433 2386 1788 2435 beatitudinem
1821 2396 1877 2435 30

107 2459 339 2526 dixerint,
386 2475 590 2509 necesse
640 2467 716 2508 est
762 2459 926 2509 dicant
978 2462 1122 2509 etiam
1171 2475 1367 2524 semper
1416 2459 1788 2524 alternaturam3

106 2532 235 2582 unde
281 2533 362 2582 illa
408 2549 492 2582 eos
540 2541 778 2597 sequetur
827 2533 1126 2600 absurditaS,
1181 2542 1236 2583 ut
1284 2536 1428 2582 etiam
1478 2548 1590 2581 cum
1648 2532 1788 2580 beata

106 2605 290 2655 dicitur
344 2609 396 2655 in
450 2606 544 2656 hoc
591 2609 761 2672 utique
811 2623 909 2656 non
958 2610 1020 2656 sit
1075 2607 1235 2667 beata,
1292 2609 1332 2655 si
1387 2607 1603 2655 futuram
1651 2620 1789 2654 suam

220 2735 264 2790 3)
296 2734 378 2777 Mt.
416 2739 482 2790 18,
519 2739 586 2778 10.
621 2703 624 2705 ⁵

222 2870 278 2908 24
309 2879 414 2909 nou.
446 2866 537 2911 uol.
570 2868 614 2909 A

193 2955 287 2980 Auo.
313 2956 366 2979 nn
391 2955 467 2981 σιν.
492 2956 574 2982 Dm.
606 2949 636 2982 Ι.
1462 2942 1519 2982 30
