2038 3152
159 1168 213 1207 10

160 1535 213 1574 15

243 183 317 234 44
932 193 965 226 s.
990 192 1266 227 AUGUSTINI

245 305 394 355 dubio
441 307 619 355 iustior
667 320 814 370 quam
867 307 961 355 ista
1007 320 1106 355 non
1154 314 1299 354 esset.
1378 304 1501 362 Quia
1547 320 1665 354 vero
1706 320 1798 354 nec
1837 307 1935 354 ista

245 388 334 444 est,
375 395 491 443 ergo
531 378 663 428 nulla
703 387 791 428 est.

844 521 1040 606 CAPIIT
1079 551 1330 605 XXVIII.

252 675 361 733 Quo
401 675 590 723 iudicio
629 674 728 724 Dei
773 676 824 723 in
871 688 1092 738 corpora
1139 676 1499 724 continentium
1549 674 1701 723 libido
1741 673 1938 722 hostilis*

773 762 999 809 peccare
1030 750 1280 811 permissa
1319 751 1396 796 sit.
1580 762 1590 768 ·

393 864 502 913 Non
549 866 714 928 itaque
761 864 925 932 vobiS,
973 881 1001 913 o
1049 865 1218 914 fideles
1270 863 1475 930 Christi,
1524 865 1588 912 sit
1633 863 1793 913 taedio
1833 864 1931 912 vita

243 946 430 1004 vestra,
479 939 520 986 si
565 937 778 988 ludibrio
825 939 917 987 suit
962 937 1191 987 hostibus
1240 938 1438 986 castitas
1476 943 1652 986 vestra.
1729 933 1933 985 Habetis

246 1027 470 1076 magnam
517 1026 781 1076 veramque
833 1011 1240 1078 consolationem,
1296 1012 1338 1059 si
1387 1009 1532 1059 fidam
1579 1011 1935 1059 conscientiam

246 1087 472 1134 retinetis
511 1100 610 1133 non
650 1100 735 1133 vos
776 1086 1088 1134 consensisse
1134 1085 1352 1149 peccatis
1392 1098 1587 1150 eorum,
1634 1085 1719 1148 qui
1756 1084 1808 1132 in
1845 1098 1933 1132 vos

245 1173 453 1223 peccare
492 1160 723 1223 permissi
763 1164 891 1207 sunt.
971 1157 1112 1216 Quod
1153 1160 1195 1206 si
1233 1159 1383 1224 forte,
1423 1172 1513 1206 cur
1551 1158 1782 1222 permissi
1820 1157 1938 1223 sint,

247 1233 502 1298 quaeritis,
541 1231 637 1281 alta
677 1232 876 1296 quidem
916 1238 992 1281 est
1029 1231 1337 1296 providentia
1375 1232 1614 1280 creatoris
1652 1229 1826 1279 mundi
1863 1236 1932 1279 at-

246 1321 342 1370 que
374 1307 598 1371 rectoriS,
638 1312 687 1354 et
718 1307 1071 1355 inscrutabilia
1110 1312 1228 1354 sunt
1267 1306 1460 1355 iudicia
1499 1307 1607 1354 eius
1646 1310 1696 1353 et
1733 1306 1932 1353 investi-

241 1381 438 1441 yabiles
484 1381 598 1428 viae
644 1381 774 1444 eiu83
820 1393 991 1427 verum
1039 1384 1205 1427 tamen
1242 1380 1544 1442 interrogate
1583 1377 1793 1426 fideliter
1832 1378 1932 1426 ani·

245 1467 350 1501 mas
388 1459 600 1518 vestraS,
647 1467 709 1509 ne
758 1453 884 1500 forte
934 1452 994 1500 de
1041 1453 1135 1501 isto
1175 1453 1473 1516 integritatis
1513 1459 1564 1500 et
1602 1452 1937 1500 continentiae

245 1526 322 1574 vel
358 1526 623 1590 pudicitiae
648 1524 778 1574 bono
811 1541 897 1574 vos
936 1525 1151 1574 inflatius
1191 1525 1437 1575 extulistis
1477 1531 1526 1573 et
1564 1524 1792 1573 humanis
1830 1524 1931 1574 lau·

246 1598 392 1648 dibus
448 1598 715 1648 delectatae
762 1601 814 1648 in
859 1598 953 1647 hoc
1002 1600 1148 1647 etiam
1198 1597 1442 1662 aliquibus
1488 1598 1747 1647 invidistis,
1824 1597 1934 1647 Non

247 1688 426 1721 accuso
482 1671 613 1736 quod
667 1674 877 1738 nescio,
914 1687 1005 1721 nec
1066 1672 1209 1722 audio
1266 1671 1396 1736 quod
1443 1671 1581 1720 vobis
1634 1673 1935 1735 interrogata

247 1755 412 1795 vestra
451 1746 600 1795 corda
624 1745 940 1810 respondent.
1018 1745 1203 1794 Tamen
1244 1747 1285 1794 si
1323 1747 1391 1795 ita
1431 1760 1539 1794 esse
1571 1745 1936 1812 responderint,

247 1819 398 1868 nolite
445 1821 614 1868 mirari
659 1819 753 1868 hoc
799 1835 885 1868 vos
932 1821 1175 1885 amisisse,
1230 1819 1361 1868 unde
1408 1818 1691 1867 hominibus
1737 1818 1932 1884 placere

249 1895 488 1959 gestistiS,
535 1892 655 1941 illud
694 1891 832 1940 vobis
878 1894 1199 1959 remansisse,
1246 1892 1377 1957 quod
1417 1891 1613 1941 ostendi
1649 1891 1933 1941 hominibus

245 1982 344 2015 non
369 1973 547 2031 potest.
605 1965 656 2014 Si
679 1965 999 2030 peccantibus
1024 1981 1123 2014 non
1148 1967 1485 2032 consensistiS,
1518 1965 1708 2015 divinae
1733 1967 1937 2033 gratiae,

246 2055 308 2088 ne
334 2041 659 2105 amitteretur,
699 2039 917 2088 divinum
942 2041 1151 2088 accessit
1174 2039 1430 2105 auxilium3
1470 2039 1710 2088 humanae
1735 2038 1937 2106 gloriae,

193 2107 196 2110 ⁴
245 2128 307 2162 ne
341 2119 603 2177 amaretur,
640 2112 910 2162 humanum
950 2114 1190 2162 successit
1228 2112 1563 2178 opprobrium.
1624 2111 1680 2161 In
1719 2118 1935 2176 utroque

247 2185 592 2251 consolamini,
630 2185 988 2253 pusillanimeS,
1027 2186 1161 2235 illinc
1206 2186 1440 2251 probatae
1485 2186 1600 2235 hinc
1656 2187 1937 2252 castigatae,

247 2259 381 2308 illinc
413 2259 701 2309 iustificatae
726 2258 841 2308 hinc
882 2259 1180 2309 emendatae.
1258 2259 1478 2317 Quarum
1515 2275 1632 2309 vero
1673 2259 1822 2309 corda
1859 2260 1931 2308 in·

247 2339 494 2397 terrogata
526 2331 828 2396 respondent
858 2347 1126 2397 numquam
1165 2348 1217 2381 se
1258 2333 1318 2382 de
1356 2332 1486 2382 bono
1525 2334 1818 2398 virginitatis
1857 2331 1934 2380 vel

180 2420 194 2437 ⁶
248 2405 499 2455 viduitatis
540 2405 616 2455 vel
655 2406 927 2470 coniugalis
964 2405 1230 2470 pudicitiae
1271 2406 1571 2472 superbisse,
1612 2406 1698 2455 sed
1737 2405 1932 2454 humili-

247 2479 342 2528 bus
368 2478 721 2528 consentiendo
747 2478 807 2527 de
847 2479 975 2528 dono
1000 2478 1087 2527 Dei
1129 2495 1241 2528 cum
1280 2486 1496 2528 tremore
1537 2479 1798 2545 exultasse,
1837 2494 1932 2528 nec

247 2552 480 2601 invidisse
521 2553 749 2616 cuiquam
787 2554 920 2616 paris
961 2552 1298 2601 excellentiam
1337 2554 1611 2601 sanctitatis
1651 2559 1700 2602 et
1738 2553 1933 2600 castita-

159 2637 216 2675 30
247 2628 327 2691 tis,
367 2626 453 2675 sed
483 2625 695 2692 hnmana
719 2625 860 2674 laude
893 2627 1180 2691 postposita,
1221 2641 1344 2689 quae
1376 2632 1512 2675 tanto
1552 2627 1708 2674 maior
1747 2624 1932 2674 deferri

249 2699 388 2765 solet,
428 2705 610 2763 quanto
637 2705 712 2747 est
734 2698 920 2747 honum
943 2700 1120 2764 rariIIS,
1159 2699 1287 2763 quod
1315 2701 1466 2763 exigit
1488 2698 1696 2764 laudem,
1736 2706 1930 2763 optasse

246 2775 412 2837 potius
462 2779 515 2821 ut
561 2772 766 2837 amplior
812 2787 982 2820 earum
1030 2787 1267 2821 numerus
1316 2779 1469 2839 esset,
1518 2787 1663 2836 quam
1702 2778 1758 2820 ut
1796 2773 1930 2836 ipsae

371 2914 442 2970 13)
474 2913 606 2959 Rom.
643 2919 713 2970 11,
746 2917 815 2957 33.
880 2913 953 2969 28>
983 2914 1115 2958 Rom.
1151 2919 1219 2969 12,
1255 2919 1322 2958 16.
