2020 3122
143 925 198 965 10

143 1292 197 1332 15

143 1660 199 1700 20

144 2027 199 2067 25

146 2396 202 2435 30

146 2762 203 2803 35

225 132 334 184 340
897 138 932 172 s.
955 138 1228 173 AUGUs'rm1

226 270 440 319 sequens
481 259 556 302 est
587 254 753 318 igitur,
792 259 847 301 ut
885 251 1029 300 honis
1068 250 1188 300 haec
1229 250 1503 300 exhibenda
1542 250 1914 316 intellegantur3

226 336 346 378 tunc
403 329 533 376 enim
588 326 680 375 diis
727 324 1045 389 exhibentur,
1100 326 1329 388 quoniam
1381 340 1473 373 nec
1528 324 1595 372 dii
1643 330 1819 389 erunt,
1874 325 1915 373 si
1966 348 1970 351 >

226 402 345 451 honi
383 416 481 449 non
522 406 683 450 erunt.
759 399 864 448 Hoc
897 401 939 448 si
977 400 1044 448 ita
1084 405 1174 463 est,
1214 392 1352 464 (nam
1393 398 1452 446 de
1493 397 1587 446 diis
1626 397 1745 462 quid
1785 397 1912 447 aliud

229 475 372 524 decet
419 469 688 541 credere‘P)
740 473 820 523 illa
866 473 1089 538 profecto
1139 478 1374 520 vacuatur
1421 473 1611 537 opinio,
1659 486 1755 535 qua
1794 486 1914 520 non-

229 549 351 598 nulli
389 555 565 613 putant
603 548 722 596 deos
755 547 907 595 malos
948 548 1100 595 sacris
1139 545 1401 610 placandos
1442 560 1566 610 esse,
1605 560 1667 593 ne
1706 544 1916 609 laedant,

228 622 385 671 bonos
434 630 621 687 autem,
672 627 727 670 ut
773 621 1026 685 adiuvent,
1073 619 1385 668 invocandos,
1461 617 1574 667 Mali
1624 619 1755 666 enim
1794 617 1915 667 nulli

230 703 346 746 sunt
385 696 474 762 dii3
513 695 656 744 bonis
695 710 844 760 porro
885 693 1104 758 debitus,
1140 699 1199 741 ut
1237 692 1425 758 dicunt,
1463 691 1623 741 honor
1663 707 1916 741 sacrorum

230 777 306 819 est
353 769 664 819 deferendus
743 768 838 825 Qui
887 774 1004 816 sunt
1051 781 1167 830 ergo
1218 766 1310 831 illi,
1358 767 1442 830 qui
1481 765 1623 815 ludos
1663 766 1916 814 scaenicos

230 850 393 892 amant
417 858 600 907 eosque
628 842 803 891 divinis
828 840 978 889 rebus
1011 840 1209 904 adiungi
1241 847 1291 888 et
1329 841 1432 888 suis
1471 839 1745 890 honoribus
1784 839 1916 903 flagi-

230 923 335 966 tant
385 913 641 966 exhiberi?
693 930 905 979 quorum
955 916 1027 962 vis
1082 928 1180 962 non
1228 928 1313 961 eos
1359 913 1543 962 indicat
1590 913 1750 962 nullos
1762 953 1776 980 ,
1831 911 1917 961 sed

229 993 322 1039 iste
356 991 563 1039 affectus
612 990 846 1038 nimirum
884 988 1068 1036 indicat
1107 986 1272 1035 malos
1352 984 1478 1044 Quid
1519 989 1650 1036 enim
1690 987 1750 1035 de
1789 986 1919 1036 ludis

231 1065 469 1113 scaenieis
523 1063 661 1112 Plato
721 1063 953 1126 senserit,
1008 1066 1181 1110 notum
1229 1066 1327 1126 est,
1383 1075 1497 1109 cum
1550 1066 1720 1125 poetas
1770 1062 1919 1125 ipsoS,

231 1137 362 1201 quod
411 1144 510 1186 tam
560 1137 758 1200 indigna
806 1136 1012 1184 deorum
1060 1136 1314 1183 maiestate
1363 1140 1508 1197 atque
1556 1134 1773 1183 bonitate
1815 1149 1915 1183 car-

230 1213 361 1259 mina
410 1211 804 1275 composuerint,
852 1215 1021 1258 censet
1069 1209 1264 1257 civitate
1314 1207 1582 1272 pellendos
1660 1207 1756 1265 Qui
1803 1214 1919 1256 sunt

231 1286 381 1349 igitur
435 1286 518 1333 isti
565 1284 652 1349 dii,
711 1285 796 1347 qui
843 1282 901 1331 de
953 1283 1192 1331 scaenicis
1240 1281 1368 1330 ludis
1418 1297 1530 1331 cum
1569 1283 1676 1346 ipso
1715 1280 1917 1330 Platone

231 1355 574 1407 contendunt?
635 1357 720 1405 Ille
769 1358 951 1421 quippe
1000 1371 1099 1404 non
1146 1357 1332 1420 patitur
1372 1355 1490 1404 deos
1530 1355 1664 1404 falsis
1704 1356 1918 1404 crimini-

231 1431 325 1480 bus
371 1432 619 1496 infamari3
671 1432 755 1479 isti
803 1430 990 1479 eisdem
1037 1429 1326 1478 criminibus
1375 1444 1491 1478 suos
1539 1428 1754 1477 honores
1793 1428 1919 1477 cele-

232 1502 367 1553 brari
417 1505 603 1553 iubent.
682 1504 903 1567 Denique
951 1505 1034 1552 isti
1082 1518 1194 1551 cum
1235 1502 1433 1552 eosdem
1474 1502 1616 1552 ludos
1654 1504 1920 1552 instaurari

232 1580 605 1643 praeciperent,
657 1584 919 1642 poscentes
973 1578 1135 1641 turpia
1191 1578 1337 1625 etiam
1383 1576 1591 1641 maligna
1643 1584 1920 1640 gesserunt,

234 1651 344 1700 Tito
369 1651 559 1700 Latinio
586 1652 869 1700 auferentes
901 1650 1055 1699 filium
1089 1656 1138 1698 ct
1168 1652 1475 1699 inmittentes
1506 1649 1750 1716 morbum,
1789 1650 1919 1715 quod

233 1740 407 1774 eorum
447 1725 700 1774 abnuisset
737 1726 1023 1790 imperium,
1075 1739 1288 1787 eumque
1328 1723 1557 1772 morbum
1596 1723 1920 1789 retrahenteS,

232 1814 345 1847 cum
394 1801 528 1847 iussa
579 1798 894 1863 complesset3
946 1799 1039 1846 iste
1091 1804 1255 1846 autem
1306 1797 1415 1845 illos
1466 1812 1559 1846 nec
1614 1804 1710 1846 tam
1765 1797 1919 1846 malos

230 1872 475 1921 timendos
515 1879 677 1938 putat,
725 1871 811 1920 sed
853 1886 969 1921 suae
1011 1872 1285 1920 sententiae
1326 1869 1481 1919 robur
1521 1873 1918 1919 constantissime

232 1947 453 1994 retinens
493 1961 663 1994 omnes
703 1951 961 2010 poetarum
1001 1944 1262 2008 sacrilegas
1301 1959 1479 2010 nugaS,
1520 1943 1700 2008 quibus
1739 1944 1809 1992 illi
1846 1946 1918 1992 in-

233 2018 500 2068 munditiae
554 2020 789 2068 societate
841 2018 1177 2084 oblectantur,
1225 2033 1251 2066 a
1297 2018 1478 2082 populo
1526 2017 1652 2066 hene
1692 2019 1918 2066 instituto

231 2107 486 2141 removere
527 2108 624 2140 non
667 2092 870 2141 dubitat.
947 2092 1090 2141 Hunc
1131 2099 1296 2140 autem
1335 2091 1613 2156 Platonem,
1654 2091 1785 2154 quod
1824 2093 1920 2139 iam

231 2165 283 2214 in
324 2165 540 2214 secundo
581 2165 704 2214 libro
746 2167 1138 2230 commemoravi,
1178 2167 1308 2214 inter
1348 2164 1592 2213 semideos
1632 2163 1793 2213 Labeo
1833 2179 1917 2229 po-

233 2239 319 2286 nit.
397 2238 491 2296 Qui
547 2238 707 2287 Labeo
775 2240 974 2287 numina
1035 2239 1158 2286 mala
1214 2240 1423 2287 victimis
1488 2239 1707 2287 cruentis
1772 2244 1918 2302 atque

232 2310 381 2360 huius
429 2312 561 2361 modi
608 2312 1047 2377 supplicationibus
1097 2312 1279 2376 placari
1320 2313 1589 2377 existimat,
1636 2311 1763 2360 bona
1803 2326 1918 2360 vero

234 2384 362 2434 ludis
419 2392 467 2434 et
521 2385 698 2434 talibus
754 2387 893 2449 quasi
947 2386 1005 2434 ad
1062 2385 1294 2434 laetitiam
1339 2384 1703 2450 pertinentibus
1751 2384 1917 2434 rebus.

237 2458 363 2516 Quid
420 2466 494 2508 est
550 2475 666 2523 ergo
715 2459 845 2523 quod
894 2459 1140 2507 semideus
1187 2458 1325 2507 Plato
1378 2474 1476 2507 non
1528 2458 1783 2524 semideiS,
1833 2458 1919 2507 sed

236 2532 362 2598 deis,
403 2539 451 2582 et
489 2530 582 2581 hoc'
622 2532 786 2598 boniS,
825 2532 903 2580 illa
945 2531 1322 2598 oblectamenta,
1362 2534 1476 2596 quia
1515 2531 1700 2580 iudicat
1737 2533 1916 2597 turpia,

235 2612 335 2654 tam
391 2612 675 2656 constanter
730 2605 878 2655 audet
933 2602 1166 2654 auferre?
1243 2604 1338 2662 Qui
1395 2620 1510 2654 sane
1567 2605 1634 2654 dii
1688 2605 1919 2654 refellunt

236 2682 529 2729 sententiam
561 2679 823 2745 Labeonis3
864 2694 990 2744 nam,
1031 2695 1082 2727 se
1116 2681 1165 2727 in
1199 2677 1388 2727 Latinio
1430 2695 1529 2727 non
1568 2678 1774 2728 lascivos
1814 2685 1915 2727 tan·
1964 2706 1969 2707 ν

236 2759 339 2802 tum
373 2760 518 2817 atque
544 2753 857 2819 ludibundoS,
897 2753 982 2802 sed
1017 2754 1162 2801 etiam
1195 2767 1364 2801 saevos
1396 2752 1742 2816 terribilesque
1782 2767 1917 2800 mon-

354 2868 428 2922 27)
462 2865 508 2910 C.
545 2870 615 2913 14.
