2020 3122
585 154 653 187 DE
679 151 920 187 CIVITATE
942 155 1031 188 Dm
1055 156 1096 189 L.
1121 157 1194 189 m.
1219 157 1255 189 c.
1282 159 1312 190 2.
1728 146 1798 199 99

114 269 266 318 Miror
306 266 581 332 Apollinem
620 267 926 316 nominatum
976 268 1298 316 divinatorem
1337 270 1387 317 in
1427 275 1563 318 tanto
1603 271 1795 334 opificio

111 342 359 392 laborasse
400 342 704 389 nescientem
744 340 876 403 quod
915 339 1195 389 Laomedon
1235 342 1395 391 fuerat
1433 345 1676 407 promissa
1715 359 1797 392 ne-

112 422 330 481 gaturus,
409 414 716 478 Quamquam
748 428 839 463 nec
879 416 1044 479 ipsum
1067 414 1367 482 Neptunum,
1405 423 1637 480 patruum
1678 419 1798 483 eiUS,

111 490 316 540 fratrem
363 488 513 553 IoviS,
561 503 728 552 regem
768 490 941 554 mariS,
989 489 1155 537 decuit
1194 489 1420 552 ignarum
1460 505 1568 538 esse
1610 491 1798 539 futuro-

111 579 240 614 rum.
315 562 438 611 Nam
477 561 609 611 hunc
642 561 888 611 Homerus
927 562 988 611 de
1028 564 1180 626 stirpe
1221 563 1428 628 Aeneae,
1468 578 1494 611 a
1534 565 1675 612 cuius
1715 579 1798 628 po-
1831 573 1858 612 5

114 639 263 687 steris
310 635 505 685 condita
545 636 699 685 Roma
740 643 828 701 est,
869 651 982 685 cum
1017 642 1129 684 ante
1169 635 1298 684 illam
1338 636 1514 685 urbem
1554 637 1801 686 conditam

114 711 245 760 idem
291 716 437 775 poeta
483 709 636 759 fuisse
685 710 899 776 dicatur,
949 710 1140 759 inducit
1187 725 1419 774 magnum
1459 710 1641 774 aliquid
1682 711 1799 760 divi-

114 791 338 850 nantem,
378 798 526 848 quem
566 785 713 833 etiam
751 783 882 833 nube
923 786 1108 849 rapuit,
1148 790 1204 833 ut
1243 784 1375 851 dicit,
1415 798 1478 832 ne
1517 783 1577 832 ah
1617 783 1800 834 Achille

112 859 438 924 occideretur,

823 935 1027 994 cuperet
1066 949 1176 981 cum
1214 935 1413 981 vertere
1452 933 1515 981 ab
1552 933 1667 994 imo,
1834 942 1888 982 10

113 1021 245 1086 quod
284 1021 414 1086 apud
452 1019 720 1085 Vergilium
761 1021 1046 1086 confitetur,

263 1110 464 1159 Structa
503 1111 603 1159 suis
643 1111 874 1158 manibus
912 1111 1142 1173 periurae
1180 1111 1376 1159 moenia
1415 1111 1606 1159 Troiae.

109 1198 399 1248 Nescientes
438 1199 590 1261 igitur
613 1200 737 1247 tanti
777 1198 858 1263 dii,
895 1198 1157 1262 Neptunus
1189 1206 1238 1247 et
1270 1197 1456 1264 Apollo,
1495 1196 1795 1247 Laomedon-

111 1281 212 1322 tem
261 1272 355 1321 sihi
401 1278 698 1336 negaturum
746 1287 853 1320 esse
905 1272 1184 1320 mercedem
1233 1278 1507 1321 structores
1547 1274 1798 1320 moenium

112 1347 441 1395 Troianorum
465 1347 616 1410 gratis
658 1352 707 1394 et
730 1347 935 1410 ingratis
961 1346 1177 1395 fuerunt.
1254 1345 1461 1394 Videant
1498 1360 1561 1393 ne
1602 1347 1796 1409 gravius
1830 1353 1883 1393 15

115 1422 180 1470 sit
219 1419 341 1469 tales
390 1419 508 1468 deos
561 1419 766 1468 credere
818 1434 965 1483 quam
1011 1419 1104 1468 diis
1153 1419 1332 1468 talibus
1378 1420 1616 1483 peierare.
1693 1418 1798 1468 Hoc

111 1495 242 1544 enim
281 1509 373 1542 nec
405 1495 510 1558 ipse
535 1492 780 1542 Homerus
813 1493 954 1542 facile
995 1492 1219 1558 credidit,
1258 1495 1344 1557 qui
1366 1492 1653 1557 Neptunum
1694 1494 1798 1557 qui-

111 1568 222 1617 dem
273 1574 445 1617 contra
485 1567 746 1633 TroianOS,
797 1567 1071 1632 Apollinem
1110 1574 1275 1616 autem
1314 1582 1405 1632 pro
1446 1566 1670 1616 Troianis
1709 1582 1797 1631 pu-

115 1649 346 1706 gnantem
372 1642 503 1708 facit,
543 1657 656 1691 cum
689 1641 771 1690 illo
795 1643 1017 1706 periurio
1049 1640 1218 1690 ambos
1251 1639 1414 1690 fabula
1438 1647 1608 1690 narret
1647 1641 1798 1689 offen-

112 1731 207 1765 sos,
287 1715 340 1764 Si
392 1717 544 1779 igitur
598 1715 775 1764 fabulis
832 1715 1065 1782 credunt,
1122 1715 1419 1764 erubescant
1471 1714 1584 1764 talia
1635 1714 1796 1762 colere
1829 1723 1887 1763 20

64 1849 76 1859 ⁸
111 1792 334 1855 numina3
386 1791 428 1838 si
474 1788 652 1838 fabulis
700 1805 799 1838 non
847 1789 1081 1850 credunt,
1128 1804 1227 1838 non
1279 1788 1548 1837 obtendant
1587 1787 1799 1836 Troiana

109 1865 350 1930 periuria,
405 1869 489 1912 aut
542 1865 787 1912 mirentur
850 1863 968 1911 deos
1027 1864 1248 1927 periuria
1308 1864 1511 1927 punisse
1573 1860 1799 1926 Troiana,

111 1950 298 1987 amasse
332 1937 563 1986 Romana.
641 1936 780 1985 Unde
822 1939 952 1985 enim
993 1938 1266 1985 coniuratio
1301 1935 1534 1985 Catilinae
1574 1937 1626 1983 in
1665 1941 1799 1983 tanta

110 2018 307 2076 tamque
363 2018 598 2075 corrupta
652 2012 848 2060 civitate
902 2009 1074 2059 habuit
1132 2012 1278 2059 etiam
1331 2025 1507 2059 eorum
1561 2008 1796 2074 grandem

112 2087 324 2151 copiam,
372 2100 496 2149 quos
547 2099 722 2133 manus
770 2091 917 2148 atque
963 2084 1128 2148 lingua
1174 2086 1395 2149 periurio
1436 2090 1520 2132 aut
1560 2084 1795 2147 sanguine
1827 2090 1885 2130 25

113 2159 242 2208 civili
281 2155 474 2208 alebat?
551 2158 677 2216 Quid
719 2160 850 2207 enim
891 2158 1020 2207 aliud
1059 2160 1242 2207 totiens
1283 2164 1536 2207 senatores
1576 2157 1799 2220 corrupti

100 2233 166 2287 ‚in
203 2232 399 2282 iudiciis
411 2272 426 2299 ,
465 2234 648 2282 totiens
686 2232 900 2297 populus
938 2234 990 2281 in
1030 2233 1273 2296 suffragiis
1314 2231 1390 2280 vel
1427 2233 1478 2279 in
1519 2229 1795 2295 quibusque

69 2303 78 2309 ’
114 2309 298 2372 causiS,
337 2321 461 2371 quae
502 2306 631 2370 apud
672 2322 784 2356 eum
825 2305 1138 2355 contionibus
1178 2305 1470 2371 agebantur,
1516 2305 1611 2352 nisi
1651 2304 1796 2351 etiam

113 2380 380 2444 peierando
410 2377 715 2444 peccabant?
784 2379 1005 2444 Namque
1047 2380 1437 2444 corruptissimis
1476 2376 1695 2426 moribus
1735 2374 1793 2423 ad

110 2451 204 2502 hoc
242 2469 350 2503 mos
381 2454 577 2503 iurandi
609 2453 896 2503 servabatur
928 2455 1174 2519 antiquuS,
1211 2468 1311 2501 non
1343 2458 1400 2501 ut
1430 2451 1489 2500 ab
1522 2448 1790 2499 sceleribus
1823 2458 1879 2497 30

112 2533 247 2575 metu
301 2527 555 2592 religionis
607 2527 1021 2594 prohiberentur,
1076 2526 1162 2575 sed
1217 2533 1272 2575 ut
1322 2526 1541 2590 periuria
1596 2535 1790 2586 quoque

114 2599 383 2650 sceleribus
424 2603 604 2650 ceteris
643 2601 958 2650 adderentur.

231 2743 276 2797 8)
310 2742 362 2785 Il.
395 2747 466 2798 20,
498 2747 583 2786 302
610 2757 708 2799 sqq.
774 2743 846 2799 12)
878 2743 991 2788 Aen.
1025 2746 1066 2797 5,
1099 2746 1184 2785 810
1211 2754 1275 2795 sq.
1339 2739 1412 2794 26)
1446 2737 1554 2782 Sall.
1588 2734 1684 2779 Cal).
1722 2738 1786 2778 14.

233 2894 258 2933 6
291 2889 476 2934 condita
507 2891 590 2944 dv,·
620 2903 703 2934 om.
739 2887 923 2932 GAKF
941 2889 958 2944 ΙΙ
980 2893 1036 2947 26
1069 2885 1197 2930 aliud
1229 2898 1311 2930 om.
1344 2882 1482 2927 A¹F¹

1377 2956 1437 3001 7*
