2020 3122
542 159 609 191 DE
633 157 873 192 01vrrA'rE
898 157 988 190 DEI
1012 158 1054 191 L.
1078 159 1129 192 11.
1154 159 1191 193 o.
1216 162 1269 194 24.
1294 162 1347 195 25.
1704 152 1772 204 89

90 272 234 336 longe
267 271 434 320 aberat
457 285 547 335 per
580 285 729 334 quem
759 270 840 319 ille
873 272 1077 335 spiritus
1116 270 1432 340 loquebatur3
1473 289 1573 323 non
1611 282 1774 326 tamen

93 346 335 396 clamavit:
372 343 476 411 „Ab
525 343 796 393 sceleribus
844 359 1015 410 parce,
1072 340 1248 410 Sulla“,
1304 360 1427 409 quae
1474 347 1573 396 illic
1620 351 1775 398 victor

91 427 192 471 tam
228 418 475 468 horrenda
515 419 776 484 commisit,
817 419 898 467 cui
938 433 1120 466 corona
1159 433 1308 468 aurea
1348 421 1504 484 ipsius
1542 423 1774 472 victoriae

90 494 498 544 inlustrissimum
537 493 732 555 signum
770 493 822 540 in
861 491 1067 540 vitulino
1107 493 1271 541 iecore
1312 497 1565 561 apparuit,
1616 496 1776 559 qualia

92 570 229 632 signa
279 568 322 615 si
372 566 440 615 dii
484 567 604 614 iusti
650 565 767 614 dare
816 565 1034 615 solerent
1080 581 1135 614 ac
1184 581 1284 614 non
1324 566 1585 617 daemones
1625 571 1777 635 impii,
1809 580 1834 620 5

90 641 313 707 profecto
337 639 433 688 illis
458 641 586 688 extis
611 639 797 688 nefaria
834 641 1001 704 potius
1040 645 1186 703 atque
1226 641 1322 704 ipsi
1363 640 1524 690 Sullae
1564 645 1777 706 graviter

91 717 235 764 noxia
275 713 399 762 mala
444 713 613 762 futura
658 719 1008 762 monstrarent.
1085 712 1257 778 Neque
1307 716 1437 763 enim
1477 717 1583 763 eius
1623 716 1776 780 digni-

91 791 181 839 tati
211 794 404 838 tantum
434 787 623 851 profuit
653 786 734 835 illa
766 788 984 853 victoria,
1026 794 1265 851 quantum
1290 789 1461 836 nocuit
1500 789 1777 855 cupiditati3

93 878 189 927 qua
226 862 410 911 factum
451 867 539 927 est,
578 866 635 910 ut
672 860 994 910 inmoderatis
1033 860 1228 909 inhians
1268 867 1318 910 et
1358 862 1588 911 secundis
1628 862 1778 912 rebus

92 937 249 986 elatus
273 951 329 984 ac
352 936 705 1000 praecipitatus
730 936 883 998 magis
915 937 1021 999 ipse
1054 937 1243 999 periret
1266 937 1316 983 in
1356 935 1594 1002 moribus,
1635 951 1780 1001 quam
1815 948 1868 988 10

91 1012 318 1059 inimicos
348 1011 401 1058 in
433 1007 725 1072 corporibus
757 1008 1004 1072 perderet.
1081 1008 1212 1056 Haec
1255 1008 1326 1057 illi
1359 1008 1426 1058 dii
1463 1025 1579 1058 vere
1618 1012 1779 1059 tristia

92 1099 307 1147 vereque
345 1081 558 1146 lugenda
597 1097 695 1130 non
736 1084 861 1130 extis
874 1122 887 1147 ,
927 1097 1027 1131 non
1067 1084 1309 1147 auguriiS‚
1348 1098 1449 1131 non
1489 1085 1781 1148 cuiusquam

93 1158 282 1206 somnio
322 1156 398 1205 vel
421 1157 650 1204 vaticinio
675 1155 1102 1219 praenuntiabant.
1179 1155 1331 1220 Magis
1372 1158 1503 1205 enim
1542 1157 1781 1207 timebant

91 1246 154 1280 ne
180 1231 517 1294 corrigeretur
542 1243 689 1293 quam
727 1244 789 1277 ne
829 1231 1129 1279 vinceretur.
1205 1230 1359 1278 Immo
1401 1232 1518 1279 satis
1559 1230 1781 1297 agebant,

92 1311 149 1354 ut
186 1305 344 1354 victor
383 1304 564 1352 civium
612 1302 857 1366 gloriosus
906 1304 1065 1351 victus
1106 1310 1252 1367 atque
1294 1306 1517 1367 captivus
1556 1305 1780 1354 nefandis
1815 1314 1866 1354 15

92 1379 223 1427 vitiis
263 1383 313 1426 et
335 1392 425 1442 per
448 1376 570 1425 haec
608 1377 731 1441 ipsis
764 1377 912 1425 etiam
945 1375 1267 1425 daemonibus
1299 1376 1454 1426 multo
1495 1377 1782 1428 obstrictius

95 1451 406 1502 subderetur.

739 1562 934 1618 CAPUT
965 1564 1134 1618 XXV.

103 1674 354 1733 Quantum
401 1674 613 1733 maliqni
654 1674 865 1735 spiritus
922 1674 993 1721 ad
1034 1674 1240 1733 flaqitia
1286 1675 1499 1722 incitent
1547 1675 1782 1734 homineS,

127 1761 240 1796 eum
279 1749 332 1795 in
372 1748 736 1796 committendis
775 1748 1052 1796 sceleribus
1092 1749 1241 1806 quasi
1279 1749 1500 1795 divinam
1540 1750 1757 1809 exempli
1816 1756 1871 1795 20

510 1823 593 1868 sui
630 1823 959 1882 interponunt
996 1823 1363 1869 auctoritatem.

243 1922 382 1971 Illinc
421 1938 538 1972 vero
579 1925 690 1987 quis
729 1938 829 1971 non
868 1922 1134 1989 intellegat,
1176 1924 1286 1986 quis
1326 1938 1425 1971 non
1464 1922 1650 1988 videat,
1689 1924 1785 1971 nisi

97 1998 182 2061 qui
219 1996 341 2046 tales
382 1996 500 2045 deos
540 1998 723 2045 imitari
762 1998 916 2060 magis
957 1996 1104 2060 elegit
1145 2011 1292 2060 quam
1331 1996 1491 2045 divina
1530 1998 1685 2060 gratia
1725 1995 1783 2044 ab

97 2085 270 2119 eorum
310 2071 544 2119 societate
586 2072 830 2136 separari,
880 2077 1119 2134 quantum
1158 2070 1424 2119 moliantur
1463 2070 1661 2134 maligni
1701 2071 1784 2118 isti

97 2145 300 2208 spiritus
341 2144 564 2208 exemplo
606 2159 695 2192 suo
735 2143 869 2193 velut
909 2143 1122 2192 divinam
1164 2146 1507 2193 auctoritatem
1545 2142 1782 2208 praebere
1815 2151 1870 2191 25

96 2215 405 2266 sceleribus?
446 2217 577 2281 quod
605 2219 751 2267 etiam
775 2220 826 2266 in
869 2218 1077 2282 quadam
1103 2217 1394 2282 Campaniae
1434 2217 1530 2266 lata
1567 2217 1782 2281 planitie,

97 2289 183 2340 ubi
221 2306 320 2340 non
359 2291 514 2340 multo
555 2299 668 2356 post
715 2291 882 2339 civiles
923 2293 1053 2340 acies
1094 2291 1283 2340 nefario
1324 2291 1512 2355 proelio
1554 2290 1782 2338 conflixe-

98 2370 240 2430 runt,
278 2366 374 2429 ipsi
411 2367 543 2414 inter
584 2380 636 2414 se
676 2367 815 2430 prius
855 2380 1076 2430 pugnare
1116 2367 1208 2413 visi
1247 2371 1377 2413 sunt.
1454 2364 1675 2428 Namque
1715 2362 1783 2410 ibi

100 2437 251 2486 auditi
302 2444 417 2487 sunt
461 2439 679 2503 primum
724 2441 950 2502 ingentes
999 2439 1242 2503 fragoreS,
1289 2453 1501 2502 moxque
1549 2436 1689 2485 multi
1730 2451 1781 2483 se

98 2510 277 2560 vidisse
324 2513 617 2561 nuntiarunt
663 2528 753 2577 per
801 2512 986 2577 aliquot
1033 2512 1137 2561 dies
1186 2512 1307 2561 duas
1355 2513 1483 2560 acies
1534 2509 1778 2574 proeliari.
1811 2517 1867 2556 30

101 2581 234 2640 Quae
272 2600 438 2649 pugna
482 2585 569 2634 ubi
616 2586 827 2651 destitit,
876 2587 1081 2650 vestigia
1121 2600 1316 2649 quoque
1356 2583 1490 2632 velut
1527 2582 1781 2629 hominum

103 2663 151 2705 et
182 2672 437 2725 equorum,
477 2665 659 2723 quanta
685 2659 744 2707 de
785 2659 865 2707 illa
891 2659 1254 2708 conflictatione
1295 2657 1501 2721 exprimi
1539 2660 1781 2718 poterant,

100 2730 408 2780 invenerunt.
487 2732 539 2781 Si
571 2748 687 2796 ergo
711 2735 954 2781 veraciter
985 2735 1115 2781 inter
1155 2747 1207 2779 se
1247 2731 1447 2778 numina
1485 2733 1781 2792 pugnarunt,

101 2803 197 2851 iam
234 2802 360 2853 bella
399 2806 558 2854 civilia
598 2812 898 2855 excusantur
944 2805 1182 2869 humana3
1238 2802 1578 2852 consideretur
1617 2807 1780 2848 tamen

104 2890 227 2939 quae
267 2879 330 2926 sit
367 2878 540 2928 talium
581 2879 788 2928 deorum
826 2878 903 2927 vel
941 2879 1123 2926 malitia
1162 2876 1238 2924 vel
1278 2877 1495 2924 miseria:
1537 2875 1577 2921 si
1617 2879 1778 2921 autem
1811 2880 1866 2919 35
