2020 3122
529 167 595 199 DE
620 165 858 200 CIVITATE
881 166 971 198 DEI
993 166 1035 198 L.
1059 165 1112 199 11.
1137 165 1175 199 3.
1198 168 1253 200 21.
1691 158 1758 209 81

82 280 204 331 nihil
240 287 341 329 tam
385 280 640 328 inimicum
687 293 833 343 quam
880 279 1172 326 iniustitiam
1212 280 1396 329 civitati
1434 295 1524 328 nec
1565 284 1761 331 omnino

83 357 178 404 nisi
215 368 391 418 magna
427 354 615 402 iustitia
653 353 758 416 geri
797 358 881 401 aut
919 357 1048 400 stare
1087 367 1233 415 posse
1273 368 1379 402 rem
1416 353 1674 418 publicam.

232 427 339 486 Qua
379 428 681 491 quaestione,
722 431 960 490 quantum
986 426 1103 474 satis
1142 427 1302 475 visum
1341 434 1430 493 est,
1468 434 1765 491 pertractata

88 502 252 566 Scipio
308 500 367 550 ad
430 501 712 549 intermissa
771 500 1040 548 revertitur
1099 499 1372 564 recolitque
1427 516 1564 550 suam
1618 509 1763 567 atque

86 575 395 625 commendat
433 574 636 622 brevem
674 574 748 622 rei
786 572 1011 637 publicae
1053 572 1403 639 definitionem,
1444 590 1538 638 qua
1578 575 1766 625 dixerat
1797 586 1824 626 5

84 664 190 699 eam
215 664 323 698 esse
349 663 456 697 rem
478 646 662 712 populi.
738 646 983 712 Populum
1008 652 1171 695 autem
1196 662 1295 695 non
1335 663 1530 696 omnem
1570 657 1767 699 coetum

86 722 431 788 multitudinis,
471 721 558 770 sed
599 727 795 770 coetum
833 722 958 770 iuris
997 735 1244 770 consensu
1284 727 1333 770 31
1370 721 1597 770 utilitatis
1637 739 1766 772 com-

86 798 321 846 munione
364 797 606 845 sociatum
644 810 752 844 esse
794 795 1102 844 determinat.
1179 794 1334 843 Docet
1372 794 1547 843 deinde
1588 804 1768 860 quanta

87 872 151 920 sit
197 873 249 920 in
296 869 592 934 disputando
642 869 940 918 definitionis
987 869 1194 935 utilitas,
1246 875 1392 933 atque
1434 884 1493 917 ex
1531 869 1627 918 illis
1667 872 1769 919 suis

86 943 455 994 definitionibus
496 943 679 1008 colligit
718 949 837 992 tunc
877 958 984 992 esse
1024 958 1131 991 rem
1167 942 1430 1010 publicam,
1469 942 1518 990 id
1557 950 1634 993 351
1663 959 1770 993 rem

90 1018 275 1085 populi,
316 1033 429 1067 cum
475 1016 602 1066 bene
642 1032 698 1066 ac
736 1019 865 1067 iuste
905 1019 1094 1082 geritur
1133 1018 1234 1065 sive
1274 1016 1333 1065 ab
1373 1033 1472 1066 uno
1512 1032 1628 1082 rege
1669 1020 1768 1067 sive

85 1107 113 1140 a
149 1093 320 1157 paucis
360 1090 678 1156 optimatibus
717 1093 817 1140 sive
858 1090 916 1140 ab
956 1092 1187 1140 universo
1225 1090 1422 1156 populo
1492 1089 1614 1140 Cum
1653 1107 1769 1141 vero

84 1167 299 1215 iniustus
340 1171 416 1214 est
455 1180 565 1231 rex,
606 1180 754 1229 quem
794 1172 1055 1229 tyrannum
1094 1179 1232 1213 more
1273 1164 1459 1214 Graeco
1500 1165 1771 1232 appellavit,

87 1241 358 1289 3111111111511
375 1240 650 1305 optimateS,
676 1254 888 1303 quorum
907 1253 1205 1287 consensum
1222 1238 1344 1287 dixit
1368 1254 1476 1287 3553
1493 1239 1771 1306 factionem,

87 1320 171 1363 aut
208 1315 423 1362 iniustus
461 1314 568 1377 ipse
606 1312 842 1378 populus,
893 1314 974 1361 cui
1019 1327 1200 1361 nomen
1246 1313 1483 1361 usitatum
1522 1328 1620 1361 non
1659 1328 1768 1377 rep-

86 1389 247 1454 perit,
302 1388 398 1436 nisi
449 1393 503 1435 ut
553 1388 702 1435 3113111
751 1387 917 1451 ipsum
963 1391 1228 1450 tyrannum
1272 1392 1492 1435 vocaret:
1539 1401 1638 1434 non
1676 1388 1773 1436 iam

87 1462 326 1527 vitiosamg
366 1462 496 1509 513111
518 1460 678 1525 pridie
710 1460 873 1509 fuerat
896 1459 1215 1526 disputatum,
1255 1458 1356 1525 sed,
1396 1461 1524 1509 sicut
1556 1462 1680 1509 ratio
1713 1476 1772 1509 ex

88 1534 184 1584 illis
224 1534 594 1584 definitionibus
645 1549 830 1583 conexa
881 1533 1158 1600 docuisset,
1201 1535 1400 1582 omnino
1441 1533 1625 1582 nullam
1664 1550 1771 1583 esse

88 1623 195 1658 rem
233 1607 494 1674 publicam,
534 1610 766 1672 quoniam
805 1623 905 1657 non
945 1613 1078 1657 esset
1115 1622 1197 1656 res
1234 1607 1419 1674 populi,
1459 1623 1569 1657 cum
1609 1614 1770 1672 tyran-

89 1697 182 1732 nus
208 1698 315 1731 eam
338 1683 546 1751 factiove
573 1688 868 1748 capesseret,
908 1697 1000 1731 nec
1032 1683 1137 1746 ipse
1177 1681 1389 1746 populus
1428 1683 1525 1730 iam
1562 1682 1774 1746 populus

90 1763 237 1816 esset,
277 1758 319 1805 si
351 1763 484 1805 esset
514 1757 744 1823 iniustUS,
784 1757 1016 1820 quoniam
1048 1770 1148 1804 non
1179 1762 1310 1804 esset
1350 1755 1612 1805 multitudo
1651 1757 1774 1804 iuris

91 1845 335 1880 consensu
385 1837 435 1879 et
479 1829 708 1879 utilitatis
759 1831 1104 1879 communione
1145 1831 1348 1895 sociata,
1396 1831 1524 1878 sicut
1561 1829 1774 1894 populus

88 1903 250 1953 fuerat
288 1903 533 1953 definitus.

239 1977 445 2035 Quando
487 1993 604 2042 ergo
644 1993 725 2026 res
763 1976 960 2043 publica
999 1977 1214 2026 Romana
1256 1977 1365 2026 talis
1406 1983 1533 2043 erat,
1583 1977 1775 2041 qualem

89 2050 222 2100 illam
262 2051 502 2100 describit
543 2050 827 2118 SallustiUS,
875 2066 975 2100 non
1020 2053 1118 2100 iam
1156 2053 1370 2115 pessima
1407 2066 1462 2100 33
1501 2050 1774 2116 flagitiosis-

93 2126 228 2192 sima,
268 2126 528 2190 sicutipse
554 2126 634 2191 ait,
675 2125 762 2174 sed
787 2127 987 2173 omnino
1013 2125 1146 2174 nulla
1179 2131 1284 2175 erat
1322 2124 1596 2174 secundum
1633 2127 1777 2174 istam

93 2201 351 2266 rationem,
392 2214 538 2263 quam
563 2198 830 2263 disputatio
856 2199 915 2248 de
940 2215 994 2248 re
1025 2198 1222 2264 publica
1260 2201 1390 2248 inter
1428 2214 1630 2263 magnos
1671 2201 1776 2247 eius

93 2278 198 2321 tum
235 2275 489 2338 principes
537 2272 699 2322 habita
745 2274 991 2338 patefecit.
1071 2273 1210 2322 Sicut
1257 2275 1403 2322 etiam
1441 2274 1548 2337 ipse
1587 2272 1776 2321 Tullius

95 2358 195 2395 non
245 2346 493 2411 Scipionis
543 2362 636 2395 nec
685 2349 977 2411 cuiusquam
1024 2347 1248 2412 311311115,
1293 2346 1379 2395 sed
1420 2362 1509 2395 suo
1549 2361 1774 2395 sermone

1803 954 1858 995 10

1804 1322 1859 1363 15

1806 1691 1862 1732 20

1808 2060 1863 2101 25

92 2417 300 2484 loquens
346 2422 398 2469 in
436 2422 680 2485 principio
729 2423 890 2485 quinti
927 2420 1040 2469 libri
1080 2426 1460 2470 commemorato
1500 2422 1638 2484 prius
1676 2418 1771 2467 En-
1804 2428 1861 2468 30

93 2494 163 2541 nii
198 2501 371 2559 poetae
411 2509 575 2560 verSU,
614 2510 710 2559 quo
751 2494 962 2544 dixerat:

243 2583 466 2631 Moribus
508 2583 725 2645 antiquis
763 2599 844 2632 res
885 2586 986 2632 5131
1023 2584 1246 2633 Romana
1284 2584 1514 2643 virisque,

94 2683 270 2733 „quem
302 2670 500 2734 quidem
531 2670 610 2719 ille
643 2686 855 2732 versum,
887 2672 1063 2737 inquit,
1093 2670 1170 2719 vel
1192 2670 1430 2718 brevitate
1461 2668 1535 2717 vel
1569 2669 1771 2717 veritate

212 2783 255 2837 8)
286 2781 401 2838 Rep.
435 2787 474 2838 1,
508 2787 578 2827 25.

215 2902 269 2942 17
302 2899 485 2954 pridem
518 2899 671 2956 01120
701 2900 903 2945 factiove
937 2900 1087 2944 Morel
1116 2913 1164 2954 v;
1195 2898 1396 2942 factione
1428 2910 1515 2941 mss

183 2987 279 3012 nm.
302 2989 355 3013 1111
380 2989 458 3016 c1v.
482 2988 565 3015 121-21.
599 2982 629 3016 Ι.
1482 2976 1507 3013 6
