2020 3122
581 141 647 172 DE
672 139 911 172 mw'rA'rE
936 141 1024 173 DEI
1049 142 1089 173 L.
1114 143 1200 174 vn.
1225 142 1263 175 c.
1287 145 1318 175 4.
1697 133 1766 185 27
1774 134 1805 185 9

798 289 992 344 CAPUT
1033 293 1125 345 IV.

126 402 308 451 Melius
346 404 516 449 actum
555 413 668 448 cum
709 400 806 447 diis
846 398 1198 461 inferioribuS,
1246 405 1335 461 qui
1371 406 1521 452 nullis
1561 403 1804 465 infamen-

125 482 209 525 tur
246 475 546 536 opprobriiS,
586 486 737 533 quam
777 487 890 521 cum
928 476 1146 534 selecti&
1180 489 1392 534 quorum
1433 482 1605 526 tantae
1645 482 1803 540 turpi-

672 547 871 595 tudines
909 548 1246 596 celebrentur.

266 649 608 698 Gratularetur
641 655 804 697 autem
845 649 938 698 diis
976 651 1085 698 istis
1126 649 1324 699 selectis
1366 653 1623 715 quisquam
1664 653 1800 702 nobi·
1836 663 1860 702 5

120 724 267 774 litatis
319 730 368 773 et
415 722 720 772 claritudinis
769 722 1013 788 adpetitor
1060 730 1109 772 et
1158 739 1243 772 eos
1284 724 1471 773 diceret
1510 725 1803 792 fortunatos,

120 800 162 848 si
198 812 297 846 non
345 812 428 846 eos
476 798 629 860 magis
676 796 735 845 ad
781 798 987 846 iniurias
1036 812 1181 861 quam
1227 797 1285 846 ad
1335 797 1549 846 bonores
1590 799 1800 848 selectos

118 871 319 920 videret.
396 870 514 919 Nam
547 870 679 918 illam
711 871 926 919 infimam
967 871 1161 920 turbam
1200 873 1305 936 ipsa
1345 871 1622 936 ignobilitas
1662 874 1797 936 texit,

116 960 177 994 ne
216 944 514 994 obrueretur
553 943 845 1008 opprobriis.
923 944 1159 994 Ridemus
1199 945 1413 1011 quidem,
1453 961 1566 994 cum
1607 961 1691 994 eos
1732 949 1799 994 vi-

117 1018 288 1068 demus
335 1019 581 1083 tigmentis
627 1017 952 1067 humanarum
1000 1021 1287 1084 opinionum
1334 1021 1528 1083 partitis
1576 1021 1706 1068 inter
1746 1035 1798 1068 se
1835 1030 1887 1069 10

116 1092 347 1157 operibus
395 1091 708 1157 distributOS,
763 1098 1009 1156 tamquam
1057 1093 1438 1142 minuscularios
1493 1093 1801 1158 vectigalium

117 1165 442 1215 conductores
483 1165 558 1214 vel
596 1172 843 1230 tamquam
885 1166 1085 1231 opifices
1125 1168 1175 1214 in
1219 1168 1322 1215 vico
1363 1169 1670 1233 argenta1·i0‚
1718 1166 1803 1216 ubi

114 1255 268 1289 unum
306 1239 579 1305 vasculum,
619 1246 675 1289 ut
712 1241 989 1304 perfectum
1030 1247 1194 1306 exeat,
1233 1255 1324 1305 per
1365 1240 1544 1289 multos
1586 1241 1803 1289 artifices

115 1316 310 1380 transit,
358 1328 471 1362 cum
518 1313 577 1361 ab
625 1329 723 1362 uno
771 1314 992 1378 perfecto
1040 1315 1211 1378 perfici
1257 1321 1438 1378 posset.
1518 1314 1614 1363 Sed
1660 1314 1802 1363 aliter

117 1403 215 1438 non
274 1394 500 1452 putatum
559 1394 634 1436 est
695 1390 1003 1452 operantium
1068 1387 1373 1437 multitudini
1427 1387 1799 1454 consulendum,
1836 1398 1889 1437 15

118 1463 212 1511 nisi
254 1468 306 1510 ut
353 1461 569 1525 singulas
617 1463 736 1510 artis
783 1468 949 1526 partes
1000 1463 1096 1510 cito
1138 1477 1192 1510 ac
1232 1461 1373 1510 facile
1413 1461 1662 1510 discerent
1702 1464 1798 1510 sin-

115 1535 239 1601 guli,
286 1550 348 1583 ne
397 1549 568 1583 omnes
614 1537 666 1583 in
707 1541 811 1584 arte
852 1551 948 1584 una
989 1536 1127 1585 tarde
1169 1551 1223 1584 ac
1264 1535 1460 1584 difficile
1503 1542 1801 1599 cogerentur

116 1624 223 1658 esse
262 1609 484 1673 perfecti.
561 1607 742 1658 Verum
776 1616 940 1658 tamen
979 1611 1057 1658 vix
1098 1611 1358 1673 quisquam
1398 1611 1647 1673 reperitur
1686 1609 1799 1657 deo-

116 1698 226 1732 rum
266 1698 364 1731 non
398 1681 710 1749 selectorum,
750 1685 835 1747 qui
874 1683 1036 1748 aliquo
1078 1685 1282 1732 crimine
1324 1683 1500 1730 famam
1539 1684 1688 1731 traxit
1727 1684 1798 1730 in-

116 1757 316 1822 famem3
370 1758 448 1805 vix
503 1762 666 1805 autem
722 1757 1019 1806 selectorum
1068 1758 1331 1821 quispiam,
1388 1758 1472 1820 qui
1520 1771 1619 1804 non
1658 1757 1709 1803 in
1748 1771 1800 1804 se
1835 1766 1892 1805 20

120 1837 284 1879 notam
339 1830 664 1879 contumeliae
728 1832 934 1895 insignis
997 1832 1257 1895 acceperit.
1334 1829 1409 1877 Illi
1471 1829 1529 1877 ad
1592 1831 1801 1878 istorum

121 1903 322 1955 humilia
371 1918 520 1968 opera
559 1903 948 1968 descenderunt,
994 1905 1076 1952 isti
1114 1906 1163 1952 in
1204 1903 1401 1952 illorum
1442 1902 1668 1951 sublimia
1708 1904 1801 1950 cri-

118 1979 249 2026 mina
302 1992 401 2025 non
451 1983 710 2026 venerunt.
795 1976 863 2025 De
915 1977 1030 2026 lano
1086 1977 1283 2041 quidem
1338 1991 1438 2024 non
1491 1975 1612 2024 mihi
1662 1975 1802 2024 facile

121 2052 383 2115 quicquam
424 2052 664 2115 occurrit,
712 2050 841 2114 quod
891 2050 950 2099 ad
989 2050 1227 2115 probrum
1267 2052 1526 2115 pertineat.
1602 2049 1664 2098 Et
1705 2050 1800 2098 for-

119 2130 247 2173 tasse
289 2124 400 2173 talis
440 2125 616 2190 fuerit,
654 2125 969 2173 innocentius
1009 2126 1185 2173 vixerit
1225 2131 1273 2173 et
1312 2139 1338 2172 a
1379 2123 1679 2172 facinoribus
1718 2123 1800 2170 ssa·
1835 2134 1890 2173 25

121 2199 348 2262 gitiisque
381 2199 635 2247 remotius,
706 2197 974 2246 Saturnum
1007 2198 1277 2262 fugientem
1310 2197 1553 2261 benignus
1586 2198 1799 2261 excepit,

119 2286 230 2320 cum
268 2271 461 2336 hospite
510 2273 721 2335 partitus
769 2278 846 2320 est
883 2287 1114 2338 regnum,
1163 2278 1217 2320 ut
1257 2273 1403 2320 etiam
1442 2272 1662 2319 civitates
1702 2271 1799 2318 sin-

121 2343 257 2408 gulas
297 2345 582 2410 conderent,
620 2346 714 2393 iste
755 2344 1048 2410 Ianiculum,
1087 2345 1167 2394 ille
1210 2345 1502 2394 Saturniam.
1583 2343 1677 2392 Sed
1718 2344 1799 2390 isti

117 2419 167 2466 in
206 2417 342 2467 cultu
382 2418 589 2467 deorum
622 2420 780 2466 omnis
820 2418 1077 2468 dedecoris
1118 2419 1432 2483 adpetitoreS,
1472 2419 1613 2467 cuius
1653 2419 1799 2464 vitam

117 2493 278 2540 minus
309 2498 504 2556 turpem
536 2494 846 2558 invenerunt,
886 2508 998 2541 eum
1033 2492 1281 2542 simulacri
1321 2498 1597 2540 monstrosa
1636 2489 1797 2537 defor-
1830 2499 1888 2537 30

119 2566 283 2614 mitate
315 2571 595 2631 turparunt,
634 2581 767 2614 nunc
800 2581 913 2615 eum
945 2566 1227 2632 bifrontem,
1261 2581 1391 2614 nunc
1425 2565 1569 2612 etiam
1603 2561 1797 2625 quadri-

120 2637 351 2704 frontem,
399 2647 646 2703 tamquam
693 2641 967 2705 geminum,
1023 2641 1272 2688 facientes.
1350 2638 1423 2686 An
1470 2637 1596 2684 forte
1636 2633 1799 2682 volue-

123 2718 260 2778 runt,
299 2719 376 2778 ut,
423 2714 654 2776 quoniam
692 2712 894 2777 plurimi
933 2713 1000 2761 dii
1041 2713 1211 2762 selecti
1251 2708 1587 2760 erubescenda
1625 2722 1799 2772 perpe-

237 2872 262 2911 8
292 2867 527 2912 infirmam
556 2869 658 2912 KF
686 2869 700 2926 13
733 2874 790 2912 24
822 2868 1121 2925 opprobrium
1153 2867 1251 2911 AF
