2038 3152
605 151 671 182 DE
695 149 935 183 mvrrATE
960 151 1049 183 nm
1073 152 1115 184 L.
1139 153 1168 184 1.
1193 152 1230 186 c.
1255 154 1307 186 2²8.
1723 143 1794 194 45

111 267 162 314 in
193 264 438 328 paucitate
472 261 679 326 amplius
705 263 1006 311 eminerent:
1046 277 1137 311 nec
1162 265 1302 330 istae,
1340 280 1462 328 quae
1504 266 1625 314 tales
1665 275 1794 332 sunt,

113 339 156 388 si
194 352 366 386 earum
405 351 602 400 quoque
629 335 816 399 aliquas
855 333 1110 384 barbarica
1148 337 1298 386 libido
1339 341 1646 405 compressit,
1685 355 1793 403 per-

112 413 320 460 missum
357 410 451 458 hoc
499 424 606 458 esse
648 415 936 474 causentur,
982 424 1072 458 nec
1120 410 1229 458 ideo
1269 410 1424 460 Deum
1465 413 1667 461 credant
1704 415 1796 461 ista

113 484 399 550 neglegere,
450 485 563 547 quia
615 484 859 547 permittit
912 482 1042 547 quod
1098 499 1240 532 nemo
1293 486 1475 549 inpune
1523 488 1796 536 committit.

114 557 363 616 Quaedam
395 559 527 606 enim
557 556 710 605 veluti
739 556 959 621 pondera
991 556 1228 606 malarum
1268 559 1590 623 cupiditatum
1623 567 1670 609 et
1709 575 1797 624 per
1829 573 1853 612 5

113 631 363 681 occultum
408 645 643 695 praesens
692 630 910 679 divinum
958 630 1193 679 iudicium
1238 631 1518 682 relaxantur
1558 640 1606 682 et
1645 636 1795 682 mani·

113 707 239 755 festo
293 704 466 754 ultimo
522 709 854 753 reservantur.
941 703 1184 753 Fortassis
1247 711 1410 754 autem
1468 708 1615 772 istae,
1673 722 1795 771 quae

112 779 238 828 bene
273 778 366 827 sibi
397 785 513 828 sunt
539 779 762 827 consciae
803 792 903 826 non
942 792 994 826 se
1036 793 1096 827 ex
1135 780 1228 827 isto
1270 781 1505 829 castitatis
1545 779 1672 828 bono
1713 796 1798 829 cor

116 853 340 903 inflatum
388 851 646 917 extulisse,
693 858 741 900 et
788 858 951 900 tamen
999 853 1096 901 vim
1140 851 1371 901 hostilem
1410 854 1460 901 in
1502 868 1647 902 carne
1687 869 1796 918 per·

113 941 285 993 pessae
341 932 478 991 sunt,
531 925 777 974 habebant
831 924 1014 990 aliquid
1064 925 1260 974 latentis
1299 926 1622 992 infirmitatiS,
1673 943 1795 991 quae
1832 940 1884 978 10

112 1006 283 1066 posset
320 1001 371 1048 in
412 998 670 1064 superbiae
711 999 906 1065 fastum,
947 1000 987 1047 si
1026 999 1150 1048 hanc
1190 999 1515 1049 humilitatem
1555 1002 1604 1049 in
1643 1007 1796 1050 vasta·

114 1076 248 1124 tione
299 1073 379 1122 illa
430 1075 725 1131 evasissent,
778 1072 958 1121 extolli.
1036 1072 1175 1122 Sicut
1225 1089 1342 1138 ergo
1394 1074 1591 1138 quidam
1638 1082 1796 1124 morte

114 1149 242 1212 rapti
274 1153 406 1212 sunt,
444 1162 505 1195 ne
538 1146 720 1195 malitia
744 1153 958 1196 mutaret
982 1146 1286 1196 intellectum
1325 1162 1512 1213 eorum,
1552 1150 1615 1196 ita
1657 1148 1795 1212 quid-

113 1221 225 1270 dam
264 1219 323 1268 ab
362 1221 471 1269 istis
502 1221 550 1269 vi
580 1226 778 1284 raptum
816 1226 908 1286 est,
946 1235 1007 1268 ne
1038 1222 1340 1285 prosperitas
1380 1227 1594 1270 mutaret
1632 1222 1795 1271 mode-

112 1296 258 1344 stiam
296 1309 480 1343 earum.
556 1292 790 1358 Utrisque
830 1295 1002 1359 igitur,
1050 1308 1174 1358 quae
1223 1294 1282 1343 de
1322 1310 1468 1343 carne
1510 1310 1618 1361 sua,
1667 1295 1799 1359 quod
1833 1308 1885 1346 15

114 1374 312 1433 turpem
351 1366 534 1417 nullius
573 1374 704 1416 esset
753 1382 989 1432 perpessa
1028 1372 1330 1432 contactum,
1377 1368 1452 1416 vel
1492 1370 1588 1416 iam
1626 1384 1796 1434 super-

114 1441 315 1491 biebant
338 1441 415 1490 vel
446 1439 721 1507 superbire,
760 1442 803 1489 si
842 1456 932 1489 nec
972 1440 1190 1490 hostium
1228 1441 1457 1490 violentia
1496 1449 1797 1492 contrectata

115 1522 262 1582 esset,
301 1515 507 1565 forsitan
537 1521 781 1580 poterant,
821 1530 919 1563 non
952 1513 1109 1563 ablata
1148 1522 1224 1563 est
1263 1517 1476 1580 castitaS,
1516 1515 1602 1564 sed
1640 1516 1796 1565 humi-

113 1588 223 1639 litas
274 1604 531 1655 persuasa3
579 1588 774 1638 illarum
820 1589 1004 1638 tumori
1052 1603 1346 1637 succursum
1394 1595 1469 1638 est
1514 1591 1798 1655 inmanenti,

112 1664 321 1713 istarum
359 1677 623 1712 occursum
663 1669 738 1711 est
776 1663 1050 1712 inminenti.
1830 1675 1884 1714 20

263 1737 567 1801 Quamquam
615 1742 664 1786 et
702 1735 822 1786 illud
861 1751 962 1785 non
1001 1737 1065 1785 sit
1095 1736 1387 1802 tacendum,
1426 1737 1557 1801 quod
1597 1736 1798 1801 quibus-

117 1809 249 1877 dam,
290 1825 412 1875 quae
453 1812 548 1859 ista
585 1825 849 1875 perpessae
891 1816 1028 1876 sunt,
1073 1811 1236 1874 potuit
1272 1810 1428 1859 videri
1467 1812 1795 1860 continentiae

115 1883 300 1933 bonum
323 1886 374 1933 in
406 1883 549 1933 bonis
583 1883 923 1949 corporalibus
962 1883 1298 1948 deputandum
1338 1891 1386 1933 et
1424 1890 1543 1933 tunc
1583 1899 1796 1949 manere,

116 1959 158 2006 si
203 1957 387 2007 nullius
433 1957 633 2007 libidine
686 1973 867 2023 corpus
916 1956 1297 2023 adtrectaretur3
1346 1972 1445 2005 non
1485 1964 1647 2006 autem
1687 1973 1795 2006 esse

116 2033 335 2097 positum
373 2033 424 2080 in
465 2031 568 2080 solo
609 2031 774 2081 adiuto
815 2031 1050 2080 divinitus
1088 2029 1266 2079 robore
1307 2030 1594 2097 voluntatis,
1641 2039 1695 2080 ut
1735 2032 1798 2080 sit
1829 2042 1884 2081 25

116 2111 340 2154 sanctum
373 2111 422 2155 et
454 2120 635 2170 corpus
669 2112 717 2154 et
748 2106 973 2170 spiritus3
1012 2119 1103 2153 nec
1142 2104 1237 2153 tale
1278 2103 1464 2154 bonum
1504 2120 1627 2171 esse,
1666 2104 1796 2169 quod

116 2180 269 2227 invito
303 2180 463 2228 animo
496 2194 597 2229 non
626 2181 783 2244 possit
815 2179 1022 2243 auferri,
1062 2180 1147 2242 qui
1173 2193 1313 2227 error
1347 2179 1418 2227 eis
1451 2179 1657 2227 sortasse
1683 2177 1795 2227 sub-

116 2251 243 2301 latus
284 2258 373 2301 est.
451 2251 574 2302 Cum
621 2254 753 2301 enim
792 2254 1029 2318 cogitant,
1081 2267 1177 2316 qua
1217 2253 1517 2301 conscientia
1555 2251 1654 2301 Deo
1695 2267 1795 2300 ser-

115 2327 320 2392 vierint,
360 2332 409 2375 et
448 2326 542 2375 fide
582 2327 875 2376 inconcussa
914 2341 1013 2375 non
1053 2325 1112 2374 de
1153 2325 1234 2374 illo
1274 2327 1514 2391 sentiunt,
1562 2325 1692 2389 quod
1730 2327 1796 2373 ita

117 2397 212 2448 sibi
251 2401 523 2449 servientes
562 2415 775 2464 eumque
814 2402 883 2449 ita
921 2401 1203 2448 invocantes
1243 2399 1473 2448 deserere
1513 2398 1612 2448 ullo
1651 2398 1794 2447 modo
1827 2409 1881 2447 30

116 2475 359 2539 potuerit,
411 2479 746 2538 quantumque
802 2473 872 2522 illi
926 2475 1124 2523 castitas
1177 2472 1365 2537 placeat
1419 2472 1642 2522 dubitare
1696 2486 1794 2519 non

116 2553 346 2613 possunt,
392 2547 561 2596 vident
607 2562 714 2596 esse
764 2562 1074 2612 consequens
1120 2561 1428 2611 nequaquam
1467 2544 1604 2594 illum
1642 2545 1792 2593 fuisse

235 2705 307 2759 13)
341 2703 448 2759 Sap.
479 2707 522 2758 4,
555 2707 621 2747 11.

236 2884 291 2923 16
322 2882 477 2924 essent
506 2894 752 2937 perpessae
784 2879 975 2924 A2K2F
992 2883 1008 2935 ss
1032 2885 1088 2924 30
1120 2879 1246 2923 nullo
1281 2870 1338 2923 θ’
