2020 3122
217 126 323 178 346
887 134 921 167 s.
946 133 1222 168 AUGUSTINI

215 265 338 315 quae
386 248 592 297 inferior
637 253 714 295 est
761 243 958 295 animo?
1034 245 1189 295 Porro
1230 247 1271 295 si
1309 248 1439 295 inter
1478 245 1580 311 illa,
1621 259 1744 310 quae
1786 246 1897 295 dae-

214 337 417 372 monum
455 336 563 370 esse
604 320 738 386 dicit,
777 319 1121 369 adnumeraret
1160 322 1408 385 virtutem,
1448 320 1751 386 sapientiam,
1791 319 1895 369 feli·

215 399 413 446 citatem
445 402 494 444 et
516 394 636 443 haec
669 409 755 443 eos
787 393 975 443 (liceret
1007 393 1187 442 habere
1229 408 1342 442 cum
1381 393 1473 442 diis
1513 398 1712 442 aeterna
1750 399 1896 458 atque

216 470 514 534 communia,
553 467 776 533 profecto
816 467 999 531 aliquid
1039 467 1228 516 diceret
1267 466 1597 531 exoptandum
1635 468 1896 531 magnique

156 542 181 592 5
213 543 550 609 pendendum3
605 557 696 591 nec
753 543 822 590 sic
880 556 963 590 eos
1019 547 1181 589 tamen
1228 545 1433 604 propter
1479 539 1599 588 haec
1650 546 1899 604 tamquam

214 617 371 667 Deum
418 616 579 665 colere
632 615 950 679 deberemus,
999 614 1085 663 sed
1130 615 1296 678 potius
1342 615 1533 678 ipsum,
1574 628 1601 661 a
1640 628 1737 677 quo
1777 613 1899 663 haec

213 692 322 741 illos
362 692 609 755 accepisse
643 703 915 738 nossemus.
993 687 1185 745 Quanto
1227 688 1389 736 minus
1427 702 1559 736 nunc
1598 687 1785 736 honore
1826 687 1896 736 di·

213 767 326 814 vino
359 766 489 814 aeria
514 764 658 828 digna
683 769 797 812 sunt
829 760 1066 826 animalia,
1106 760 1166 809 ad
1205 760 1298 809 hoc
1330 760 1584 810 rationalia
1623 767 1678 809 ut
1717 762 1896 810 misera
1949 808 1962 812 -

216 854 323 889 esse
348 839 554 903 possint,
594 837 652 885 ad
684 836 776 884 hoc
807 836 998 900 passiva
1021 841 1077 883 ut
1101 836 1281 883 misera
1313 835 1426 898 sint,
1465 834 1524 883 ad
1563 834 1656 883 hoc
1697 841 1895 884 aeterna

131 923 184 962 10
216 920 272 962 ut
311 913 557 961 miseriam
597 925 736 959 suam
775 910 915 958 finire
957 923 1055 956 non
1095 905 1306 972 possint!

852 1094 1049 1148 CAPUT
1084 1095 1255 1148 XVII.

245 1206 322 1254 An
364 1206 569 1266 diqnum
607 1205 673 1252 sit
711 1217 794 1252 eos
832 1205 1042 1264 spiritus
1083 1204 1145 1251 ab
1186 1204 1384 1253 homine
1424 1206 1543 1263 coli,
1585 1219 1616 1252 a
1657 1218 1870 1264 quorum

628 1279 762 1325 vitiis
801 1279 953 1325 etiam
992 1282 1223 1339 oporteat
1260 1278 1486 1326 liberari.

365 1381 690 1446 Quapropter,
732 1387 785 1429 ut
826 1380 1046 1428 omittam
1088 1386 1251 1428 cetera
1293 1387 1341 1428 et
1378 1379 1473 1428 hoc
1513 1379 1670 1429 solum
1709 1386 1899 1445 pertra-

135 1466 188 1506 15
221 1463 371 1521 ctem,
427 1455 557 1518 quod
606 1453 864 1503 nobiscum
913 1453 1174 1501 daemones
1223 1452 1344 1502 dixit
1389 1452 1569 1502 habere
1624 1468 1900 1520 commune,

217 1530 266 1578 id
307 1535 382 1578 est
432 1529 579 1577 animi
629 1529 908 1592 passiones,
960 1528 1002 1575 si
1042 1528 1203 1575 omnia
1244 1533 1476 1590 quattuor
1515 1527 1756 1577 elementa
1797 1529 1899 1577 suis

218 1601 506 1652 animalibus
546 1601 689 1666 plena
730 1608 866 1666 sunt,
906 1599 1250 1649 inmortalibus
1290 1602 1417 1665 ignis
1458 1607 1507 1650 et
1546 1616 1644 1666 aer,
1684 1600 1898 1650 mortali-

216 1676 310 1726 bus
342 1691 466 1740 aqua
500 1683 547 1725 et
578 1682 726 1742 terra,
768 1689 949 1740 quaero
977 1689 1066 1723 cur
1098 1675 1246 1723 animi
1286 1674 1579 1724 daemonum
1618 1677 1900 1739 passionum

217 1749 423 1799 turbelis
456 1756 504 1798 et
535 1748 911 1814 tempestatibus
948 1749 1209 1812 agitentur.
1286 1747 1599 1798 Perturbatio
1640 1754 1716 1798 est
1756 1750 1901 1812 enim,
1956 1787 1970 1794 -

129 1834 186 1874 20
219 1839 342 1888 quae
376 1823 560 1872 Graece
592 1819 758 1883 πάθος
798 1823 1000 1888 dicitur,
1041 1821 1172 1870 unde
1211 1821 1292 1870 illa
1330 1822 1484 1871 voluit
1522 1836 1696 1871 vocare
1738 1823 1899 1871 animo

217 1899 430 1963 passiva,
485 1899 599 1961 quia
649 1896 854 1946 verbum
910 1896 968 1945 de
1026 1895 1175 1944 verbo
1222 1889 1390 1955 πάθος
1438 1898 1601 1961 passio
1651 1895 1902 1945 diceretur

218 1977 380 2020 motus
406 1972 554 2019 animi
586 1977 757 2020 contra
796 1972 1051 2020 rationem.
1129 1968 1229 2018 Cur
1269 1985 1386 2034 ergo
1428 1976 1544 2019 sunt
1579 1971 1672 2019 ista
1711 1971 1762 2018 in
1802 1971 1901 2019 ani-

218 2045 310 2092 mis
343 2043 650 2109 daemonum,
691 2060 815 2109 quae
854 2046 904 2093 in
943 2042 1209 2108 pecoribus
1248 2059 1348 2092 non
1388 2040 1538 2093 sunt‘?
1579 2043 1820 2101 Quoniam
1860 2045 1902 2092 si

221 2116 337 2181 quid
376 2119 427 2166 in
466 2133 644 2181 pecore
686 2118 843 2167 simile
884 2123 1108 2183 apparet,
1155 2132 1255 2165 non
1295 2124 1371 2166 est
1409 2116 1739 2183 perturbatiO,
1788 2119 1901 2182 quia

131 2200 187 2241 25
219 2206 318 2239 non
359 2197 433 2239 est
473 2198 644 2239 contra
683 2193 945 2257 rationem,
987 2206 1082 2255 qua
1120 2206 1300 2255 pecora
1340 2198 1522 2241 carent.
1599 2190 1655 2239 In
1693 2190 1900 2240 homini-

217 2263 310 2314 bus
350 2270 514 2314 autem
553 2271 609 2313 ut
648 2266 745 2314 sint
785 2266 903 2315 istae
945 2263 1367 2331 perturbationes,
1407 2265 1524 2314 facit
1561 2264 1655 2314 hoc
1696 2263 1901 2314 stultitia

218 2338 295 2387 vel
342 2339 559 2403 miseria3
610 2338 828 2387 nondum
876 2340 1006 2387 enim
1055 2353 1224 2387 sumus
1272 2340 1323 2387 in
1363 2338 1443 2387 illa
1481 2339 1786 2404 perfectione
1827 2353 1899 2387 sa·

216 2413 428 2476 pientiae
469 2411 621 2476 beati,
675 2427 798 2476 quae
846 2411 988 2460 uobis
1029 2411 1087 2459 ab
1127 2411 1217 2460 hac
1258 2412 1551 2462 mortalitate
1591 2411 1810 2461 liberatis
1849 2414 1900 2460 in

218 2486 313 2534 fine
359 2484 679 2550 promittitur.
766 2485 892 2534 Deos
939 2500 1055 2533 vero
1103 2485 1213 2534 ideo
1262 2485 1431 2535 dicunt
1476 2488 1597 2536 istas
1642 2484 1899 2550 perturba·
1955 2537 1958 2539 ,

133 2569 190 2608 30
222 2560 381 2608 tiones
421 2574 519 2608 non
557 2561 772 2625 perpeti,
813 2560 926 2623 quia
965 2574 1063 2607 non
1104 2558 1263 2607 solum
1303 2561 1506 2625 aeterni,
1544 2574 1716 2608 verum
1756 2560 1901 2608 etiam

218 2632 349 2682 beati
380 2639 509 2682 sunt.
585 2632 795 2682 Easdem
834 2634 1015 2697 quippe
1056 2633 1241 2680 animas
1282 2633 1541 2682 rationales
1582 2635 1729 2682 etiam
1766 2634 1900 2697 ipsos

217 2705 399 2755 habere
446 2706 730 2772 perhibent,
779 2706 865 2755 sed
905 2705 963 2754 ab
1005 2707 1138 2754 omni
1176 2704 1283 2755 labe
1325 2722 1378 2755 ac
1418 2713 1557 2771 peste
1597 2707 1899 2771 purissimas

220 2779 377 2837 Quam
431 2779 493 2828 ob
540 2795 647 2830 rem
701 2782 743 2829 si
780 2786 1043 2845 propterea
1092 2778 1159 2827 dii
1198 2795 1296 2828 non
1335 2779 1714 2845 perturbantur,
1769 2778 1900 2843 quod

219 2850 443 2902 animalia
474 2860 589 2903 sunt
628 2854 782 2920 beata,
822 2868 920 2902 non
962 2854 1154 2918 misera,
1195 2860 1243 2902 et
1282 2860 1544 2919 propterea
1582 2868 1762 2918 pecora
1801 2866 1900 2901 non
