2038 3152
201 169 272 221 22
874 180 912 214 S·
937 181 1213 217 AUGUS'HNI

201 293 399 344 obesset
430 296 624 346 suturae
651 298 791 362 vitae,
831 295 1068 360 quidquid
1100 294 1286 344 inimici
1325 292 1384 341 de
1425 292 1716 357 corporibus
1757 295 1882 342 occi-

202 383 371 417 sorum
395 371 555 420 facere
582 370 866 419 voluissent.
942 369 1046 418 Nisi
1079 369 1205 417 forte
1247 367 1490 431 quispiam
1530 368 1600 415 sic
1640 365 1884 416 absurdus

203 449 297 507 est,
345 450 400 493 ut
451 444 712 494 contendat
761 459 869 510 θος,
917 445 1001 508 qui
1041 457 1220 506 corpus
1261 439 1516 505 occidunt,
1563 455 1663 489 non
1702 439 1884 490 debere

201 517 378 581 timeri,
427 525 537 567 ante
601 524 834 584 mortem,
906 532 966 566 ne
1043 530 1224 580 corpus
1288 513 1543 579 occidant,
1613 520 1662 563 et
1720 516 1885 564 timeri

142 596 168 636 5
202 588 383 640 debere
423 599 535 656 post
574 598 811 657 mortem,
858 607 918 640 nc
967 605 1147 654 corpus
1187 589 1406 638 occisum
1446 588 1645 653 sepeliri
1683 604 1780 637 non
1821 590 1884 638 si·

201 672 332 715 nant.
408 665 603 715 Falsum
651 672 727 715 est
773 681 889 730 ergo
939 664 1068 729 quod
1116 665 1183 712 ait
1230 661 1477 712 Christus:
1548 664 1647 722 Qui
1699 677 1884 725 corpus

201 741 465 799 occidunt,
513 747 562 789 et
594 746 771 802 postea
809 754 908 790 non
947 740 1134 788 habent
1170 739 1306 798 quod
1337 735 1563 798 faciant,
1616 738 1658 786 si
1702 735 1885 786 habent

202 816 357 879 tanta,
405 829 528 878 quae
576 814 636 862 de
684 812 1000 862 cadaveribus
1048 813 1240 860 faciant.
1317 809 1470 876 Absit,
1509 818 1565 860 ut
1603 810 1781 860 falsum
1821 812 1885 860 sit

201 887 331 948 quod
380 889 559 936 veritas
605 887 740 936 dixit.
816 886 1012 935 Dictum
1063 892 1138 934 est
1184 886 1315 934 enim
1363 883 1545 948 aliquid
1594 900 1677 933 eos
1722 885 1884 934 facere

115 966 171 1006 10
204 977 317 1010 cum
379 961 631 1026 occidunt,
693 963 807 1025 quia
867 962 919 1009 in
974 975 1179 1025 corpore
1236 973 1412 1008 sensus
1467 964 1542 1007 est
1595 958 1886 1025 occidendo;

199 1041 370 1100 postea
419 1051 533 1084 vero
582 1034 703 1084 nihil
754 1033 934 1083 habere
988 1033 1118 1097 quod
1166 1034 1369 1098 faciant,
1418 1034 1532 1097 quia
1570 1032 1734 1082 nullus
1775 1047 1884 1081 scn-

200 1124 283 1157 sus
320 1115 395 1158 est
429 1110 480 1157 ih
517 1124 724 1173 corpore
761 1110 939 1158 occiso.
1001 1107 1151 1157 Multa
1193 1109 1358 1172 itaque
1403 1121 1612 1171 corpora
1651 1105 1884 1156 Christia-

200 1197 378 1231 norum
422 1189 555 1232 terra
610 1197 707 1231 non
753 1184 896 1247 texit,
943 1182 1028 1231 sed
1076 1181 1264 1230 nullum
1313 1195 1484 1229 eorum
1539 1182 1800 1245 quisquam
1854 1195 1880 1229 a

202 1255 335 1305 caelo
376 1262 425 1305 et
456 1263 589 1305 terra
614 1258 870 1322 separavit,
911 1271 1056 1319 quam
1083 1262 1234 1304 totam
1273 1254 1443 1318 implet
1474 1256 1751 1318 praesentia
1793 1256 1885 1320 sui,

114 1334 167 1374 15
202 1331 287 1394 qui
326 1331 460 1378 novit
506 1330 636 1378 unde
684 1332 949 1378 resuscitet
1000 1329 1132 1393 quod
1181 1331 1378 1377 creavit.
1454 1327 1645 1377 Dicitur
1685 1327 1883 1392 quidem

198 1405 249 1452 iu
297 1402 505 1467 psalmo:
562 1404 849 1452 Posuerzmt
885 1406 1121 1452 mortalia
1167 1417 1427 1452 servorum
1468 1408 1668 1451 luorum
1716 1417 1883 1452 escam

197 1479 479 1526 volatilibus
512 1480 656 1537 caeli,
688 1492 879 1526 carnes
903 1473 1194 1526 sanc-lorum
1227 1483 1427 1525 tuorum
1466 1477 1635 1525 bestiis
1675 1482 1881 1534 terrae,-

198 1551 491 1611 effuderunt
541 1553 838 1612 sanquinem
899 1565 1073 1600 eorum
1125 1553 1258 1599 sicut
1310 1565 1494 1610 aquam
1551 1553 1601 1598 in
1657 1553 1879 1599 circuitu

198 1625 530 1684 Hierusalem,
571 1630 619 1673 et
642 1639 739 1674 non
765 1630 878 1673 erat
909 1627 999 1685 qui
1034 1623 1282 1686 sepeliret,
1323 1622 1407 1672 sed
1449 1625 1602 1687 magis
1641 1624 1700 1672 ad
1741 1639 1881 1688 exag-

110 1705 168 1745 20
200 1698 463 1762 gei-andam
503 1697 843 1746 crudelitatem
890 1713 1084 1764 eorum,
1133 1700 1217 1762 qui
1256 1700 1349 1746 ista
1388 1697 1635 1763 fecerunt,
1683 1713 1782 1746 nou
1823 1697 1881 1746 ad

200 1787 374 1820 eorum
398 1771 749 1838 infelicitatem,
789 1773 873 1835 qui
898 1774 988 1820 ista
1023 1774 1246 1836 perpessi
1272 1777 1400 1820 sunt.
1479 1770 1709 1828 Quamvis
1751 1773 1883 1821 enim

199 1845 318 1893 haec
367 1847 416 1894 in
465 1852 733 1910 conspectu
780 1845 1034 1894 hominum
1074 1846 1196 1894 dura
1236 1852 1284 1894 et
1323 1845 1428 1894 dira
1467 1845 1747 1910 videantur,
1795 1845 1882 1894 sed

191 1922 420 1981 pretiosa
492 1922 542 1967 in
615 1926 883 1981 conspectu
945 1920 1148 1968 Domine·
1206 1934 1340 1968 mors
1407 1925 1698 1967 sanctorum
1760 1920 1881 1968 eius.

199 1991 409 2040 Proinde
450 1994 540 2041 ista
574 1994 750 2057 omnia,
789 1992 837 2040 id
878 2000 953 2041 est
992 1994 1180 2042 curatio
1221 1993 1425 2057 suneriS‚
1465 1991 1680 2040 conditio
1720 1991 1881 2056 sepul-

112 2075 167 2115 25
201 2072 365 2131 turae,
418 2081 596 2130 pompa
645 2068 989 2132 exequiarum,
1045 2068 1197 2131 magis
1257 2073 1373 2115 sunt
1433 2067 1653 2114 vivorum
1704 2065 1882 2115 solacia

201 2155 346 2203 quam
397 2139 614 2188 subsidia
661 2146 983 2189 mortuorum.
1063 2139 1115 2188 Si
1154 2139 1334 2205 aliquid
1373 2139 1575 2204 prodest
1613 2141 1764 2203 impio
1805 2155 1879 2188 se·

198 2213 397 2278 pultura
449 2214 692 2278 pretiosa,
748 2213 907 2262 oberit
953 2215 1034 2278 pio
1083 2214 1190 2262 vilis
1238 2221 1321 2262 aut
1372 2212 1518 2262 nulla.
1595 2212 1878 2262 Praeclaras

201 2288 431 2352 exequias
485 2288 536 2335 in
590 2294 859 2351 conspectu
913 2287 1166 2336 hominum
1214 2287 1435 2336 exhibuit
1488 2292 1760 2351 purpurato
1812 2286 1883 2336 illi

202 2359 339 2409 diviti
378 2359 522 2409 turba
563 2359 879 2427 famulorum,
928 2360 1013 2409 sed
1055 2361 1207 2410 multo
1248 2360 1481 2411 clariores
1522 2362 1570 2409 in
1612 2367 1882 2425 conspectu

110 2444 169 2484 30
201 2433 394 2482 Domini
432 2433 658 2482 ulceroso
698 2433 767 2482 illi
804 2436 1009 2499 pauperi
1056 2436 1384 2484 ministerium
1422 2433 1649 2499 praebuit
1689 2433 1881 2498 angelo-

201 2522 334 2574 rum,
382 2509 466 2572 qui
515 2522 627 2556 eum
674 2523 771 2555 non
819 2507 1102 2557 extulerunt
1147 2510 1198 2557 iu
1245 2523 1574 2558 marmoreum
1622 2507 1882 2574 tumulum,

201 2580 286 2629 sed
326 2583 376 2629 in
416 2579 634 2629 Abrahae
675 2582 918 2645 gremium
957 2581 1282 2631 sustulerunt.

319 2695 364 2749 8)
389 2694 556 2747 Lc.12‚
573 2699 641 2737 14.
686 2695 757 2749 19)
777 2694 849 2737 Ps.
870 2698 939 2747 78,
958 2699 983 2736 2
1003 2709 1067 2749 sq.
1119 2698 1192 2748 23)
1211 2695 1281 2738 ps,
1304 2699 1401 2749 115,
1422 2699 1489 2737 15.
1537 2695 1610 2748 32)
1628 2693 1705 2737 Lc.
1724 2698 1791 2747 16,
1810 2697 1882 2736 22.

320 2817 346 2854 6
379 2811 589 2855 Christus
628 2824 710 2855 om.
744 2810 882 2854 ΑΙΚ1
921 2812 936 2866 ΙΙ
977 2816 999 2854 7
1034 2810 1157 2866 quod
1189 2810 1378 2863 A¹KF‚·
1410 2810 1522 2865 quid
1550 2824 1576 2854 v
1601 2813 1615 2866 ΙΙ
1644 2816 1696 2854 16
1728 2823 1884 2854 escam

200 2869 605 2972 fflfmffmfffff}
637 2869 865 2923 (S“b“t·)>'
908 2883 1034 2914 sssffis
1065 2884 1091 2913 ²*
1116 2871 1130 2925 Η
1155 2875 1210 2912 24
1240 2868 1290 2911 id
1322 2871 1393 2912 est
1424 2883 1505 2914 ουτ·
1539 2870 1604 2912 A¹
1629 2871 1722 2925 1128
1757 2868 1882 2913 exhi-
