2020 3122
506 151 573 182 DE
598 150 835 184 CIVITATE
860 153 947 184 DEI
971 154 1012 186 L.
1037 154 1143 187 VIII.
1169 154 1208 187 C.
1232 156 1285 188 17.
1310 157 1362 188 18.
1677 143 1781 196 347

102 261 472 328 perturbantur,
512 262 643 327 quod
675 263 899 312 animalia
931 271 1060 331 sunt,
1101 281 1225 330 quae
1266 282 1356 316 nec
1396 266 1536 317 beata
1575 275 1782 332 possunt

104 351 212 385 esse
260 351 351 385 nec
398 337 599 386 misera:
647 343 800 386 restat
846 343 902 386 ut
940 338 1202 387 daemones
1243 342 1370 389 sicut
1408 341 1632 390 homines
1671 341 1782 390 ideo

100 409 472 476 perturbentur,
512 410 642 474 quod
683 410 906 459 animalia
947 418 1063 460 sunt
1102 427 1201 460 non
1239 412 1396 479 beata,
1435 414 1520 463 sed
1560 416 1753 464 misera.

252 482 443 546 [XVII.]
487 483 593 541 Qua
623 485 775 548 igitur
805 485 1088 548 insipientia
1120 485 1196 533 vel
1234 488 1398 550 potius
1439 490 1652 537 amentia
1690 503 1780 553 per

102 556 313 621 aliquam
343 556 632 621 religionem
666 556 986 606 daemonibus
1027 557 1300 625 subdimur,
1340 575 1452 609 cum
1490 576 1580 625 per
1619 577 1783 610 veram
1816 573 1840 610 f·

99 630 388 695 religionem
435 630 494 679 ab
544 646 599 679 ea
647 632 934 697 vitiositate,
980 633 1032 680 in
1080 646 1176 695 qua
1222 631 1318 681 illis
1365 648 1536 682 sumus
1584 635 1783 699 simileS,

96 701 403 754 liberemur?
465 703 587 753 Cum
635 706 766 753 enim
808 704 1094 770 daemoneS,
1144 705 1275 769 quod
1314 712 1363 754 et
1402 707 1494 755 iste
1535 706 1783 773 ApuleiuS,

98 779 319 842 quamvis
370 779 441 826 eis
479 778 747 842 plurimum
786 785 955 842 parcat
994 784 1044 827 et
1083 778 1259 827 divinis
1297 778 1571 829 honoribus
1610 780 1783 844 dignos

97 858 311 917 censeat,
350 858 513 900 tamen
539 853 733 916 cogitur
758 852 998 917 confiteri,
1037 853 1110 900 ira
1141 854 1456 918 instigentur,
1496 853 1637 902 nobis
1669 869 1783 902 vera

96 924 267 989 religio
306 927 562 991 praecipit,
600 940 663 974 ne
701 927 775 974 ira
813 927 1130 992 instigemur,
1171 926 1256 975 sed
1297 928 1343 975 ei
1380 928 1547 991 potius
1585 928 1782 976 resista-
1819 937 1871 976 10

97 1014 222 1048 muS.
300 998 423 1048 Cum
466 999 729 1048 daemones
769 999 911 1048 donis
951 1001 1236 1064 invitentur,
1277 998 1420 1049 nobis
1458 1015 1573 1049 vera
1610 1000 1783 1064 religio

95 1073 350 1138 praecipit,
391 1088 451 1122 ne
478 1074 708 1137 cuiquam
739 1073 984 1122 donorum
1016 1075 1301 1138 acceptione
1342 1074 1605 1132 faveamus
1661 1073 1783 1123 Cum

95 1145 359 1195 daemones
406 1145 678 1196 honoribus
717 1146 1049 1213 mulceantur,
1099 1146 1241 1195 nobis
1280 1162 1395 1196 vera
1434 1147 1604 1211 religio
1643 1163 1782 1212 prae-

96 1220 236 1286 cipit,
285 1226 341 1269 ut
379 1220 558 1269 talibus
602 1220 740 1270 nullo
787 1220 932 1269 modo
980 1235 1278 1269 moveamur.
1357 1219 1481 1269 Cum
1519 1221 1782 1270 daemones

97 1293 406 1357 quorundam
454 1294 710 1343 hominum
758 1309 960 1360 osoreS,
1016 1294 1325 1358 quorundam
1374 1301 1616 1343 amatores
1669 1296 1781 1359 sint,
1818 1304 1869 1343 15

96 1381 196 1416 non
234 1367 468 1431 prudenti
508 1367 873 1433 tranquilloque
912 1367 1109 1428 iudicio,
1152 1367 1237 1416 sed
1278 1369 1439 1416 animo
1480 1374 1535 1416 ut
1574 1367 1782 1432 appellat

95 1441 201 1505 ipse
232 1443 441 1507 passive,
480 1441 623 1490 nobis
654 1457 770 1491 vera
801 1441 974 1506 religio
1006 1443 1262 1507 praecipit,
1303 1447 1359 1490 ut
1399 1447 1596 1490 nostros
1638 1443 1781 1490 etiam

95 1513 352 1578 diligamus
402 1516 642 1565 inimicos.
729 1515 987 1564 Postremo
1039 1530 1235 1564 omnem
1281 1521 1469 1564 motum
1525 1514 1687 1564 cordis
1735 1524 1785 1563 et

95 1587 252 1636 salum
308 1590 485 1638 mentis
540 1605 810 1654 omnesque
867 1588 1085 1638 turbelas
1142 1595 1191 1638 et
1243 1594 1565 1652 tempestates
1619 1590 1781 1652 animi,

94 1661 274 1725 quibus
329 1662 592 1712 daemones
647 1671 871 1713 aestuare
927 1670 1073 1727 atque
1127 1662 1368 1711 fluctuare
1423 1663 1628 1727 asserit,
1692 1677 1780 1710 nos
1814 1672 1870 1711 20

94 1750 208 1784 vera
255 1735 426 1800 religio
476 1736 723 1802 deponere
771 1736 923 1786 iubet.
1001 1735 1136 1793 Quae
1187 1737 1339 1800 igitur
1387 1750 1534 1784 causa
1572 1741 1648 1784 est
1686 1736 1780 1783 nisi

92 1808 298 1858 stultitia
351 1825 591 1875 errorque
640 1809 934 1860 miserabilis
947 1849 961 1876 ,
1014 1815 1070 1858 ut
1122 1810 1167 1858 ei
1214 1815 1262 1858 te
1311 1809 1459 1857 facias
1499 1807 1778 1857 venerando

93 1881 356 1949 humilem,
411 1884 492 1932 cui
539 1890 588 1933 te
637 1886 806 1949 cupias
845 1882 1050 1932 vivendo
1092 1881 1400 1947 dissimilem3
1456 1888 1506 1930 et
1544 1881 1779 1946 religione

93 1955 247 2022 colaS,
295 1972 442 2021 quem
481 1959 662 2006 imitari
702 1958 850 2023 nolis,
899 1971 1012 2006 cum
1051 1955 1304 2020 religionis
1344 1970 1532 2004 summa
1573 1956 1636 2004 sit
1674 1956 1779 2003 imi·

93 2031 187 2078 tari
227 2045 373 2094 quem
414 2028 570 2080 colis?
1814 2038 1868 2078 25

723 2216 920 2270 CAPUT
952 2216 1154 2270 XVIII.

156 2325 328 2383 Qualis
367 2326 547 2385 reliqz'o
586 2326 676 2385 sit,
717 2326 769 2373 in
809 2339 911 2385 qua
950 2326 1180 2384 docetur,
1220 2324 1358 2384 quod
1391 2323 1634 2382 homines,
1675 2327 1730 2370 ut

203 2400 614 2447 commendentur
654 2400 751 2447 diis
791 2399 945 2460 bonis,
986 2399 1313 2447 daemonibus
1351 2399 1430 2445 uti
1465 2397 1679 2445 debeant

798 2473 1072 2521 advocatis.

239 2573 444 2623 Frustra
490 2575 642 2638 igitur
691 2575 762 2623 eis
809 2573 1067 2639 Apuleius,
1114 2579 1164 2623 et
1211 2574 1508 2638 quicumque
1556 2571 1622 2618 ita
1669 2583 1777 2617 sen·
1812 2579 1867 2618 30

95 2646 239 2712 tiunt,
277 2647 409 2697 hunc
441 2647 618 2697 detulit
650 2647 905 2714 honorem,
945 2649 1015 2696 sic
1055 2662 1140 2696 eos
1181 2648 1232 2695 in
1272 2660 1384 2694 aere
1424 2643 1610 2692 medios
1649 2643 1779 2690 inter

210 2823 265 2862 22
298 2818 576 2864 miserabilis
608 2819 751 2872 AFv;
793 2817 1022 2862 mirabilis
1054 2817 1108 2860 K
1116 2817 1254 2862 Parr.
1292 2816 1309 2871 ΙΙ
1347 2817 1403 2859 30
1434 2813 1553 2857 ista?
1585 2812 1642 2867 cf.
1675 2814 1777 2864 334,

91 2879 146 2929 5;
177 2881 284 2931 336,
314 2882 397 2931 15;
428 2882 520 2930 27;
551 2879 580 2923 l.
613 2882 668 2922 11
703 2891 738 2922 C.
771 2881 830 2921 13
861 2878 943 2922 sub
976 2877 1055 2931 βπ.
