2020 3122
161 1283 214 1322 15

161 1769 216 1808 20

162 2165 216 2204 25

247 120 355 173 560
789 145 792 148 <
932 130 967 163 s,
991 129 1265 164 Aneos'rnn

248 251 297 294 et
341 247 514 294 similis
555 243 729 305 factus
776 248 850 292 est
896 245 995 300 eis;
1049 243 1146 292 nisi
1201 242 1331 307 quod
1377 243 1590 292 infantes
1631 243 1929 292 infirmiores

248 320 394 367 etiam
428 319 676 366 cernimus
708 318 759 364 in
791 332 886 365 usu
918 323 1154 381 motuque
1195 315 1531 366 membrorum
1570 322 1620 365 et
1659 331 1808 366 sensu
1848 316 1928 365 ad·

246 391 446 456 petendi
486 397 631 455 atque
673 389 876 456 vitandi,
917 405 1063 454 quam
1103 397 1218 439 sunt
1256 390 1465 439 aliorum
1503 391 1760 439 tenerrimi
1798 391 1929 440 fetus

248 464 551 530 animalium3
598 470 847 528 tamquam
898 479 949 512 se
997 469 1132 513 tanto
1181 463 1380 512 adtollat
1419 463 1740 512 excellentius
1781 479 1930 528 supra

248 545 412 587 cetera
436 539 699 587 animantia
722 539 794 586 vis
818 537 1043 604 humana,
1084 543 1266 601 quanto
1299 538 1452 601 magis
1490 538 1729 601 impetum
1770 553 1930 604 suum,

247 611 380 661 velut
405 614 580 676 sagitta
613 627 727 660 eum
767 627 912 660 arcus
938 610 1236 675 extenditur,
1277 616 1553 659 retrorsum
1586 610 1792 660 reducta
1832 611 1928 660 dis-
1987 623 1992 643 ³

246 680 467 752 tulerit);
515 713 585 720 -
626 701 725 734 non
773 700 889 749 ergo
939 685 998 733 ad
1050 686 1142 733 ista
1181 683 1420 732 infantilia
1471 683 1748 733 rudimenta
1788 699 1927 748 prae·

248 761 528 824 sumptione
574 759 760 808 inlicita
807 765 856 807 et
904 759 1213 807 damnatione
1260 759 1390 806 iusta
1437 757 1695 822 prolapsus
1742 757 1818 806 vel
1856 759 1929 807 in-

246 832 419 897 pulsus
467 839 541 882 est
587 834 778 897 primus
818 832 987 897 homo;
1036 831 1121 880 sed
1161 831 1400 880 hactenus
1438 833 1490 879 in
1529 846 1588 880 eo
1627 838 1803 880 natura
1841 831 1929 882 hu-
1996 830 2020 870 ³1¹

162 916 217 956 10
249 921 392 955 mana
430 908 595 955 vitiata
635 913 781 969 atque
823 912 1009 955 mutata
1048 912 1147 971 est,
1186 911 1242 954 ut
1281 909 1638 969 repugnantem
1676 911 1931 970 pateretur
1996 940 2003 946 »-

246 983 297 1029 in
337 979 572 1028 membris
623 979 1039 1028 inoboedientiam
1088 978 1471 1043 concupiscendi
1510 985 1560 1027 et
1598 978 1929 1043 obstringere·
1996 1011 1998 1014 -

246 1062 328 1103 tur
368 1055 661 1102 necessitate
709 1053 974 1118 moriendi,
1023 1059 1169 1117 atque
1209 1054 1276 1101 ita
1314 1052 1385 1118 id,
1426 1051 1558 1116 quod
1596 1053 1713 1102 vitio
1751 1067 1930 1117 poena·
1994 1043 2020 1070 ‘³‘

247 1143 341 1192 que
383 1127 542 1176 factus
583 1133 673 1192 est,
712 1127 762 1176 id
804 1133 879 1175 est
918 1126 1157 1175 obnoxios
1197 1132 1400 1190 peceato
1441 1127 1688 1190 mortique
1728 1141 1930 1190 genera·

247 1207 337 1250 ret.
414 1201 454 1248 A
509 1216 606 1265 quo
668 1202 860 1265 peccati
922 1200 1116 1250 vinculo
1173 1201 1214 1248 si
1268 1215 1357 1264 per
1411 1198 1694 1248 Mediatoris
1749 1199 1932 1249 Christi

248 1276 452 1339 gratiam
502 1274 759 1324 solvuntur
806 1275 1041 1339 infantes,
1094 1273 1220 1323 hanc
1276 1273 1427 1322 solam
1483 1279 1694 1322 mortem
1738 1275 1934 1338 perpeti

247 1355 478 1414 possunt,
527 1363 650 1412 quae
699 1350 910 1396 animam
959 1349 1173 1412 seiungit
1220 1362 1247 1395 a
1295 1361 1526 1412 eorpore;
1573 1347 1625 1395 in
1665 1347 1931 1396 secundam

247 1437 363 1470 vero
411 1421 543 1470 illam
599 1423 703 1470 sine
751 1422 846 1470 fine
893 1421 1150 1486 poenalem
1194 1419 1389 1469 liberati
1443 1435 1469 1468 a
1514 1422 1704 1485 peccati
1751 1419 1930 1484 obliga-

248 1497 380 1544 tione
420 1511 518 1544 non
558 1501 831 1544 transeunt.

929 1651 1119 1705 CAPUT
1159 1652 1252 1706 IV.

315 1762 417 1809 Cur
457 1762 519 1809 ab
560 1761 651 1821 his,
693 1763 782 1821 qui
811 1775 910 1822 per
945 1761 1171 1820 qratiam
1211 1761 1612 1820 reqeneratz‘om's
1652 1760 1869 1807 absoluti

440 1838 559 1883 sunt
595 1849 628 1883 a
658 1839 894 1897 peccate,
936 1848 1035 1882 non
1075 1831 1349 1894 auferatur
1387 1847 1535 1893 mors,
1577 1833 1632 1880 id
1668 1838 1742 1881 est

880 1921 1047 1969 poena
1079 1909 1298 1969 peccati.

401 2010 454 2058 Si
494 2025 641 2074 quem
681 2025 796 2058 vero
838 2016 1022 2075 movet,
1064 2025 1153 2058 eur
1192 2009 1267 2057 vel
1306 2011 1462 2074 ipsam
1500 2010 1764 2074 patiantur,
1804 2009 1845 2056 si
1884 2014 1935 2056 et

2003 1849 2017 1941 ἒ

2009 2013 2014 2064 i

249 2086 354 2148 ipsa
401 2086 590 2148 peceati
634 2099 793 2148 poena
841 2090 935 2148 est,
984 2098 1195 2147 quorum
1242 2098 1331 2147 per
1370 2084 1575 2146 gratiam
1614 2088 1780 2130 reatus
1819 2079 1932 2129 abo-
2009 2087 2013 2143 ζ

251 2157 405 2206 letur:
450 2159 547 2205 iam
586 2159 679 2205 ista
726 2158 948 2221 quaestio
987 2158 1039 2205 in
1078 2156 1170 2205 alio
1210 2163 1381 2205 nostro
1421 2171 1595 2221 opere,
1642 2154 1772 2219 quod
1813 2155 1931 2203 seri·
2003 2147 2013 2204 2³

249 2232 438 2295 psimus
488 2230 546 2278 de
597 2230 839 2295 baptismo
886 2230 1227 2295 parvulorum,
1275 2236 1480 2279 tractata
1528 2244 1582 2278 ae
1631 2228 1789 2277 soluta
1836 2234 1932 2293 est3

250 2304 334 2353 ubi
375 2304 561 2352 dietum
600 2310 676 2352 est
715 2304 774 2352 ad
814 2303 906 2352 hoe
946 2303 1159 2367 relinqui
1198 2306 1385 2352 animae
1426 2304 1818 2367 experimentum
1858 2316 1931 2349 se-

249 2379 517 2442 parationis
566 2392 592 2425 a
639 2392 870 2442 corpore,
918 2379 1137 2440 quamvis
1184 2376 1343 2426 ablato
1391 2378 1487 2424 iam
1527 2376 1747 2424 criminis
1788 2390 1933 2440 nexu,

252 2453 503 2516 quoniam,
551 2452 595 2498 si
645 2452 1033 2514 regenerationis
1082 2456 1444 2499 sacramentum
1484 2451 1717 2498 continuo
1759 2462 1932 2511 seque-

162 2534 218 2573 30
250 2531 389 2573 retur
444 2524 766 2573 inmortalitas
806 2525 1050 2589 eorporis,
1098 2526 1203 2588 ipsa
1254 2524 1374 2573 fides
1428 2527 1768 2587 enervaretur,
1808 2535 1931 2585 quae

252 2605 369 2646 tunc
425 2604 501 2646 est
554 2597 705 2662 fides,
760 2596 952 2661 quando
1003 2603 1290 2661 expectatur
1342 2599 1394 2645 in
1443 2612 1552 2661 spe,
1600 2595 1731 2659 quod
1779 2595 1829 2642 in
1876 2609 1931 2642 re

374 2725 415 2780 1)
449 2724 518 2768 Ps.
552 2729 623 2778 48,
659 2729 727 2767 13.
790 2724 864 2779 26)
898 2723 947 2767 L.
982 2728 1007 2765 2
1042 2737 1079 2766 c.
1113 2728 1168 2766 30
1202 2737 1299 2778 sqq.

374 2862 394 2899 1
429 2855 522 2900 illis
554 2870 580 2900 v
605 2858 619 2912 ΙΙ
646 2861 699 2899 14
730 2855 850 2899 med.
885 2855 1045 2899 christi
1086 2855 1149 2908 V,·
1181 2853 1343 2899 christi
1374 2867 1453 2898 om.
1486 2867 1510 2898 v

2005 2732 2007 2734 -
1972 2650 2011 2684 L*-
2001 2611 2011 2642 -κ
1991 2530 2011 2605 344
2006 2503 2011 2523 -
