<?xml version="1.0" encoding="UTF-8"?>
<!DOCTYPE html PUBLIC "-//W3C//DTD XHTML 1.0 Transitional//EN"
    "http://www.w3.org/TR/xhtml1/DTD/xhtml1-transitional.dtd">
<html xmlns="http://www.w3.org/1999/xhtml" xml:lang="en" lang="en">
 <head>
  <title>
</title>
<meta http-equiv="Content-Type" content="text/html;charset=utf-8" />
  <meta name='ocr-system' content='tesseract 3.04.00' />
  <meta name='ocr-capabilities' content='ocr_page ocr_carea ocr_par ocr_line ocrx_word'/>
</head>
<body>
  <div class='ocr_page' id='page_1' title='image "./decivitatedeilib01auguuoft_0141.png"; bbox 0 0 2020 3122; ppageno 0'>
   <div class='ocr_carea' id='block_1_1' title="bbox 520 116 1778 177">
    <p class='ocr_par' dir='ltr' id='par_1_1' title="bbox 520 116 1778 177">
     <span class='ocr_line' id='line_1_1' title="bbox 520 116 1778 177; baseline 0.001 -10"><span class='ocrx_word' id='word_1_1' title='bbox 520 134 586 167; x_wconf 79' lang='lat' dir='ltr'><strong>DE</strong></span> <span class='ocrx_word' id='word_1_2' title='bbox 611 116 848 166; x_wconf 76' lang='lat' dir='ltr'><strong>01V1&#39;rA&#39;rE</strong></span> <span class='ocrx_word' id='word_1_3' title='bbox 872 134 962 166; x_wconf 77' lang='lat' dir='ltr'><strong>Dm</strong></span> <span class='ocrx_word' id='word_1_4' title='bbox 983 135 1026 166; x_wconf 82' lang='lat' dir='ltr'><strong>L.</strong></span> <span class='ocrx_word' id='word_1_5' title='bbox 1050 135 1123 167; x_wconf 86' lang='lat'>111.</span> <span class='ocrx_word' id='word_1_6' title='bbox 1148 135 1185 168; x_wconf 86' lang='lat' dir='ltr'><strong>c.</strong></span> <span class='ocrx_word' id='word_1_7' title='bbox 1211 137 1264 168; x_wconf 87' lang='lat'><strong>19.</strong></span> <span class='ocrx_word' id='word_1_8' title='bbox 1289 137 1341 169; x_wconf 81' lang='lat'><strong>20.</strong></span> <span class='ocrx_word' id='word_1_9' title='bbox 1674 124 1778 177; x_wconf 79' lang='lat'><strong>129</strong></span> 
     </span>
    </p>
   </div>
   <div class='ocr_carea' id='block_1_2' title="bbox 65 243 1781 2082">
    <p class='ocr_par' dir='ltr' id='par_1_2' title="bbox 65 243 1781 2082">
     <span class='ocr_line' id='line_1_2' title="bbox 94 243 1780 314; baseline 0.001 -17"><span class='ocrx_word' id='word_1_10' title='bbox 94 250 232 314; x_wconf 88' lang='lat' dir='ltr'><strong>parci</strong></span> <span class='ocrx_word' id='word_1_11' title='bbox 276 248 480 296; x_wconf 90' lang='lat' dir='ltr'><strong>iussisse</strong></span> <span class='ocrx_word' id='word_1_12' title='bbox 534 243 861 312; x_wconf 77' lang='lat' dir='ltr'><strong>perhibetur?</strong></span> <span class='ocrx_word' id='word_1_13' title='bbox 937 246 1076 296; x_wconf 91' lang='lat' dir='ltr'><strong>Unde</strong></span> <span class='ocrx_word' id='word_1_14' title='bbox 1123 254 1226 296; x_wconf 90' lang='lat' dir='ltr'><strong>tres</strong></span> <span class='ocrx_word' id='word_1_15' title='bbox 1277 248 1468 297; x_wconf 91' lang='lat' dir='ltr'><strong>modios</strong></span> <span class='ocrx_word' id='word_1_16' title='bbox 1518 248 1780 299; x_wconf 81' lang='lat' dir='ltr'>anulorum</span> 
     </span>
     <span class='ocr_line' id='line_1_3' title="bbox 96 319 1779 387; baseline 0.001 -16"><span class='ocrx_word' id='word_1_17' title='bbox 96 336 360 372; x_wconf 89' lang='lat' dir='ltr'><strong>aureorum</strong></span> <span class='ocrx_word' id='word_1_18' title='bbox 399 319 744 384; x_wconf 82' lang='lat' dir='ltr'>Carthaginem</span> <span class='ocrx_word' id='word_1_19' title='bbox 782 321 931 387; x_wconf 87' lang='lat' dir='ltr'>misit,</span> <span class='ocrx_word' id='word_1_20' title='bbox 985 335 1083 385; x_wconf 90' lang='lat' dir='ltr'><strong>quo</strong></span> <span class='ocrx_word' id='word_1_21' title='bbox 1122 320 1468 386; x_wconf 82' lang='lat' dir='ltr'><strong>intellegerent</strong></span> <span class='ocrx_word' id='word_1_22' title='bbox 1505 329 1690 372; x_wconf 81' lang='lat' dir='ltr'><strong>tantam</strong></span> <span class='ocrx_word' id='word_1_23' title='bbox 1727 324 1779 372; x_wconf 92' lang='lat' dir='ltr'><strong>in</strong></span> 
     </span>
     <span class='ocr_line' id='line_1_4' title="bbox 93 391 1779 460; baseline 0.001 -16"><span class='ocrx_word' id='word_1_24' title='bbox 93 394 177 444; x_wconf 93' lang='lat' dir='ltr'><strong>illo</strong></span> <span class='ocrx_word' id='word_1_25' title='bbox 215 393 405 460; x_wconf 89' lang='lat' dir='ltr'><strong>proelio</strong></span> <span class='ocrx_word' id='word_1_26' title='bbox 438 391 725 459; x_wconf 86' lang='lat' dir='ltr'><strong>dignitatem</strong></span> <span class='ocrx_word' id='word_1_27' title='bbox 758 393 997 444; x_wconf 89' lang='lat' dir='ltr'><strong>cecidisse</strong></span> <span class='ocrx_word' id='word_1_28' title='bbox 1022 393 1306 460; x_wconf 84' lang='lat' dir='ltr'>Romanam,</span> <span class='ocrx_word' id='word_1_29' title='bbox 1346 403 1402 445; x_wconf 93' lang='lat' dir='ltr'><strong>ut</strong></span> <span class='ocrx_word' id='word_1_30' title='bbox 1440 395 1630 446; x_wconf 83' lang='lat' dir='ltr'><strong>facilius</strong></span> <span class='ocrx_word' id='word_1_31' title='bbox 1671 411 1779 446; x_wconf 89' lang='lat' dir='ltr'><strong>eam</strong></span> 
     </span>
     <span class='ocr_line' id='line_1_5' title="bbox 95 467 1776 535; baseline 0.001 -18"><span class='ocrx_word' id='word_1_32' title='bbox 95 475 295 533; x_wconf 89' lang='lat' dir='ltr'><strong>caperet</strong></span> <span class='ocrx_word' id='word_1_33' title='bbox 333 483 567 518; x_wconf 89' lang='lat' dir='ltr'><strong>mensura</strong></span> <span class='ocrx_word' id='word_1_34' title='bbox 614 483 762 532; x_wconf 91' lang='lat' dir='ltr'><strong>quam</strong></span> <span class='ocrx_word' id='word_1_35' title='bbox 802 483 1064 534; x_wconf 87' lang='lat' dir='ltr'><strong>numerus,</strong></span> <span class='ocrx_word' id='word_1_36' title='bbox 1103 475 1250 533; x_wconf 90' lang='lat' dir='ltr'><strong>atque</strong></span> <span class='ocrx_word' id='word_1_37' title='bbox 1289 467 1405 518; x_wconf 90' lang='lat' dir='ltr'><strong>hinc</strong></span> <span class='ocrx_word' id='word_1_38' title='bbox 1446 476 1636 535; x_wconf 88' lang='lat' dir='ltr'><strong>strages</strong></span> <span class='ocrx_word' id='word_1_39' title='bbox 1675 477 1776 519; x_wconf 91' lang='lat' dir='ltr'><strong>tur-</strong></span> 
     </span>
     <span class='ocr_line' id='line_1_6' title="bbox 93 541 1779 610; baseline 0.001 -19"><span class='ocrx_word' id='word_1_40' title='bbox 93 541 183 592; x_wconf 86' lang='lat' dir='ltr'><strong>bae</strong></span> <span class='ocrx_word' id='word_1_41' title='bbox 224 549 417 591; x_wconf 86' lang='lat' dir='ltr'><strong>ceterae</strong></span> <span class='ocrx_word' id='word_1_42' title='bbox 458 548 593 592; x_wconf 92' lang='lat' dir='ltr'><strong>tanto</strong></span> <span class='ocrx_word' id='word_1_43' title='bbox 635 544 806 606; x_wconf 88' lang='lat' dir='ltr'><strong>utique</strong></span> <span class='ocrx_word' id='word_1_44' title='bbox 854 543 1235 608; x_wconf 83' lang='lat' dir='ltr'><strong>numerosioriS,</strong></span> <span class='ocrx_word' id='word_1_45' title='bbox 1283 550 1466 606; x_wconf 88' lang='lat' dir='ltr'><strong>quanto</strong></span> <span class='ocrx_word' id='word_1_46' title='bbox 1505 544 1779 610; x_wconf 81' lang='lat' dir='ltr'><strong>infimioriS‚</strong></span> 
     </span>
     <span class='ocr_line' id='line_1_7' title="bbox 95 614 1778 682; baseline 0.001 -17"><span class='ocrx_word' id='word_1_47' title='bbox 95 631 219 680; x_wconf 90' lang='lat' dir='ltr'><strong>quae</strong></span> <span class='ocrx_word' id='word_1_48' title='bbox 271 617 378 664; x_wconf 86' lang='lat' dir='ltr'><strong>sine</strong></span> <span class='ocrx_word' id='word_1_49' title='bbox 425 615 585 666; x_wconf 89' lang='lat' dir='ltr'><strong>anulis</strong></span> <span class='ocrx_word' id='word_1_50' title='bbox 636 614 851 682; x_wconf 86' lang='lat' dir='ltr'><strong>iacebat,</strong></span> <span class='ocrx_word' id='word_1_51' title='bbox 907 616 1192 665; x_wconf 89' lang='lat' dir='ltr'><strong>conicienda</strong></span> <span class='ocrx_word' id='word_1_52' title='bbox 1243 617 1409 680; x_wconf 92' lang='lat' dir='ltr'><strong>potius</strong></span> <span class='ocrx_word' id='word_1_53' title='bbox 1461 632 1608 681; x_wconf 91' lang='lat' dir='ltr'><strong>quam</strong></span> <span class='ocrx_word' id='word_1_54' title='bbox 1654 633 1778 667; x_wconf 90' lang='lat' dir='ltr'><strong>nun-</strong></span> 
     </span>
     <span class='ocr_line' id='line_1_8' title="bbox 93 688 1781 755; baseline 0.001 -15"><span class='ocrx_word' id='word_1_55' title='bbox 93 689 259 741; x_wconf 87' lang='lat' dir='ltr'><strong>tianda</strong></span> <span class='ocrx_word' id='word_1_56' title='bbox 309 696 583 755; x_wconf 88' lang='lat' dir='ltr'><strong>putaretur.</strong></span> <span class='ocrx_word' id='word_1_57' title='bbox 660 688 882 754; x_wconf 88' lang='lat' dir='ltr'><strong>Denique</strong></span> <span class='ocrx_word' id='word_1_58' title='bbox 938 695 1072 738; x_wconf 88' lang='lat' dir='ltr'><strong>tanta</strong></span> <span class='ocrx_word' id='word_1_59' title='bbox 1126 689 1339 739; x_wconf 91' lang='lat' dir='ltr'><strong>militum</strong></span> <span class='ocrx_word' id='word_1_60' title='bbox 1391 691 1556 755; x_wconf 89' lang='lat' dir='ltr'><strong>inopia</strong></span> <span class='ocrx_word' id='word_1_61' title='bbox 1611 699 1781 741; x_wconf 91' lang='lat' dir='ltr'><strong>secuta</strong></span> 
     </span>
     <span class='ocr_line' id='line_1_9' title="bbox 65 763 1779 829; baseline 0.001 -17"><span class='ocrx_word' id='word_1_62' title='bbox 65 769 194 829; x_wconf 81' lang='lat' dir='ltr'><strong>est,</strong></span> <span class='ocrx_word' id='word_1_63' title='bbox 238 770 294 813; x_wconf 90' lang='lat' dir='ltr'><strong>ut</strong></span> <span class='ocrx_word' id='word_1_64' title='bbox 333 763 539 813; x_wconf 87' lang='lat' dir='ltr'><strong>Romani</strong></span> <span class='ocrx_word' id='word_1_65' title='bbox 585 778 697 812; x_wconf 89' lang='lat' dir='ltr'><strong>reos</strong></span> <span class='ocrx_word' id='word_1_66' title='bbox 744 763 1020 812; x_wconf 84' lang='lat' dir='ltr'><strong>facinorum</strong></span> <span class='ocrx_word' id='word_1_67' title='bbox 1068 764 1320 828; x_wconf 89' lang='lat' dir='ltr'><strong>proposita</strong></span> <span class='ocrx_word' id='word_1_68' title='bbox 1366 765 1641 828; x_wconf 78' lang='lat' dir='ltr'><strong>inpunitate</strong></span> <span class='ocrx_word' id='word_1_69' title='bbox 1683 764 1779 814; x_wconf 92' lang='lat' dir='ltr'><strong>col-</strong></span> 
     </span>
     <span class='ocr_line' id='line_1_10' title="bbox 92 836 1779 903; baseline 0.001 -17"><span class='ocrx_word' id='word_1_70' title='bbox 92 836 325 903; x_wconf 85' lang='lat' dir='ltr'><strong>ligerent,</strong></span> <span class='ocrx_word' id='word_1_71' title='bbox 377 839 574 888; x_wconf 88' lang='lat' dir='ltr'><strong>servitia</strong></span> <span class='ocrx_word' id='word_1_72' title='bbox 619 836 846 886; x_wconf 89' lang='lat' dir='ltr'><strong>libertate</strong></span> <span class='ocrx_word' id='word_1_73' title='bbox 894 836 1137 886; x_wconf 89' lang='lat' dir='ltr'><strong>donarent</strong></span> <span class='ocrx_word' id='word_1_74' title='bbox 1183 843 1329 901; x_wconf 89' lang='lat' dir='ltr'><strong>atque</strong></span> <span class='ocrx_word' id='word_1_75' title='bbox 1382 836 1477 887; x_wconf 93' lang='lat' dir='ltr'><strong>illis</strong></span> <span class='ocrx_word' id='word_1_76' title='bbox 1517 837 1779 903; x_wconf 90' lang='lat' dir='ltr'><strong>pudendus</strong></span> 
     </span>
     <span class='ocr_line' id='line_1_11' title="bbox 93 910 1779 976; baseline 0.001 -16"><span class='ocrx_word' id='word_1_77' title='bbox 93 926 195 960; x_wconf 91' lang='lat' dir='ltr'><strong>non</strong></span> <span class='ocrx_word' id='word_1_78' title='bbox 233 917 333 960; x_wconf 92' lang='lat' dir='ltr'><strong>tam</strong></span> <span class='ocrx_word' id='word_1_79' title='bbox 373 910 690 976; x_wconf 85' lang='lat' dir='ltr'><strong>suppleretur</strong></span> <span class='ocrx_word' id='word_1_80' title='bbox 714 925 861 975; x_wconf 88' lang='lat' dir='ltr'><strong>quam</strong></span> <span class='ocrx_word' id='word_1_81' title='bbox 899 912 1247 961; x_wconf 85' lang='lat' dir='ltr'><strong>institueretur</strong></span> <span class='ocrx_word' id='word_1_82' title='bbox 1287 913 1549 961; x_wconf 81' lang='lat' dir='ltr'><strong>exercitus,</strong></span> <span class='ocrx_word' id='word_1_83' title='bbox 1613 911 1779 961; x_wconf 84' lang='lat' dir='ltr'><strong>Servis</strong></span> 
     </span>
     <span class='ocr_line' id='line_1_12' title="bbox 93 983 1778 1051; baseline 0.001 -17"><span class='ocrx_word' id='word_1_84' title='bbox 93 985 277 1050; x_wconf 86' lang='lat' dir='ltr'><strong>itaque,</strong></span> <span class='ocrx_word' id='word_1_85' title='bbox 314 986 480 1050; x_wconf 87' lang='lat' dir='ltr'><strong>immo,</strong></span> <span class='ocrx_word' id='word_1_86' title='bbox 519 999 580 1034; x_wconf 89' lang='lat' dir='ltr'><strong>ne</strong></span> <span class='ocrx_word' id='word_1_87' title='bbox 621 985 856 1034; x_wconf 90' lang='lat' dir='ltr'><strong>faciamus</strong></span> <span class='ocrx_word' id='word_1_88' title='bbox 895 986 1141 1051; x_wconf 84' lang='lat' dir='ltr'><strong>iniuriam,</strong></span> <span class='ocrx_word' id='word_1_89' title='bbox 1180 987 1276 1034; x_wconf 89' lang='lat' dir='ltr'><strong>iam</strong></span> <span class='ocrx_word' id='word_1_90' title='bbox 1315 983 1521 1050; x_wconf 83' lang='lat' dir='ltr'><strong>libertis,</strong></span> <span class='ocrx_word' id='word_1_91' title='bbox 1559 1000 1650 1050; x_wconf 92' lang='lat' dir='ltr'><strong>pro</strong></span> <span class='ocrx_word' id='word_1_92' title='bbox 1683 985 1778 1035; x_wconf 89' lang='lat' dir='ltr'><strong>Ro-</strong></span> 
     </span>
     <span class='ocr_line' id='line_1_13' title="bbox 94 1057 1779 1123; baseline 0.001 -16"><span class='ocrx_word' id='word_1_93' title='bbox 94 1073 236 1108; x_wconf 87' lang='lat' dir='ltr'><strong>mana</strong></span> <span class='ocrx_word' id='word_1_94' title='bbox 289 1073 342 1108; x_wconf 90' lang='lat' dir='ltr'><strong>re</strong></span> <span class='ocrx_word' id='word_1_95' title='bbox 397 1057 590 1123; x_wconf 88' lang='lat' dir='ltr'><strong>publica</strong></span> <span class='ocrx_word' id='word_1_96' title='bbox 646 1059 939 1123; x_wconf 87' lang='lat' dir='ltr'><strong>pugnaturis</strong></span> <span class='ocrx_word' id='word_1_97' title='bbox 990 1073 1124 1108; x_wconf 89' lang='lat' dir='ltr'><strong>arma</strong></span> <span class='ocrx_word' id='word_1_98' title='bbox 1178 1058 1459 1108; x_wconf 90' lang='lat' dir='ltr'><strong>defuerunt.</strong></span> <span class='ocrx_word' id='word_1_99' title='bbox 1551 1058 1779 1108; x_wconf 85' lang='lat' dir='ltr'><strong>Detracta</strong></span> 
     </span>
     <span class='ocr_line' id='line_1_14' title="bbox 94 1131 1778 1198; baseline 0.001 -17"><span class='ocrx_word' id='word_1_100' title='bbox 94 1138 210 1181; x_wconf 89' lang='lat' dir='ltr'><strong>sunt</strong></span> <span class='ocrx_word' id='word_1_101' title='bbox 249 1131 471 1198; x_wconf 82' lang='lat' dir='ltr'><strong>templiS‚</strong></span> <span class='ocrx_word' id='word_1_102' title='bbox 510 1140 759 1196; x_wconf 84' lang='lat' dir='ltr'><strong>tamquam</strong></span> <span class='ocrx_word' id='word_1_103' title='bbox 796 1131 1004 1181; x_wconf 90' lang='lat' dir='ltr'><strong>Romani</strong></span> <span class='ocrx_word' id='word_1_104' title='bbox 1044 1132 1137 1187; x_wconf 89' lang='lat' dir='ltr'><strong>diis</strong></span> <span class='ocrx_word' id='word_1_105' title='bbox 1177 1134 1280 1182; x_wconf 88' lang='lat' dir='ltr'><strong>suis</strong></span> <span class='ocrx_word' id='word_1_106' title='bbox 1319 1132 1565 1182; x_wconf 88' lang='lat' dir='ltr'><strong>dicerent:</strong></span> <span class='ocrx_word' id='word_1_107' title='bbox 1602 1132 1778 1182; x_wconf 88' lang='lat' dir='ltr'><strong>Ponite</strong></span> 
     </span>
     <span class='ocr_line' id='line_1_15' title="bbox 94 1205 1778 1271; baseline 0.001 -17"><span class='ocrx_word' id='word_1_108' title='bbox 94 1220 219 1271; x_wconf 90' lang='lat' dir='ltr'><strong>quae</strong></span> <span class='ocrx_word' id='word_1_109' title='bbox 251 1212 350 1254; x_wconf 90' lang='lat' dir='ltr'><strong>tam</strong></span> <span class='ocrx_word' id='word_1_110' title='bbox 391 1205 475 1254; x_wconf 91' lang='lat' dir='ltr'><strong>diu</strong></span> <span class='ocrx_word' id='word_1_111' title='bbox 498 1207 712 1255; x_wconf 91' lang='lat' dir='ltr'><strong>inaniter</strong></span> <span class='ocrx_word' id='word_1_112' title='bbox 735 1205 994 1271; x_wconf 80' lang='lat' dir='ltr'><strong>habuistiS‚</strong></span> <span class='ocrx_word' id='word_1_113' title='bbox 1033 1221 1094 1255; x_wconf 92' lang='lat' dir='ltr'><strong>ne</strong></span> <span class='ocrx_word' id='word_1_114' title='bbox 1127 1206 1254 1255; x_wconf 90' lang='lat' dir='ltr'><strong>forte</strong></span> <span class='ocrx_word' id='word_1_115' title='bbox 1295 1205 1479 1270; x_wconf 92' lang='lat' dir='ltr'><strong>aliquid</strong></span> <span class='ocrx_word' id='word_1_116' title='bbox 1519 1206 1639 1257; x_wconf 90' lang='lat' dir='ltr'><strong>utile</strong></span> <span class='ocrx_word' id='word_1_117' title='bbox 1664 1206 1778 1256; x_wconf 91' lang='lat' dir='ltr'><strong>inde</strong></span> 
     </span>
     <span class='ocr_line' id='line_1_16' title="bbox 93 1279 1781 1346; baseline 0.001 -18"><span class='ocrx_word' id='word_1_118' title='bbox 93 1279 254 1328; x_wconf 89' lang='lat' dir='ltr'><strong>facere</strong></span> <span class='ocrx_word' id='word_1_119' title='bbox 294 1280 486 1344; x_wconf 89' lang='lat' dir='ltr'><strong>possint</strong></span> <span class='ocrx_word' id='word_1_120' title='bbox 524 1286 694 1328; x_wconf 90' lang='lat' dir='ltr'><strong>nostra</strong></span> <span class='ocrx_word' id='word_1_121' title='bbox 732 1280 996 1346; x_wconf 87' lang='lat' dir='ltr'><strong>mancipia,</strong></span> <span class='ocrx_word' id='word_1_122' title='bbox 1035 1279 1167 1328; x_wconf 89' lang='lat' dir='ltr'><strong>unde</strong></span> <span class='ocrx_word' id='word_1_123' title='bbox 1205 1294 1315 1345; x_wconf 84' lang='lat' dir='ltr'><strong>voS‚</strong></span> <span class='ocrx_word' id='word_1_124' title='bbox 1355 1286 1525 1329; x_wconf 88' lang='lat' dir='ltr'><strong>nostra</strong></span> <span class='ocrx_word' id='word_1_125' title='bbox 1563 1282 1781 1346; x_wconf 85' lang='lat' dir='ltr'><strong>numina,</strong></span> 
     </span>
     <span class='ocr_line' id='line_1_17' title="bbox 92 1351 1779 1418; baseline 0.001 -16"><span class='ocrx_word' id='word_1_126' title='bbox 92 1351 215 1402; x_wconf 90' lang='lat' dir='ltr'><strong>nihil</strong></span> <span class='ocrx_word' id='word_1_127' title='bbox 260 1353 422 1401; x_wconf 89' lang='lat' dir='ltr'><strong>facere</strong></span> <span class='ocrx_word' id='word_1_128' title='bbox 470 1354 717 1418; x_wconf 82' lang='lat' dir='ltr'><strong>potuistis,</strong></span> <span class='ocrx_word' id='word_1_129' title='bbox 793 1352 933 1402; x_wconf 90' lang='lat' dir='ltr'><strong>Tunc</strong></span> <span class='ocrx_word' id='word_1_130' title='bbox 981 1354 1129 1402; x_wconf 91' lang='lat' dir='ltr'><strong>etiam</strong></span> <span class='ocrx_word' id='word_1_131' title='bbox 1176 1353 1434 1418; x_wconf 86' lang='lat' dir='ltr'><strong>stipendiis</strong></span> <span class='ocrx_word' id='word_1_132' title='bbox 1474 1353 1779 1403; x_wconf 87' lang='lat' dir='ltr'><strong>sufficiendis</strong></span> 
     </span>
     <span class='ocr_line' id='line_1_18' title="bbox 94 1426 1778 1493; baseline 0.001 -17"><span class='ocrx_word' id='word_1_133' title='bbox 94 1441 207 1476; x_wconf 88' lang='lat' dir='ltr'><strong>cum</strong></span> <span class='ocrx_word' id='word_1_134' title='bbox 253 1426 516 1476; x_wconf 82' lang='lat' dir='ltr'><strong>defecisset</strong></span> <span class='ocrx_word' id='word_1_135' title='bbox 563 1428 830 1493; x_wconf 88' lang='lat' dir='ltr'><strong>aerarium,</strong></span> <span class='ocrx_word' id='word_1_136' title='bbox 880 1428 931 1476; x_wconf 89' lang='lat' dir='ltr'><strong>in</strong></span> <span class='ocrx_word' id='word_1_137' title='bbox 981 1442 1104 1476; x_wconf 89' lang='lat' dir='ltr'><strong>usus</strong></span> <span class='ocrx_word' id='word_1_138' title='bbox 1153 1426 1379 1492; x_wconf 91' lang='lat' dir='ltr'><strong>publicos</strong></span> <span class='ocrx_word' id='word_1_139' title='bbox 1431 1442 1551 1492; x_wconf 89' lang='lat' dir='ltr'><strong>opes</strong></span> <span class='ocrx_word' id='word_1_140' title='bbox 1598 1443 1778 1477; x_wconf 84' lang='lat' dir='ltr'><strong>venere</strong></span> 
     </span>
     <span class='ocr_line' id='line_1_19' title="bbox 92 1499 1780 1567; baseline 0.001 -18"><span class='ocrx_word' id='word_1_141' title='bbox 92 1501 336 1567; x_wconf 84' lang='lat' dir='ltr'><strong>privatae,</strong></span> <span class='ocrx_word' id='word_1_142' title='bbox 385 1500 506 1550; x_wconf 92' lang='lat' dir='ltr'><strong>adeo</strong></span> <span class='ocrx_word' id='word_1_143' title='bbox 532 1515 854 1565; x_wconf 18' lang='lat' dir='ltr'><strong>‘unoquoque</strong></span> <span class='ocrx_word' id='word_1_144' title='bbox 903 1500 952 1550; x_wconf 92' lang='lat' dir='ltr'><strong>id</strong></span> <span class='ocrx_word' id='word_1_145' title='bbox 993 1500 1125 1565; x_wconf 89' lang='lat' dir='ltr'><strong>quod</strong></span> <span class='ocrx_word' id='word_1_146' title='bbox 1163 1499 1334 1550; x_wconf 88' lang='lat' dir='ltr'><strong>habuit</strong></span> <span class='ocrx_word' id='word_1_147' title='bbox 1375 1501 1685 1567; x_wconf 84' lang='lat' dir='ltr'><strong>conferente,</strong></span> <span class='ocrx_word' id='word_1_148' title='bbox 1724 1508 1780 1551; x_wconf 90' lang='lat' dir='ltr'><strong>ut</strong></span> 
     </span>
     <span class='ocr_line' id='line_1_20' title="bbox 93 1571 1778 1640; baseline 0.001 -17"><span class='ocrx_word' id='word_1_149' title='bbox 93 1580 291 1639; x_wconf 91' lang='lat' dir='ltr'><strong>praeter</strong></span> <span class='ocrx_word' id='word_1_150' title='bbox 323 1573 544 1639; x_wconf 88' lang='lat' dir='ltr'><strong>singulos</strong></span> <span class='ocrx_word' id='word_1_151' title='bbox 577 1574 749 1624; x_wconf 88' lang='lat' dir='ltr'><strong>anulos</strong></span> <span class='ocrx_word' id='word_1_152' title='bbox 782 1571 1032 1638; x_wconf 78' lang='lat' dir='ltr'><strong>(aureos)</strong></span> <span class='ocrx_word' id='word_1_153' title='bbox 1074 1574 1389 1639; x_wconf 89' lang='lat' dir='ltr'><strong>singulasque</strong></span> <span class='ocrx_word' id='word_1_154' title='bbox 1421 1573 1602 1640; x_wconf 81' lang='lat' dir='ltr'><strong>bullas,</strong></span> <span class='ocrx_word' id='word_1_155' title='bbox 1634 1577 1778 1624; x_wconf 91' lang='lat' dir='ltr'><strong>mise·</strong></span> 
     </span>
     <span class='ocr_line' id='line_1_21' title="bbox 93 1647 1778 1714; baseline 0.001 -18"><span class='ocrx_word' id='word_1_156' title='bbox 93 1647 263 1697; x_wconf 89' lang='lat' dir='ltr'><strong>rabilia</strong></span> <span class='ocrx_word' id='word_1_157' title='bbox 318 1648 568 1713; x_wconf 87' lang='lat' dir='ltr'><strong>dignitatis</strong></span> <span class='ocrx_word' id='word_1_158' title='bbox 622 1649 858 1714; x_wconf 81' lang='lat' dir='ltr'><strong>insignia,</strong></span> <span class='ocrx_word' id='word_1_159' title='bbox 914 1647 1036 1697; x_wconf 92' lang='lat' dir='ltr'><strong>nihil</strong></span> <span class='ocrx_word' id='word_1_160' title='bbox 1092 1647 1186 1697; x_wconf 86' lang='lat' dir='ltr'><strong>sibi</strong></span> <span class='ocrx_word' id='word_1_161' title='bbox 1236 1650 1344 1698; x_wconf 92' lang='lat' dir='ltr'><strong>auri</strong></span> <span class='ocrx_word' id='word_1_162' title='bbox 1399 1655 1600 1698; x_wconf 88' lang='lat' dir='ltr'><strong>senatus</strong></span> <span class='ocrx_word' id='word_1_163' title='bbox 1657 1650 1778 1714; x_wconf 90' lang='grc'>11156,</span> 
     </span>
     <span class='ocr_line' id='line_1_22' title="bbox 93 1721 1779 1787; baseline 0.001 -17"><span class='ocrx_word' id='word_1_164' title='bbox 93 1728 277 1786; x_wconf 90' lang='lat' dir='ltr'><strong>quanto</strong></span> <span class='ocrx_word' id='word_1_165' title='bbox 316 1723 470 1787; x_wconf 87' lang='lat' dir='ltr'><strong>magis</strong></span> <span class='ocrx_word' id='word_1_166' title='bbox 510 1724 665 1772; x_wconf 90' lang='lat' dir='ltr'><strong>ceteri</strong></span> <span class='ocrx_word' id='word_1_167' title='bbox 703 1721 902 1771; x_wconf 91' lang='lat' dir='ltr'><strong>ordines</strong></span> <span class='ocrx_word' id='word_1_168' title='bbox 942 1721 1201 1786; x_wconf 89' lang='lat' dir='ltr'><strong>tribusque</strong></span> <span class='ocrx_word' id='word_1_169' title='bbox 1240 1722 1595 1787; x_wconf 89' lang='lat' dir='ltr'><strong>relinquerent.</strong></span> <span class='ocrx_word' id='word_1_170' title='bbox 1658 1722 1779 1780; x_wconf 83' lang='lat' dir='ltr'><strong>Quis</strong></span> 
     </span>
     <span class='ocr_line' id='line_1_23' title="bbox 93 1790 1777 1862; baseline 0 -18"><span class='ocrx_word' id='word_1_171' title='bbox 93 1795 246 1844; x_wconf 89' lang='lat' dir='ltr'><strong>ferret</strong></span> <span class='ocrx_word' id='word_1_172' title='bbox 283 1790 430 1862; x_wconf 77' lang='lat' dir='ltr'><strong>istos&#39;,</strong></span> <span class='ocrx_word' id='word_1_173' title='bbox 470 1797 512 1846; x_wconf 90' lang='lat' dir='ltr'><strong>si</strong></span> <span class='ocrx_word' id='word_1_174' title='bbox 550 1797 734 1846; x_wconf 90' lang='lat' dir='ltr'><strong>nostris</strong></span> <span class='ocrx_word' id='word_1_175' title='bbox 773 1795 1080 1861; x_wconf 89' lang='lat' dir='ltr'><strong>temporibus</strong></span> <span class='ocrx_word' id='word_1_176' title='bbox 1120 1796 1179 1845; x_wconf 90' lang='lat' dir='ltr'><strong>ad</strong></span> <span class='ocrx_word' id='word_1_177' title='bbox 1218 1795 1344 1845; x_wconf 89' lang='lat' dir='ltr'><strong>hanc</strong></span> <span class='ocrx_word' id='word_1_178' title='bbox 1383 1797 1598 1861; x_wconf 91' lang='lat' dir='ltr'><strong>inopiam</strong></span> <span class='ocrx_word' id='word_1_179' title='bbox 1637 1810 1777 1860; x_wconf 83' lang='lat' dir='ltr'><strong>coge-</strong></span> 
     </span>
     <span class='ocr_line' id='line_1_24' title="bbox 92 1869 1780 1936; baseline 0.001 -18"><span class='ocrx_word' id='word_1_180' title='bbox 92 1876 282 1936; x_wconf 86' lang='lat' dir='ltr'><strong>rentur,</strong></span> <span class='ocrx_word' id='word_1_181' title='bbox 322 1885 436 1919; x_wconf 90' lang='lat' dir='ltr'><strong>cum</strong></span> <span class='ocrx_word' id='word_1_182' title='bbox 476 1885 559 1919; x_wconf 89' lang='lat' dir='ltr'><strong>eos</strong></span> <span class='ocrx_word' id='word_1_183' title='bbox 600 1870 744 1919; x_wconf 92' lang='lat' dir='ltr'><strong>modo</strong></span> <span class='ocrx_word' id='word_1_184' title='bbox 784 1871 863 1918; x_wconf 83' lang='lat' dir='ltr'><strong>vix</strong></span> <span class='ocrx_word' id='word_1_185' title='bbox 895 1870 1126 1935; x_wconf 88' lang='lat' dir='ltr'><strong>feramus,</strong></span> <span class='ocrx_word' id='word_1_186' title='bbox 1166 1869 1360 1934; x_wconf 90' lang='lat' dir='ltr'><strong>quando</strong></span> <span class='ocrx_word' id='word_1_187' title='bbox 1398 1885 1490 1935; x_wconf 90' lang='lat' dir='ltr'><strong>pro</strong></span> <span class='ocrx_word' id='word_1_188' title='bbox 1530 1869 1780 1934; x_wconf 85' lang='lat' dir='ltr'><strong>superflua</strong></span> 
     </span>
     <span class='ocr_line' id='line_1_25' title="bbox 92 1942 1777 2008; baseline 0.001 -17"><span class='ocrx_word' id='word_1_189' title='bbox 92 1942 339 2008; x_wconf 82' lang='lat' dir='ltr'><strong>voluptate</strong></span> <span class='ocrx_word' id='word_1_190' title='bbox 378 1943 520 2008; x_wconf 90' lang='lat' dir='ltr'><strong>plura</strong></span> <span class='ocrx_word' id='word_1_191' title='bbox 560 1943 806 1993; x_wconf 89' lang='lat' dir='ltr'><strong>donantur</strong></span> <span class='ocrx_word' id='word_1_192' title='bbox 844 1942 1192 2007; x_wconf 82' lang='lat' dir='ltr'><strong>histrionibuS,</strong></span> <span class='ocrx_word' id='word_1_193' title='bbox 1233 1958 1380 2008; x_wconf 92' lang='lat' dir='ltr'><strong>quam</strong></span> <span class='ocrx_word' id='word_1_194' title='bbox 1418 1950 1537 1993; x_wconf 90' lang='lat' dir='ltr'><strong>tunc</strong></span> <span class='ocrx_word' id='word_1_195' title='bbox 1576 1942 1777 2007; x_wconf 92' lang='lat' dir='ltr'><strong>legioni-</strong></span> 
     </span>
     <span class='ocr_line' id='line_1_26' title="bbox 92 2013 1192 2082; baseline 0.001 -17"><span class='ocrx_word' id='word_1_196' title='bbox 92 2013 186 2066; x_wconf 91' lang='lat' dir='ltr'><strong>bus</strong></span> <span class='ocrx_word' id='word_1_197' title='bbox 224 2032 316 2082; x_wconf 88' lang='lat' dir='ltr'><strong>pro</strong></span> <span class='ocrx_word' id='word_1_198' title='bbox 357 2023 575 2066; x_wconf 85' lang='lat' dir='ltr'><strong>extrema</strong></span> <span class='ocrx_word' id='word_1_199' title='bbox 615 2016 770 2066; x_wconf 90' lang='lat' dir='ltr'><strong>salute</strong></span> <span class='ocrx_word' id='word_1_200' title='bbox 810 2016 1002 2066; x_wconf 88' lang='lat' dir='ltr'><strong>conlata</strong></span> <span class='ocrx_word' id='word_1_201' title='bbox 1042 2014 1192 2066; x_wconf 81' lang='lat' dir='ltr'><strong>sunt?</strong></span> 
     </span>
    </p>
   </div>
   <div class='ocr_carea' id='block_1_3' title="bbox 761 2174 1108 2229">
    <p class='ocr_par' dir='ltr' id='par_1_3' title="bbox 761 2174 1108 2229">
     <span class='ocr_line' id='line_1_27' title="bbox 761 2174 1108 2229; baseline -0.003 0"><span class='ocrx_word' id='word_1_202' title='bbox 761 2174 957 2229; x_wconf 78' lang='lat' dir='ltr'>CAPUT</span> <span class='ocrx_word' id='word_1_203' title='bbox 991 2175 1108 2228; x_wconf 92' lang='lat' dir='ltr'><strong>XX.</strong></span> 
     </span>
    </p>
   </div>
   <div class='ocr_carea' id='block_1_4' title="bbox 68 2282 1776 2418">
    <p class='ocr_par' dir='ltr' id='par_1_4' title="bbox 68 2282 1776 2418">
     <span class='ocr_line' id='line_1_28' title="bbox 95 2282 1776 2346; baseline 0.001 -16"><span class='ocrx_word' id='word_1_204' title='bbox 95 2282 171 2332; x_wconf 84' lang='lat' dir='ltr'><strong>De</strong></span> <span class='ocrx_word' id='word_1_205' title='bbox 202 2284 354 2332; x_wconf 74' lang='lat' dir='ltr'><strong>exitio</strong></span> <span class='ocrx_word' id='word_1_206' title='bbox 381 2282 794 2344; x_wconf 70' lang='lat' dir='ltr'><strong>Saquntz&#39;norum,</strong></span> <span class='ocrx_word' id='word_1_207' title='bbox 834 2283 1015 2343; x_wconf 73' lang='lat' dir='ltr'><strong>quibus</strong></span> <span class='ocrx_word' id='word_1_208' title='bbox 1048 2287 1261 2346; x_wconf 83' lang='lat' dir='ltr'><strong>propter</strong></span> <span class='ocrx_word' id='word_1_209' title='bbox 1285 2283 1630 2333; x_wconf 80' lang='lat' dir='ltr'><strong>Romanorum</strong></span> <span class='ocrx_word' id='word_1_210' title='bbox 1657 2285 1776 2331; x_wconf 76' lang='lat' dir='ltr'><strong>ami-</strong></span> 
     </span>
     <span class='ocr_line' id='line_1_29' title="bbox 68 2356 1725 2418; baseline 0 -14"><span class='ocrx_word' id='word_1_211' title='bbox 68 2388 76 2389; x_wconf 21' lang='grc' dir='ltr'><em>κ</em></span> <span class='ocrx_word' id='word_1_212' title='bbox 146 2357 318 2405; x_wconf 77' lang='lat' dir='ltr'><strong>citiam</strong></span> <span class='ocrx_word' id='word_1_213' title='bbox 345 2357 675 2418; x_wconf 76' lang='lat' dir='ltr'><strong>pereuntibus</strong></span> <span class='ocrx_word' id='word_1_214' title='bbox 708 2357 784 2405; x_wconf 70' lang='lat' dir='ltr'><strong>die·</strong></span> <span class='ocrx_word' id='word_1_215' title='bbox 812 2356 1034 2406; x_wconf 76' lang='lat' dir='ltr'><strong>Romani</strong></span> <span class='ocrx_word' id='word_1_216' title='bbox 1062 2359 1310 2406; x_wconf 68' lang='lat' dir='ltr'><strong>auxilium</strong></span> <span class='ocrx_word' id='word_1_217' title='bbox 1349 2371 1448 2406; x_wconf 78' lang='lat' dir='ltr'><strong>non</strong></span> <span class='ocrx_word' id='word_1_218' title='bbox 1489 2359 1725 2407; x_wconf 77' lang='lat' dir='ltr'><strong>tulerunt.</strong></span> 
     </span>
    </p>
   </div>
   <div class='ocr_carea' id='block_1_5' title="bbox 97 2457 1779 2672">
    <p class='ocr_par' dir='ltr' id='par_1_5' title="bbox 97 2457 1779 2672">
     <span class='ocr_line' id='line_1_30' title="bbox 243 2457 1779 2509; baseline 0.001 -3"><span class='ocrx_word' id='word_1_219' title='bbox 243 2457 339 2507; x_wconf 92' lang='lat' dir='ltr'><strong>Sed</strong></span> <span class='ocrx_word' id='word_1_220' title='bbox 378 2460 428 2507; x_wconf 90' lang='lat' dir='ltr'><strong>in</strong></span> <span class='ocrx_word' id='word_1_221' title='bbox 468 2457 544 2507; x_wconf 90' lang='lat' dir='ltr'><strong>his</strong></span> <span class='ocrx_word' id='word_1_222' title='bbox 592 2457 820 2508; x_wconf 90' lang='lat' dir='ltr'><strong>omnibus</strong></span> <span class='ocrx_word' id='word_1_223' title='bbox 867 2457 982 2508; x_wconf 90' lang='lat' dir='ltr'><strong>belli</strong></span> <span class='ocrx_word' id='word_1_224' title='bbox 1020 2458 1196 2509; x_wconf 88' lang='lat' dir='ltr'><strong>Punici</strong></span> <span class='ocrx_word' id='word_1_225' title='bbox 1236 2459 1440 2509; x_wconf 90' lang='lat' dir='ltr'><strong>secundi</strong></span> <span class='ocrx_word' id='word_1_226' title='bbox 1480 2459 1619 2509; x_wconf 90' lang='lat' dir='ltr'><strong>malis</strong></span> <span class='ocrx_word' id='word_1_227' title='bbox 1659 2458 1779 2508; x_wconf 90' lang='lat' dir='ltr'><strong>nihil</strong></span> 
     </span>
     <span class='ocr_line' id='line_1_31' title="bbox 97 2531 1779 2598; baseline -0.001 -17"><span class='ocrx_word' id='word_1_228' title='bbox 97 2531 422 2581; x_wconf 89' lang='lat' dir='ltr'><strong>miserabilius</strong></span> <span class='ocrx_word' id='word_1_229' title='bbox 469 2547 524 2580; x_wconf 94' lang='lat' dir='ltr'><strong>ac</strong></span> <span class='ocrx_word' id='word_1_230' title='bbox 571 2531 839 2581; x_wconf 87' lang='lat' dir='ltr'><strong>miserabili</strong></span> <span class='ocrx_word' id='word_1_231' title='bbox 885 2531 1103 2597; x_wconf 90' lang='lat' dir='ltr'><strong>querella</strong></span> <span class='ocrx_word' id='word_1_232' title='bbox 1151 2532 1346 2597; x_wconf 86' lang='lat' dir='ltr'><strong>dignius</strong></span> <span class='ocrx_word' id='word_1_233' title='bbox 1388 2549 1535 2598; x_wconf 89' lang='lat' dir='ltr'><strong>quam</strong></span> <span class='ocrx_word' id='word_1_234' title='bbox 1576 2534 1779 2582; x_wconf 86' lang='lat' dir='ltr'><strong>exitium</strong></span> 
     </span>
     <span class='ocr_line' id='line_1_32' title="bbox 99 2602 1776 2672; baseline 0.001 -19"><span class='ocrx_word' id='word_1_235' title='bbox 99 2602 483 2670; x_wconf 87' lang='lat' dir='ltr'><strong>Saguntinorum</strong></span> <span class='ocrx_word' id='word_1_236' title='bbox 529 2605 634 2655; x_wconf 88' lang='lat' dir='ltr'><strong>fuit.</strong></span> <span class='ocrx_word' id='word_1_237' title='bbox 712 2605 842 2655; x_wconf 88' lang='lat' dir='ltr'><strong>Haec</strong></span> <span class='ocrx_word' id='word_1_238' title='bbox 891 2608 1072 2672; x_wconf 91' lang='lat' dir='ltr'><strong>quippe</strong></span> <span class='ocrx_word' id='word_1_239' title='bbox 1119 2606 1381 2672; x_wconf 87' lang='lat' dir='ltr'><strong>Hispaniae</strong></span> <span class='ocrx_word' id='word_1_240' title='bbox 1435 2608 1605 2656; x_wconf 85' lang='lat' dir='ltr'><strong>civitas</strong></span> <span class='ocrx_word' id='word_1_241' title='bbox 1661 2607 1776 2655; x_wconf 88' lang='lat' dir='ltr'><strong>ami-</strong></span> 
     </span>
    </p>
   </div>
   <div class='ocr_carea' id='block_1_6' title="bbox 99 2804 1777 2922">
    <p class='ocr_par' dir='ltr' id='par_1_6' title="bbox 99 2804 1777 2922">
     <span class='ocr_line' id='line_1_33' title="bbox 215 2804 1777 2863; baseline 0 -14"><span class='ocrx_word' id='word_1_242' title='bbox 215 2810 240 2849; x_wconf 80' lang='grc'>5</span> <span class='ocrx_word' id='word_1_243' title='bbox 273 2805 514 2851; x_wconf 84' lang='lat' dir='ltr'><strong>infimioris</strong></span> <span class='ocrx_word' id='word_1_244' title='bbox 549 2806 786 2853; x_wconf 75' lang='lat' dir='ltr'><strong>Parr.K¹v</strong></span> <span class='ocrx_word' id='word_1_245' title='bbox 817 2807 966 2861; x_wconf 83' lang='lat' dir='ltr'><strong>(Neue</strong></span> <span class='ocrx_word' id='word_1_246' title='bbox 1005 2807 1072 2850; x_wconf 89' lang='lat' dir='ltr'><strong>II</strong></span> <span class='ocrx_word' id='word_1_247' title='bbox 1078 2806 1094 2832; x_wconf 80' lang='lat'>²</span> <span class='ocrx_word' id='word_1_248' title='bbox 1121 2821 1169 2863; x_wconf 81' lang='lat' dir='ltr'><strong>p.</strong></span> <span class='ocrx_word' id='word_1_249' title='bbox 1195 2810 1328 2861; x_wconf 81' lang='lat'><em>130);</em></span> <span class='ocrx_word' id='word_1_250' title='bbox 1367 2806 1535 2850; x_wconf 84' lang='lat' dir='ltr'><strong>infirm.</strong></span> <span class='ocrx_word' id='word_1_251' title='bbox 1568 2804 1739 2849; x_wconf 82' lang='lat' dir='ltr'><em>AK²F</em></span> <span class='ocrx_word' id='word_1_252' title='bbox 1766 2805 1777 2862; x_wconf 66' lang='lat' dir='ltr'><strong>i}</strong></span> 
     </span>
     <span class='ocr_line' id='line_1_34' title="bbox 99 2864 1569 2922; baseline 0.001 -15"><span class='ocrx_word' id='word_1_253' title='bbox 99 2866 126 2907; x_wconf 87' lang='grc'><strong>9</strong></span> <span class='ocrx_word' id='word_1_254' title='bbox 158 2876 214 2908; x_wconf 80' lang='lat' dir='ltr'><strong>ex</strong></span> <span class='ocrx_word' id='word_1_255' title='bbox 243 2864 337 2908; x_wconf 87' lang='lat' dir='ltr'><strong>illis</strong></span> <span class='ocrx_word' id='word_1_256' title='bbox 368 2879 394 2909; x_wconf 87' lang='grc' dir='ltr'><strong><em>υ</em></strong></span> <span class='ocrx_word' id='word_1_257' title='bbox 418 2867 433 2922; x_wconf 72' lang='grc' dir='ltr'><strong>ΙΙ</strong></span> <span class='ocrx_word' id='word_1_258' title='bbox 458 2870 512 2910; x_wconf 89' lang='grc'><strong>19</strong></span> <span class='ocrx_word' id='word_1_259' title='bbox 546 2879 709 2910; x_wconf 86' lang='lat' dir='ltr'><strong>aureos</strong></span> <span class='ocrx_word' id='word_1_260' title='bbox 741 2880 824 2910; x_wconf 87' lang='lat' dir='ltr'><strong>om.</strong></span> <span class='ocrx_word' id='word_1_261' title='bbox 849 2865 968 2909; x_wconf 84' lang='lat' dir='ltr'><strong>A¹F</strong></span> <span class='ocrx_word' id='word_1_262' title='bbox 994 2866 1072 2920; x_wconf 78' lang='lat' dir='ltr'><strong>(cf.</strong></span> <span class='ocrx_word' id='word_1_263' title='bbox 1098 2866 1275 2910; x_wconf 78' lang='lat' dir='ltr'><strong>Florus</strong></span> <span class='ocrx_word' id='word_1_264' title='bbox 1298 2870 1341 2918; x_wconf 87' lang='lat'><strong>1,</strong></span> <span class='ocrx_word' id='word_1_265' title='bbox 1366 2869 1448 2917; x_wconf 78' lang='lat'><strong>22,</strong></span> <span class='ocrx_word' id='word_1_266' title='bbox 1475 2868 1569 2919; x_wconf 79' lang='lat'><em>24).</em></span> 
     </span>
    </p>
   </div>
   <div class='ocr_carea' id='block_1_7' title="bbox 185 2943 1425 2983">
    <p class='ocr_par' dir='ltr' id='par_1_7' title="bbox 185 2943 1425 2983">
     <span class='ocr_line' id='line_1_35' title="bbox 185 2943 1425 2983; baseline 0.002 -5"><span class='ocrx_word' id='word_1_267' title='bbox 185 2954 279 2980; x_wconf 75' lang='grc' dir='ltr'>Δσα.</span> <span class='ocrx_word' id='word_1_268' title='bbox 303 2955 355 2979; x_wconf 81' lang='lat' dir='ltr'><strong>m:</strong></span> <span class='ocrx_word' id='word_1_269' title='bbox 379 2955 457 2981; x_wconf 77' lang='lat' dir='ltr'><strong>mv.</strong></span> <span class='ocrx_word' id='word_1_270' title='bbox 482 2956 562 2980; x_wconf 77' lang='lat' dir='ltr'><strong>nm.</strong></span> <span class='ocrx_word' id='word_1_271' title='bbox 599 2947 631 2983; x_wconf 85' lang='grc' dir='ltr'><strong>Ι.</strong></span> <span class='ocrx_word' id='word_1_272' title='bbox 1402 2943 1425 2981; x_wconf 85' lang='grc'>9</span> 
     </span>
    </p>
   </div>
   <div class='ocr_carea' id='block_1_8' title="bbox 1811 553 1837 593">
    <p class='ocr_par' dir='ltr' id='par_1_8' title="bbox 1811 553 1837 593">
     <span class='ocr_line' id='line_1_36' title="bbox 1811 553 1837 593; baseline 0 0"><span class='ocrx_word' id='word_1_273' title='bbox 1811 553 1837 593; x_wconf 84' lang='grc'>5</span> 
     </span>
    </p>
   </div>
   <div class='ocr_carea' id='block_1_9' title="bbox 1815 922 1867 961">
    <p class='ocr_par' dir='ltr' id='par_1_9' title="bbox 1815 922 1867 961">
     <span class='ocr_line' id='line_1_37' title="bbox 1815 922 1867 961; baseline 0.019 -1"><span class='ocrx_word' id='word_1_274' title='bbox 1815 922 1867 961; x_wconf 90' lang='grc'><strong>10</strong></span> 
     </span>
    </p>
   </div>
   <div class='ocr_carea' id='block_1_10' title="bbox 1815 1289 1867 1330">
    <p class='ocr_par' dir='ltr' id='par_1_10' title="bbox 1815 1289 1867 1330">
     <span class='ocr_line' id='line_1_38' title="bbox 1815 1289 1867 1330; baseline 0.019 -1"><span class='ocrx_word' id='word_1_275' title='bbox 1815 1289 1867 1330; x_wconf 86' lang='lat'><strong>15</strong></span> 
     </span>
    </p>
   </div>
   <div class='ocr_carea' id='block_1_11' title="bbox 1810 1658 1866 1699">
    <p class='ocr_par' dir='ltr' id='par_1_11' title="bbox 1810 1658 1866 1699">
     <span class='ocr_line' id='line_1_39' title="bbox 1810 1658 1866 1699; baseline 0.018 -1"><span class='ocrx_word' id='word_1_276' title='bbox 1810 1658 1866 1699; x_wconf 81' lang='lat'><strong>20</strong></span> 
     </span>
    </p>
   </div>
   <div class='ocr_carea' id='block_1_12' title="bbox 1810 2026 1865 2066">
    <p class='ocr_par' dir='ltr' id='par_1_12' title="bbox 1810 2026 1865 2066">
     <span class='ocr_line' id='line_1_40' title="bbox 1810 2026 1865 2066; baseline 0 0"><span class='ocrx_word' id='word_1_277' title='bbox 1810 2026 1865 2066; x_wconf 79' lang='lat'><strong>25</strong></span> 
     </span>
    </p>
   </div>
   <div class='ocr_carea' id='block_1_13' title="bbox 1810 2542 1864 2581">
    <p class='ocr_par' dir='ltr' id='par_1_13' title="bbox 1810 2542 1864 2581">
     <span class='ocr_line' id='line_1_41' title="bbox 1810 2542 1864 2581; baseline 0 0"><span class='ocrx_word' id='word_1_278' title='bbox 1810 2542 1864 2581; x_wconf 89' lang='lat'><strong>30</strong></span> 
     </span>
    </p>
   </div>
  </div>
 </body>
</html>
