2020 3122
241 136 352 188 450
914 143 947 178 s.
972 144 1270 201 Aneus'rmr

245 259 461 308 solvetur
501 273 526 305 a
566 271 796 322 corpore,
842 271 935 305 nec
981 271 1214 320 umquam
1267 257 1453 306 carebit
1497 256 1824 322 beatitudine,
1871 261 1928 324 si,

245 339 301 381 ut
339 331 480 380 beata
519 331 583 378 sit
621 331 803 395 anima,
843 345 1024 394 corpus
1063 338 1139 379 est
1177 346 1321 379 omne
1362 327 1685 393 fugiendum?
1761 329 1927 379 Solem

246 419 442 469 quoque
482 405 633 452 istum
673 410 722 452 et
761 411 926 452 cetera
965 403 1126 452 sidera
1159 419 1258 452 non
1289 403 1449 452 solum
1486 405 1539 451 in
1576 396 1716 451 libris
1748 405 1925 452 vestris

161 529 170 537 ,
247 492 454 542 corpora
493 491 602 525 esse
644 477 884 543 fatemini,
931 477 1063 540 quod
1103 476 1358 526 vobiscum
1397 491 1568 524 omnes
1614 476 1840 525 homines
1881 483 1933 525 et

161 926 214 965 10

161 1292 214 1330 15

161 1657 216 1696 20

165 2022 219 2061 25

165 2389 221 2428 30

247 552 534 615 conspicere
574 565 673 598 non
707 555 1003 599 cunctantur
1043 556 1092 599 et
1130 550 1315 615 dicere;
1359 564 1530 615 verum
1562 550 1709 598 etiam
1741 549 1930 615 altiore,

246 631 302 673 ut
339 625 539 689 putatiS,
578 625 755 687 peritia
785 623 905 672 haec
940 638 1048 671 esse
1081 622 1305 672 animalia
1335 622 1615 671 beatissima
1655 622 1928 687 perhibetis

247 705 296 746 et
335 712 447 746 cum
488 697 564 745 his
603 695 896 761 corporibus
937 698 1248 760 sempiterna.
1327 695 1455 753 Quid
1495 711 1612 760 ergo
1653 702 1744 762 est,
1782 695 1932 759 quod,

248 786 360 820 cum
407 769 545 818 vobis
592 770 713 818 fides
763 768 1037 818 Christiana
1091 769 1349 835 suadetur,
1403 776 1522 818 tunc
1571 768 1930 834 obliviscimini,

247 851 332 892 aut
354 846 581 908 ignorare
606 858 692 891 vos
724 844 921 908 fingitiS,
955 842 1071 906 quid
1099 842 1350 907 disputare
1376 849 1460 892 aut
1492 842 1670 891 docere
1697 839 1932 891 soleatis?

249 917 375 974 Quid
417 931 590 966 causae
632 923 728 982 est,
770 930 859 964 cur
898 922 1102 980 propter
1142 917 1399 980 opiniones
1438 922 1651 977 vestraS,
1692 930 1813 980 quas
1842 930 1931 964 vos

246 992 341 1054 ipsi
381 990 696 1054 oppugnatiS,
737 987 1001 1037 Christiani
1042 1004 1149 1038 esse
1190 989 1377 1055 nolitiS,
1416 991 1511 1038 nisi
1552 991 1665 1053 quia
1702 988 1930 1038 Christus

246 1063 498 1112 humiliter
536 1064 670 1110 venit
717 1069 767 1110 et
818 1077 903 1110 vos
951 1062 1152 1126 superbi
1199 1059 1355 1111 estis?
1431 1062 1601 1120 Qualia
1647 1068 1931 1111 sanctorum

248 1151 454 1201 corpora
487 1138 537 1184 in
570 1137 937 1185 resurrectione
972 1137 1137 1185 futura
1171 1138 1283 1202 sint,
1314 1142 1480 1200 potest
1512 1135 1760 1200 aliquanto
1793 1150 1929 1184 scru-

247 1209 469 1274 pulosius
538 1211 669 1258 inter
731 1207 1121 1258 Christianarum
1191 1211 1550 1274 scripturarum
1621 1209 1931 1258 doctissimos

248 1284 510 1347 disputar53
550 1282 716 1331 futura
755 1289 919 1331 tamen
960 1284 1259 1346 sempiterna
1297 1284 1498 1331 minime
1540 1281 1842 1347 dubitamUS,
1883 1287 1933 1330 et
1992 1290 1996 1293 ’

248 1356 361 1405 talia
393 1357 572 1421 futura,
612 1355 754 1419 quale
786 1370 872 1404 sua
914 1357 1278 1404 resurrectione
1313 1355 1538 1406 Christus
1579 1356 1932 1404 demonstravit

249 1429 540 1494 exemplum.
627 1428 723 1476 Sed
773 1428 1145 1493 qualiacumque
1194 1431 1313 1494 sint,
1369 1443 1482 1478 cum
1539 1426 1933 1493 incorruptibilia

246 1517 454 1567 prorsus
501 1508 551 1550 et
595 1501 870 1550 inmortalia
917 1502 1168 1566 nihiloque
1216 1504 1404 1551 animae
1455 1502 1934 1567 contemplationem,

250 1591 345 1640 qua
383 1577 434 1623 in
467 1574 567 1623 Deo
608 1575 795 1641 figitur,
836 1575 1136 1639 inpedientia
1174 1575 1522 1639 praedicentur
1560 1590 1745 1639 vosque
1785 1576 1932 1623 etiam

251 1649 422 1697 dicatis
463 1662 571 1696 esse
612 1649 664 1696 in
705 1647 999 1697 caelestibus
1044 1648 1319 1697 inmortalia
1360 1664 1564 1713 corpora
1606 1647 1934 1697 inmortaliter

249 1722 530 1770 beatorum:
571 1720 689 1784 quid
722 1728 798 1769 est
829 1722 975 1788 quod,
1015 1728 1070 1770 ut
1101 1721 1233 1771 beati
1265 1724 1433 1787 simUS,
1466 1736 1611 1770 omne
1645 1736 1826 1786 corpus
1858 1721 1931 1769 fu-

250 1795 481 1859 giendum
534 1809 642 1842 esse
683 1796 971 1858 opinamini,
1019 1802 1075 1844 ut
1121 1795 1267 1844 fidem
1307 1794 1633 1844 Christianam
1680 1795 1820 1858 quasi
1859 1808 1934 1842 ra-

250 1867 552 1917 tionabiliter
605 1867 776 1931 fugere
824 1867 1107 1934 videamini,
1161 1870 1256 1917 nisi
1308 1870 1422 1932 quia
1476 1867 1594 1917 illud
1650 1874 1748 1932 est,
1803 1866 1934 1931 quod

251 1944 433 1991 iterum
474 1940 606 1989 dico:
648 1939 872 1989 Christus
905 1947 982 1990 est
1019 1941 1240 2006 humilis,
1280 1957 1365 1990 vos
1398 1937 1636 2017 superbi?
1697 1940 1771 1988 An
1803 1941 1930 1989 forte
1965 1949 1970 1954 ’

253 2016 434 2078 corrigi
480 2010 668 2078 pudet?
743 2013 806 2062 Et
851 2014 944 2062 hoc
983 2016 1156 2063 vitium
1196 2030 1292 2063 non
1343 2016 1438 2063 nisi
1478 1995 1806 2079 superborum
1845 2020 1935 2062 est

252 2088 412 2136 Pudet
449 2086 676 2135 videlicet
717 2086 888 2136 doctos
926 2087 1152 2136 homines
1184 2103 1244 2136 ex
1283 2087 1537 2152 discipulis
1568 2087 1784 2136 Platonis
1824 2075 1931 2134 fieri

254 2159 521 2224 discipulos
555 2159 752 2225 Christi,
786 2163 869 2224 qui
900 2162 1196 2224 piscatorem
1229 2176 1318 2210 suo
1352 2163 1529 2225 spiritu
1562 2161 1730 2209 docuit
1762 2173 1935 2224 sapere

254 2249 308 2282 ac
356 2233 543 2281 dicere:
600 2234 660 2281 In
701 2236 958 2296 principio
1007 2240 1121 2283 erat
1178 2235 1411 2296 Verbum,
1461 2241 1510 2283 et
1559 2234 1772 2282 Verbum
1823 2238 1936 2281 erat

255 2309 395 2369 apud
424 2307 598 2368 Deum,
631 2313 680 2355 et
711 2307 847 2355 Deus
880 2314 994 2356 erat
1035 2308 1264 2356 Verbum.
1311 2308 1420 2356 Hoc
1453 2314 1568 2356 erat
1599 2310 1650 2355 in
1676 2308 1936 2369 principio

255 2382 395 2443 apud
432 2380 605 2428 Deum.
689 2379 864 2428 Omnia
897 2395 995 2442 per
1035 2383 1194 2443 ipsum
1228 2380 1375 2442 faeta
1413 2387 1549 2442 sunt,
1599 2386 1647 2428 et
1683 2382 1792 2428 sine
1829 2381 1936 2440 ipso

249 2453 445 2515 factum
486 2459 559 2502 est
597 2454 735 2518 nibil,
776 2455 912 2514 quod
943 2453 1140 2514 factum
1180 2460 1265 2503 est.
1330 2454 1390 2502 In
1431 2457 1536 2515 ipso
1575 2456 1679 2502 vita
1719 2457 1845 2512 erat,
1885 2457 1935 2500 et
1963 2485 1978 2494 ψ

254 2530 357 2575 vita
389 2533 503 2575 erat
541 2528 630 2575 lux
669 2528 941 2587 hominum,
981 2532 1029 2575 et
1068 2530 1157 2576 lux
1189 2530 1240 2576 in
1273 2529 1491 2576 tenebris
1524 2530 1676 2586 lucet,
1717 2531 1766 2575 et
1803 2530 1936 2574 tene—

256 2602 380 2648 brae
434 2614 544 2648 eam
597 2613 698 2648 non
753 2601 1241 2661 conprehenderunt.
1335 2599 1477 2657 Quod
1530 2601 1725 2648 initium
1781 2598 1936 2646 sancti

377 2804 430 2842 13
463 2798 702 2854 aliquanto
733 2798 881 2842 AKF
906 2802 1003 2852 (80,
1028 2803 1084 2851 8,·
1116 2800 1143 2842 l.
1169 2803 1236 2844 22
1270 2813 1304 2845 e.
1331 2804 1362 2844 8
1393 2812 1427 2843 s,
1450 2800 1529 2854 fin.
1562 2798 1800 2854 aliquanto
1832 2796 1936 2841 dili-

256 2857 439 2914 gentius
474 2893 483 2901 .
519 2892 528 2901 .
562 2856 837 2914 disputare);
870 2856 1119 2912 aliquando
1150 2872 1176 2902 v
