2020 3122
579 154 644 186 DE
668 152 907 186 c1vrrA'rE
931 155 1020 187 Dm
1042 156 1084 188 L.
1109 156 1218 189 vm.
1241 156 1278 189 6.
1303 159 1356 190 26.
1690 145 1798 197 365

118 262 264 315 vat‘?“
337 263 428 314 Hic
469 266 600 314 enim
638 264 847 314 Hermes
887 268 1062 327 maior,
1110 269 1159 316 id
1200 276 1275 317 est
1313 268 1610 329 Μ6161111113,
1651 284 1796 333 quem

119 339 240 389 dicit
279 354 422 388 avum
454 353 599 388 31111111
638 339 814 403 fuisse,
853 340 903 387 in
936 339 1241 407 Hermopoli,
1280 342 1373 390 hoc
1406 349 1482 391 est
1519 343 1570 391 in
1604 344 1681 392 sui
1712 359 1796 392 no-

117 415 263 463 minis
297 414 513 478 civitate,
552 427 661 461 esse
701 412 1006 476 perhibetur.
1075 414 1202 463 Ecce
1237 415 1360 464 duos
1400 416 1517 464 deos
1557 416 1675 465 dicit
1712 416 1796 464 ho-

116 489 275 536 mines
315 487 491 552 fuisse,
531 485 876 549 Aesculapium
917 492 966 534 et
1003 486 1318 537 Mercurium.
1390 489 1485 537 Sed
1526 489 1584 538 de
1617 491 1795 539 Aescu-

115 560 244 626 lapio
293 566 342 608 et
382 559 557 608 Graeci
604 566 653 608 et
692 558 852 608 Latini
898 559 991 608 hoc
1040 560 1170 609 idem
1210 564 1449 626 sentiunt3
1499 563 1797 612 Mercurium
1831 573 1856 612 5

117 640 282 683 autem
315 633 457 682 multi
489 648 587 681 non
618 639 798 697 putant
829 633 981 681 fuisse
1013 635 1292 699 mortalem,
1333 651 1479 698 quem
1511 643 1672 684 tamen
1705 639 1796 685 iste

38 703 43 707 ’
118 723 262 757 avum
302 723 447 756 suum
487 707 638 755 fuisse
680 713 905 756 testatur.
983 708 1043 756 At
1083 710 1214 756 enim
1254 709 1377 756 alius
1419 715 1492 756 est
1531 709 1632 774 ille,
1677 710 1797 758 alius

118 783 234 847 iste,
283 782 502 845 quamvis
543 780 716 829 eodem
765 782 962 829 nomine
1004 789 1367 846 nuncupentur.
1444 781 1552 829 Non
1591 782 1799 830 multum

118 870 300 922 pugno,
331 854 455 904 alius
486 854 567 903 1116
601 856 678 915 sit,
719 854 843 903 alius
874 856 990 919 iste3
1030 870 1201 904 verum
1235 863 1282 904 et
1314 858 1421 921 iste,
1462 857 1590 904 sicut
1621 856 1798 904 Aescu-

117 929 296 993 lapiuS‚
337 944 398 977 ex
435 928 632 977 homine
672 927 795 978 deus
829 928 1100 978 secundum
1141 931 1479 978 testimonium
1518 931 1641 978 tanti
1673 929 1800 993 apud
1836 940 1888 979 10

120 1017 237 1051 suos
276 1003 391 1068 viri,
429 1001 577 1051 huius
617 1002 948 1068 Trismegisti,
988 1005 1183 1067 nepotis
1224 1005 1313 1052 sui.

266 1075 438 1125 Adhuc
478 1075 611 1126 addit
651 1083 699 1125 et
746 1076 888 1126 dicit:
932 1075 1065 1142 „Isin
1104 1093 1220 1126 vero
1261 1076 1417 1125 Osiris
1466 1092 1610 1140 quam
1650 1076 1801 1126 multa

119 1149 248 1199 hona
285 1156 537 1214 praestare
576 1152 862 1217 propitiam,
903 1152 1098 1215 quantis
1138 1151 1312 1199 obesse
1355 1152 1536 1199 scimus
1575 1146 1803 1200 irataml“

119 1223 305 1273 Deinde
345 1230 402 1273 ut
441 1223 728 1274 ostenderet
766 1239 827 1273 ex
864 1223 958 1272 hoc
999 1239 1180 1288 genere
1222 1240 1330 1273 esse
1371 1225 1510 1289 (1603,
1557 1239 1681 1288 quos
1721 1224 1802 1273 illa

120 1303 225 1346 arte
278 1297 504 1346 homines
567 1298 754 1347 faciunt
810 1293 966 1366 (unde
1022 1298 1103 1347 dat
1157 1298 1376 1362 intellegi
1430 1298 1691 1346 daemones
1749 1313 1800 1346 se
1836 1306 1888 1345 15

121 1373 313 1436 opinari
345 1387 405 1420 ex
434 1371 691 1421 hominum
722 1378 1035 1421 mortuorum
1067 1374 1243 1421 animis
1276 1373 1519 1437 extitisse,
1560 1387 1682 1435 quos
1714 1387 1803 1436 per

120 1451 298 1510 artem,
353 1460 499 1509 quam
555 1447 854 1495 invenerunt
907 1445 1132 1495 homines
1179 1446 1388 1495 multum
1435 1452 1677 1510 611311163,
1732 1447 1802 1493 111-

122 1518 312 1568 creduli
352 1525 401 1568 et
438 1519 731 1587 inreligiosi,
778 1522 846 1568 ait
883 1519 1066 1568 inditos
1108 1519 1406 1584 simulacriS,
1455 1521 1567 1583 quia
1606 1518 1679 1581 hi,
1720 1520 1803 1583 qui

120 1592 243 1642 tales
282 1593 402 1642 deos
442 1593 706 1660 faciehant,
754 1595 939 1642 animas
980 1594 1142 1642 facere
1184 1609 1283 1642 non
1322 1595 1496 1657 utique
1534 1588 1804 1658 poterant),

121 1681 235 1715 cum
266 1666 326 1715 de
357 1666 486 1716 Iside
520 1667 738 1734 dixisset,
777 1667 908 1732 quod
942 1669 1334 1732 commemoravi,
1372 1668 1598 1732 „quantis
1631 1665 1803 1714 obesse
1836 1674 1891 1712 20

121 1742 304 1809 scimus
350 1738 570 1808 iratam“,
617 1747 819 1791 secutus
867 1741 1108 1790 adiunxit:
1159 1741 1428 1807 „Terrenis
1475 1740 1655 1788 etenim
1711 1739 1804 1787 diis

121 1821 269 1878 atque
300 1814 562 1863 mundanis
601 1815 741 1864 facile
776 1823 852 1864 est
890 1817 1052 1881 irasci,
1092 1821 1262 1880 utpote
1305 1815 1389 1878 qui
1421 1815 1519 1862 sint
1551 1812 1609 1860 ab
1650 1811 1802 1860 homi-

122 1887 268 1936 nihus
324 1903 382 1937 ex
437 1894 649 1953 utraque
705 1895 882 1938 natura
935 1890 1052 1938 facti
1105 1895 1251 1952 atque
1308 1882 1612 1951 001npositi.“
1699 1884 1804 1951 „Ex

109 1967 332 2026 utraque
371 1958 578 2011 natura“
615 1962 734 2011 dicit
774 1978 833 2011 ex
872 1964 1031 2011 anima
1072 1969 1120 2011 et
1160 1977 1390 2027 corpore,
1430 1967 1485 2009 ut
1522 1975 1612 2024 pro
1646 1961 1805 2007 anima

124 2036 188 2083 sit
226 2035 456 2101 daemon,
493 2051 584 2101 pro
618 2051 826 2100 corpore
867 2036 1198 2085 simulacrum.
1265 2034 1435 2102 „Unde
1469 2034 1693 2097 contigit,
1732 2034 1803 2080 in·
1837 2040 1891 2079 25

124 2109 252 2175 quit,
292 2108 351 2157 ab
382 2108 634 2174 Aegyptiis
673 2109 794 2159 haec
835 2116 1002 2159 sancta
1042 2109 1265 2158 animalia
1297 2108 1573 2172 nuncupari
1613 2106 1803 2170 colique

123 2197 214 2246 per
253 2182 470 2247 singulas
509 2184 731 2232 civitates
771 2199 944 2233 eorum
985 2185 1192 2249 animas,
1233 2197 1442 2247 quorum
1481 2186 1596 2229 sunt
1635 2194 1803 2228 conse·

125 2261 287 2305 cratae
319 2258 560 2323 viventeS,
599 2259 668 2306 ita
706 2263 762 2306 ut
801 2273 984 2313 eorum*
1013 2256 1204 2321 legibus
1244 2255 1522 2304 incolantur
1554 2260 1602 2302 et
1633 2266 1804 2301 eorum

125 2329 408 2379 nominihus
454 2326 863 2396 nuncupentur.“
938 2330 1033 2379 Ubi
1072 2337 1147 2379 est
1196 2329 1276 2378 illa
1316 2329 1448 2378 velut
1487 2326 1685 2391 querela
1731 2325 1802 2373 lu-

128 2409 318 2470 ctuosa,
359 2403 490 2468 quod
530 2410 664 2453 terra
695 2403 925 2470 Aegypti,
964 2405 1272 2453 sanctissima
1305 2402 1446 2451 sedes
1486 2399 1802 2448 delubrorum
1836 2407 1891 2445 30

126 2482 272 2540 atque
309 2476 622 2544 templorum,
661 2477 1005 2542 sepulcrorum
1037 2479 1203 2526 sutura
1237 2482 1367 2524 esset
1398 2479 1801 2534 mortuorumque

126 2547 443 2613 plenissima?
511 2550 698 2616 Nempe
731 2553 935 2616 spiritus
967 2551 1123 2616 fallax,
1155 2552 1296 2598 cuius
1327 2549 1563 2597 instinctu
1597 2544 1803 2592 Hermes

126 2624 222 2671 ista
268 2623 482 2691 dicebat,
534 2640 625 2689 per
672 2640 786 2674 eum
839 2627 1001 2690 ipsum
1058 2629 1256 2673 coactus
1303 2628 1379 2669 est
1432 2619 1655 2668 confiteri
1707 2618 1802 2664 iam

130 2701 248 2744 tunc
295 2697 427 2746 illam
471 2703 656 2748 terram
696 2698 1040 2763 sepulcrorum
1080 2704 1128 2746 et
1167 2701 1496 2757 mortuorum,
1544 2705 1666 2754 quos
1711 2703 1802 2752 pro

250 2887 302 2925 12
337 2882 469 2928 osiris
501 2897 589 2928 mss
626 2883 811 2939 (Madv.
846 2883 924 2928 Gr.
959 2886 1098 2935 280);
1129 2892 1316 2923 uxorem
1350 2875 1491 2921 Osiris
1514 2890 1539 2919 v
