2020 3122
172 1250 226 1290 10

173 1617 227 1656 15

171 1984 227 2024 20

171 2350 226 2390 25

260 129 366 181 368
931 140 967 173 S.
991 139 1268 174 AUGUSTINI

260 268 369 319 eos,
407 268 496 317 per
536 268 660 316 quos
693 252 751 301 ad
791 254 939 302 vitam
978 254 1028 302 in
1061 259 1318 303 aeternum
1355 253 1548 303 beatam
1585 257 1943 318 perveniamuS,

261 326 491 375 colendos
539 341 647 375 esse
697 326 992 392 censebunt,
1048 342 1171 391 quos
1225 327 1383 376 bonos
1438 330 1715 392 opinantur.
1801 328 1942 386 Quod

262 399 403 463 quale
446 402 508 448 sit
547 402 642 448 iam
683 402 734 448 in
774 400 1019 449 volumine
1061 403 1288 464 sequenti
1327 401 1592 450 videndum
1631 409 1719 451 est.

894 750 1173 803 LIBER
1218 751 1310 804 IX.

962 955 1155 1010 CAPUT
1196 956 1237 1009 Ι.

259 1065 341 1112 Aa
387 1079 531 1125 quem
579 1067 852 1112 articulum
900 1065 1173 1126 disputatio
1222 1066 1509 1126 praemissa
1556 1067 1852 1126 pervenerit
1896 1071 1946 1115 et

435 1140 559 1198 quid
597 1139 967 1192 discutiendum
1005 1141 1071 1186 sit
1110 1140 1172 1187 de
1210 1140 1419 1186 residua
1459 1141 1763 1199 quaestione.

404 1240 466 1288 Et
512 1240 668 1289 bonos
719 1247 767 1289 et
813 1240 966 1289 malos
1006 1240 1124 1289 deos
1174 1256 1282 1289 esse
1331 1240 1528 1304 quidam
1574 1243 1759 1306 opinati
1805 1248 1944 1308 sunt,

260 1313 458 1378 quidam
489 1329 605 1362 vero
639 1313 697 1362 de
731 1313 824 1362 diis
856 1313 1060 1362 meliora
1094 1316 1365 1363 sentientes
1405 1321 1597 1364 tantum
1629 1317 1700 1364 eis
1739 1315 1942 1365 honoris

259 1386 514 1452 laudisque
562 1387 869 1454 tribuerunt,
915 1394 971 1436 ut
1017 1388 1207 1437 nullum
1254 1388 1463 1436 deorum
1507 1389 1691 1438 malum
1738 1388 1942 1438 credere

259 1460 511 1510 auderent.
599 1460 694 1509 Sed
741 1461 833 1527 illi,
889 1463 974 1525 qui
1021 1461 1139 1511 deos
1188 1462 1425 1526 quosdam
1471 1461 1650 1529 honOS,
1705 1463 1944 1527 quosdam

259 1534 411 1583 malos
451 1549 559 1583 esse
609 1534 859 1600 dixerunt,
910 1534 1173 1585 daemones
1214 1550 1410 1599 quoque
1451 1536 1819 1600 appellaverunt
1857 1552 1942 1585 no-

260 1610 389 1656 mine
423 1607 643 1674 deorum,
685 1623 982 1672 quamquam
1015 1614 1064 1658 et
1096 1608 1230 1674 deos,
1271 1609 1357 1657 sed
1389 1611 1566 1676 1311115,
1599 1611 1796 1659 nomine
1831 1610 1941 1659 dae-

259 1697 482 1748 monum,
520 1683 587 1730 ita
626 1688 682 1730 ut
719 1684 883 1746 ipsum
921 1681 1106 1742 Iovem,
1149 1697 1298 1747 quem
1329 1683 1498 1732 volunt
1538 1698 1647 1732 esse
1679 1699 1847 1748 regem
1887 1699 1943 1733 ac

257 1757 531 1820 principem
586 1762 891 1822 ceterorum,
953 1755 1012 1804 ab
1067 1755 1283 1806 Homero
1346 1757 1593 1806 fateantur
1655 1757 1942 1807 daemonem

258 1836 611 1894 nuncupatum.
688 1829 749 1877 Hi
789 1835 974 1896 autem,
1020 1833 1105 1894 qui
1144 1845 1315 1880 omnes
1355 1830 1473 1879 deos
1512 1845 1612 1879 non
1651 1832 1748 1879 nisi
1785 1830 1942 1880 bonos

259 1917 366 1950 esse
407 1903 644 1952 adserunt
684 1910 733 1952 et
779 1903 923 1967 longe
972 1905 1357 1968 praestantiores
1399 1905 1469 1953 eis
1507 1903 1811 1971 hominibuS,
1858 1906 1943 1969 qui

259 1975 583 2039 perhibentur
615 1976 747 2043 boni,
786 1978 963 2025 merito
996 1983 1257 2027 moventur
1289 1977 1583 2026 daemonum
1622 1979 1777 2038 factiS,
1818 1993 1941 2043 quae

261 2064 439 2113 negare
472 2065 572 2098 non
610 2056 834 2116 possunt,
874 2066 1029 2114 eaque
1062 2050 1196 2100 nullo
1229 2051 1374 2100 modo
1407 2067 1433 2100 a
1466 2051 1574 2113 diis,
1615 2066 1738 2115 quos
1771 2067 1942 2101 omnes

258 2121 415 2171 bonos
467 2123 658 2189 volunt,
722 2126 962 2173 committi
1021 2140 1166 2189 posse
1223 2126 1558 2174 existimantes
1615 2125 1943 2174 differentiam

258 2197 389 2244 inter
432 2196 551 2245 deos
590 2203 639 2245 et
687 2197 950 2246 daemones
991 2197 1222 2248 adhibere
1264 2205 1531 2265 coguntur,
1578 2205 1655 2264 ut,
1703 2198 1942 2264 quidquid

263 2270 333 2318 eis
373 2272 549 2319 merito
590 2270 818 2336 displicet
855 2273 907 2319 in
946 2271 1180 2335 operibus
1212 2272 1288 2321 vel
1319 2271 1580 2321 affectibus
1618 2274 1796 2339 praviS,
1835 2274 1940 2337 qui·

262 2341 355 2391 bus
386 2345 484 2391 vim
517 2359 655 2392 suam
686 2345 1000 2393 manifestant
1032 2345 1213 2396 occulti
1253 2347 1471 2411 spirituS,
1510 2345 1560 2394 id
1598 2346 1801 2395 credant
1832 2361 1940 2395 esse

261 2415 575 2483 daemonum,
637 2433 736 2466 non
791 2417 1010 2466 deorum.
1105 2418 1201 2467 Sed
1257 2421 1371 2483 quia
1426 2419 1624 2468 eosdem
1679 2419 1942 2468 daemones

259 2491 390 2538 inter
427 2490 652 2539 homines
686 2498 734 2540 et
774 2490 891 2539 deos
930 2492 998 2540 ita
1029 2492 1216 2541 medios
1250 2494 1544 2542 constitutos
1582 2499 1778 2559 putant,
1818 2499 1937 2542 tam-

261 2579 408 2627 quam
439 2564 604 2613 nullus
639 2564 760 2613 deus
792 2564 979 2612 homini
1010 2567 1291 2631 misceatur,
1330 2572 1386 2615 ut
1423 2566 1539 2614 hinc
1570 2566 1823 2630 perferant
1858 2566 1939 2615 de-

260 2636 487 2704 siderata,
517 2637 631 2687 inde
664 2639 882 2687 referant
913 2639 1187 2706 impetrata,
1219 2646 1365 2703 atque
1398 2638 1491 2688 hoc
1515 2639 1770 2705 Platonici,
1799 2654 1939 2704 prae·
1958 2701 1974 2705 X

174 2719 230 2758 30
263 2712 396 2774 cipui
433 2711 839 2776 philosophorum
880 2726 935 2760 ac
968 2711 1282 2778 nobilissimi,
1323 2715 1565 2779 sentiunt,
1606 2728 1718 2762 cum
1759 2713 1938 2778 quibus

260 2784 394 2833 velut
433 2800 546 2833 cum
586 2784 1016 2834 excellentioribus
1063 2785 1248 2850 placuit
1293 2787 1436 2835 istam
1477 2788 1753 2835 examinare
1793 2801 1936 2851 quae-

261 2860 492 2925 stionem,
532 2866 701 2908 utrum
733 2858 894 2908 cultus
933 2858 1261 2924 plurimorum
1299 2859 1506 2909 deorum
1543 2861 1702 2924 prosit
1733 2859 1791 2908 ad
1824 2874 1937 2908 con-
