2020 3122
525 127 591 159 DE
617 127 855 160 CIVITATE
879 129 967 160 DEI
991 130 1031 162 L.
1055 130 1145 162 ΧΠ.
1170 130 1207 163 c.
1232 132 1284 163 13.
1309 133 1362 163 14.
1679 122 1784 174 531

112 239 270 287 factus
311 245 457 304 esset,
494 253 594 286 non
633 240 762 286 vires
804 246 919 288 tunc
959 240 1074 289 alias
1115 248 1163 290 et
1202 242 1319 292 alias
1358 258 1490 292 nunc
1530 244 1605 293 vel
1644 247 1789 294 etiam

108 318 280 376 postea
318 313 413 360 ista
459 311 518 360 de
570 313 710 360 initio
750 327 919 360 rerum
959 315 1302 378 temporalium
1341 320 1675 367 controversia
1714 334 1789 367 re-

109 387 309 450 periret.

763 511 959 566 CAPUT
998 512 1144 567 XIV.

107 622 185 670 De
234 623 543 670 revolutione
591 624 936 680 saeculorum,
984 623 1163 681 quibus
1210 628 1349 671 certo
1394 626 1498 682 fine
1537 628 1786 676 conclusis
1817 635 1844 675 5

159 697 398 744 universa
435 709 630 756 semper
669 697 720 743 in
761 696 973 743 eundem
1012 696 1242 743 ordinem
1282 698 1589 757 eandemque
1626 714 1733 762 spe-

278 771 404 818 eiem
442 771 678 817 reditura
717 770 924 829 quidam
956 770 1242 830 philosophi
1280 771 1625 819 erediderunt.

254 870 391 919 Hanc
446 877 610 919 autem
664 886 716 919 se
767 870 1047 935 philosophi
1098 870 1268 919 mundi
1314 871 1461 920 huius
1509 887 1608 920 non
1648 873 1789 922 aliter

108 951 404 1009 putaverunt
448 959 594 1009 posse
645 944 722 993 vel
763 943 943 992 debere
984 944 1274 1010 dissolvere,
1323 947 1417 993 nisi
1456 952 1512 995 ut
1551 948 1788 996 circuitus

105 1026 387 1082 temporum
424 1018 739 1083 inducerent,
787 1017 967 1082 quibus
1009 1018 1178 1066 eadem
1219 1033 1413 1082 semper
1453 1020 1606 1068 fuisse
1646 1035 1787 1069 reno·
1825 1031 1879 1071 10

106 1098 213 1140 vata
266 1098 411 1156 atque
468 1093 677 1156 repetita
724 1094 775 1140 in
822 1107 992 1141 rerum
1042 1098 1218 1140 natura
1266 1099 1412 1156 atque
1451 1094 1518 1142 ita
1558 1092 1791 1158 deinceps

106 1167 211 1214 sore
252 1167 357 1214 sine
400 1167 674 1214 cessatione
732 1165 1078 1214 adseverarent
1117 1165 1363 1215 volumina
1401 1168 1703 1215 venientium
1743 1176 1792 1216 et

105 1241 528 1303 praetereuntium
581 1239 916 1305 saeculorum3
973 1241 1073 1288 sive
1127 1242 1180 1287 in
1236 1239 1419 1288 mundo
1470 1248 1790 1304 permanente

102 1315 186 1362 isti
226 1314 464 1362 circuitus
497 1313 688 1379 fierent,
727 1315 828 1362 sive
869 1314 1018 1362 certis
1058 1313 1328 1362 intervallis
1367 1315 1533 1362 oriens
1574 1320 1622 1363 et
1662 1316 1788 1363 occi-

104 1386 226 1435 dens
280 1387 494 1435 mundus
547 1387 715 1435 eadem
769 1402 965 1451 semper
1007 1388 1146 1450 quasi
1185 1402 1333 1452 nova,
1382 1402 1505 1450 quae
1545 1393 1790 1437 transacta
1824 1397 1878 1436 15

104 1467 154 1509 et
199 1467 406 1508 ventura
456 1466 594 1526 sunt,
642 1460 910 1510 exhiberet.
988 1461 1027 1508 A
1074 1476 1171 1525 quo
1219 1460 1433 1509 ludibrio
1474 1476 1680 1525 prorsus
1718 1463 1789 1509 in-

103 1533 360 1582 mortalem
401 1535 627 1600 animam,
667 1536 814 1583 etiam
855 1549 969 1583 cum
1008 1535 1300 1599 sapientiam
1338 1536 1634 1600 perceperit,
1672 1534 1790 1583 lihe-

102 1623 213 1656 rare
254 1623 353 1655 non
391 1615 624 1674 possunt,
665 1615 866 1657 euntem
906 1609 1011 1656 sine
1053 1610 1325 1657 cessatione
1367 1607 1426 1655 ad
1466 1608 1635 1656 falsam
1674 1607 1788 1656 hea-

103 1681 366 1730 titudinem
392 1687 441 1730 et
468 1681 527 1730 ad
561 1697 725 1730 veram
756 1683 1006 1730 miseriam
1039 1683 1143 1731 sine
1179 1682 1451 1730 cessatione
1484 1681 1788 1730 redeuntem.

106 1754 214 1812 Quo
266 1754 411 1803 modo
465 1757 595 1803 enim
645 1771 757 1804 vera
800 1755 1050 1804 beatitudo
1093 1762 1188 1815 est,
1241 1755 1299 1803 de
1341 1755 1481 1804 cuius
1521 1769 1785 1818 numquam
1821 1765 1876 1803 20

106 1830 396 1877 aeternitate
436 1828 721 1894 confiditur,
770 1829 886 1886 dum
926 1831 1086 1878 anima
1125 1836 1380 1877 venturam
1421 1829 1668 1876 miseriam
1707 1835 1790 1877 aut

105 1903 457 1966 inperitissime
497 1903 548 1950 in
587 1904 791 1951 veritate
832 1905 992 1951 nescit
1039 1909 1123 1951 aut
1160 1902 1495 1951 infelicissime
1548 1903 1600 1950 in
1638 1900 1788 1949 beati-

102 1975 274 2024 tudine
325 1973 667 2039 pertimescit?
728 1976 789 2024 At
829 1978 871 2024 si
910 1977 969 2025 ad
1008 1977 1232 2025 miserias
1274 1990 1541 2039 numquam
1579 1974 1788 2023 ulterius

102 2049 324 2097 reditura
375 2064 435 2096 ex
485 2048 561 2097 his
613 2048 671 2097 ad
722 2049 1078 2099 beatitudinem
1117 2051 1300 2114 pergit:
1354 2049 1409 2097 fit
1447 2063 1564 2112 ergo
1605 2048 1786 2111 aliquid

100 2123 213 2170 novi
263 2124 314 2170 in
365 2129 615 2188 tempore,
663 2123 794 2187 quod
846 2124 994 2172 finem
1034 2138 1133 2172 non
1172 2122 1321 2171 habet
1358 2123 1610 2186 temporis,
1689 2120 1787 2170 Cur
1820 2129 1873 2167 25

101 2210 200 2243 non
234 2211 350 2260 ergo
385 2203 434 2244 et
467 2193 718 2245 mundus?
758 2212 848 2245 cur
879 2212 977 2245 non
1012 2203 1060 2245 et
1091 2196 1237 2245 homo
1278 2196 1436 2244 factus
1474 2197 1526 2243 in
1565 2190 1785 2243 mundo?

102 2275 157 2318 ut
195 2269 266 2317 illi
305 2271 472 2317 nescio
514 2271 599 2333 qui
646 2270 754 2319 falsi
794 2272 1032 2319 circuitus
1073 2286 1098 2318 a
1138 2269 1271 2318 falsis
1311 2268 1614 2334 sapientibus
1655 2267 1783 2315 salla-

101 2341 339 2406 cibusque
389 2345 630 2407 comperti
676 2345 727 2391 in
777 2343 1000 2392 doctrina
1041 2359 1156 2392 sana
1195 2344 1392 2392 tramite
1432 2343 1556 2390 recti
1594 2342 1782 2389 itineris

100 2417 358 2464 evitentur.

246 2489 366 2538 Nam
408 2489 605 2553 quidam
647 2497 695 2538 et
733 2490 878 2557 illud,
919 2491 1049 2554 quod
1090 2490 1271 2554 legitur
1308 2490 1359 2536 in
1399 2487 1523 2535 libro
1566 2484 1777 2532 Salomo-
1812 2494 1868 2532 30

99 2564 190 2628 niS,
231 2565 315 2626 qui
353 2569 557 2611 vocatur
596 2563 932 2613 ecclesiastes:
991 2565 1125 2622 Quid
1162 2569 1235 2611 est
1273 2563 1409 2622 quod
1439 2558 1572 2620 fuit?
1613 2558 1781 2619 Ipsum

99 2639 234 2696 quod
282 2639 392 2685 erit.
470 2637 538 2685 Et
583 2639 708 2697 quid
753 2644 827 2687 est
872 2640 1008 2698 quod
1039 2636 1235 2699 suetum
1275 2636 1379 2684 est?
1441 2633 1609 2694 Ipsum
1648 2631 1784 2691 quod

93 2851 137 2894 A
171 2852 193 2894 t
217 2797 272 2836 16
312 2793 361 2835 et
397 2806 515 2847 quae
553 2793 750 2838 ventura
779 2807 805 2838 v
850 2795 866 2849 fl
913 2798 967 2836 23
1007 2794 1057 2836 at
1096 2791 1233 2834 VAF
1258 2792 1385 2844 (524,
1417 2791 1504 2840 21;
1535 2788 1639 2841 535,
1670 2787 1781 2839 26);

140 2866 169 2893 u
221 2865 247 2894 v
1335 2919 1427 2962 34*
