2020 3122
596 148 663 180 m:
687 147 930 181 CIVITATE
953 149 1041 182 DEI
1064 150 1106 182 L.
1131 151 1177 183 v.
1203 151 1240 184 c.
1265 153 1295 184 9.
1690 141 1799 194 205

35 267 37 269 ’
115 259 208 309 bus
263 260 446 325 causis3
497 261 539 309 si
593 274 763 309 rerum
818 260 938 309 ordo
992 264 1290 326 praescienti
1330 262 1430 313 Deo
1482 271 1650 314 certus
1700 280 1798 314 non

116 341 212 400 est,
274 348 373 382 non
428 334 591 382 omnia
645 335 716 383 sic
769 335 995 400 veniunt,
1049 341 1106 384 ut
1156 351 1213 384 ea
1259 344 1466 387 ventura
1511 339 1798 404 praescivit3

112 422 262 474 porro
302 408 344 456 si
382 422 482 456 non
521 409 684 456 omnia
723 409 793 457 sic
833 409 1061 474 veniunt,
1101 415 1156 458 ut
1194 409 1254 458 ab
1292 410 1375 459 illo
1415 418 1622 461 ventura
1659 427 1798 478 prae·

115 483 235 531 scita
275 487 412 547 sunt,
458 496 558 530 non
599 488 695 547 est,
741 482 923 549 inquit,
970 484 1022 531 in
1061 481 1162 531 Deo
1212 485 1539 547 praescientia
1578 487 1798 535 omnium

113 556 408 606 futurorum.
1831 568 1860 608 5

260 627 361 677 Nos
401 627 636 677 adversus
682 630 805 678 istos
846 628 1109 694 sacrilegos
1159 645 1308 679 ausus
1348 636 1494 695 atque
1534 633 1710 696 impios
1750 638 1800 682 et

113 703 269 752 Deum
324 701 533 751 dicimus
581 703 744 751 omnia
791 704 918 752 scire
973 710 1236 768 antequam
1275 704 1414 770 fiant,
1461 711 1511 753 et
1550 705 1798 754 voluntate

110 792 202 827 nos
234 777 411 842 facere,
452 775 690 840 quidquid
722 791 748 824 a
775 775 919 826 nobis
958 792 1058 826 non
1090 779 1186 826 nisi
1224 776 1502 827 volentibus
1542 779 1649 827 fieri
1690 794 1798 828 sen-

112 852 262 900 timus
314 857 362 899 et
413 851 652 899 novimus
732 849 907 899 Omnia
960 866 1078 900 vero
1130 851 1228 900 fato
1276 851 1384 900 fieri
1434 867 1534 900 non
1575 851 1798 918 dicimuS,

111 926 260 974 immo
311 923 444 973 nulla
492 924 602 972 fieri
652 923 749 972 fato
801 923 1031 990 dicimus3
1088 927 1318 989 quoniam
1369 925 1456 976 fati
1494 941 1674 975 nomen
1713 925 1799 975 ubi
1833 936 1890 976 10

113 998 238 1048 solet
276 1013 303 1046 a
340 996 658 1062 loquentibus
698 999 838 1064 poni,
888 998 938 1046 id
978 1005 1054 1048 est
1092 1000 1142 1047 in
1184 1001 1538 1048 constitutione
1579 1000 1798 1049 siderum

113 1088 226 1122 cum
266 1073 476 1136 quisque
524 1078 794 1136 conceptus
847 1078 930 1121 aut
969 1078 1113 1122 natus
1155 1080 1251 1139 est,
1300 1075 1532 1137 quoniam
1571 1089 1652 1122 res
1691 1075 1797 1138 ipsa

110 1147 323 1195 inaniter
386 1147 653 1211 asseritur,
715 1144 837 1194 nihil
896 1145 1058 1195 valere
1120 1153 1468 1196 monstramus·
1561 1146 1797 1196 Ordinem

112 1227 275 1269 autem
309 1233 583 1285 causarum,
622 1217 710 1267 ubi
733 1218 957 1268 voluntas
981 1218 1070 1268 Dei
1107 1219 1378 1284 plurimum
1416 1227 1594 1285 potest,
1634 1236 1795 1285 neque

111 1308 368 1359 negamUS,
418 1307 581 1357 neque
621 1292 708 1341 fati
746 1291 983 1341 vocabulo
1022 1308 1390 1358 nuncupamUS,
1438 1296 1534 1343 nisi
1573 1295 1700 1344 forte
1740 1301 1796 1344 ut
1831 1303 1885 1344 15

111 1368 265 1417 fatum
298 1382 324 1415 a
355 1366 501 1415 fando
527 1366 714 1416 dictum
737 1365 1096 1434 intellegamus,
1134 1367 1183 1415 id
1210 1373 1286 1417 est
1325 1383 1351 1416 a
1390 1367 1659 1434 loquend03
1699 1383 1798 1417 non

113 1443 243 1491 enim
283 1439 499 1489 abnuere
538 1454 804 1505 possumus
852 1455 961 1490 esse
1003 1442 1244 1506 scriptum
1283 1443 1335 1490 in
1375 1441 1554 1491 litteris
1595 1444 1798 1491 sanctis:

111 1515 275 1565 Semel
324 1518 519 1565 locutus
569 1519 644 1564 est
695 1514 857 1575 Deua,
913 1516 1012 1564 duo
1051 1516 1180 1564 haec
1236 1517 1434 1575 audivi,
1489 1518 1611 1577 quia
1658 1522 1795 1578 pote-

109 1594 214 1638 stas
252 1589 351 1638 Dei
387 1594 481 1650 est,
522 1594 572 1638 et
608 1589 713 1648 tibi,
752 1589 976 1650 Domine,
1016 1591 1388 1656 misericordia,
1428 1592 1549 1651 quia
1589 1595 1642 1639 tu
1682 1592 1795 1639 red-

113 1665 199 1712 des
238 1664 512 1724 um'cuz‘que
542 1664 819 1712 secundum
858 1677 1015 1724 opera
1055 1665 1177 1712 eiua.
1258 1662 1399 1720 Quod
1441 1664 1572 1712 enim
1611 1664 1797 1713 dictum
1831 1673 1887 1714 20

112 1743 208 1786 est:
249 1737 414 1786 Semel
450 1739 646 1786 locutus
685 1742 779 1796 est,
831 1735 1134 1800 intellegitur
1172 1733 1548 1803 „inmobiliter“,
1588 1737 1681 1786 hoc
1724 1744 1798 1786 est

110 1808 597 1876 incommutabiliter,
643 1815 752 1875 „est
789 1806 1039 1876 locutus“,
1079 1811 1210 1859 sicut
1247 1812 1384 1859 novit
1421 1808 1795 1860 incommutabi-

109 1883 222 1934 liter
268 1885 430 1933 omnia
477 1899 602 1948 quae
649 1884 817 1932 futura
863 1890 980 1933 sunt
1028 1890 1077 1932 et
1124 1899 1248 1948 quae
1299 1886 1404 1948 ipse
1445 1884 1667 1933 facturus
1708 1892 1796 1934 est.

110 1957 211 2007 Hac
249 1959 415 2022 itaque
441 1959 630 2006 ratione
654 1972 914 2022 possemus
955 1972 981 2005 a
1020 1957 1165 2006 fando
1207 1958 1361 2007 fatum
1401 1957 1660 2024 appellare,
1700 1960 1797 2006 nisi

110 2031 204 2081 hoc
235 2046 417 2080 nomen
448 2033 544 2080 iam
575 2033 626 2079 in
666 2030 756 2079 alia
795 2046 850 2079 re
891 2030 1073 2080 soleret
1110 2031 1344 2097 intellegi,
1385 2046 1481 2096 quo
1523 2032 1670 2081 corda
1709 2031 1794 2080 ho-
1829 2041 1884 2080 25

111 2107 297 2154 minum
349 2104 580 2154 nolumus
637 2104 877 2154 inclinari.
969 2104 1077 2154 Non
1131 2111 1206 2154 est
1256 2111 1420 2154 autem
1471 2120 1796 2170 consequens,

111 2185 187 2244 ut,
230 2180 270 2228 si
310 2178 410 2227 Deo
452 2185 619 2228 certus
660 2184 736 2227 est
775 2179 996 2227 omnium
1036 2178 1157 2228 ordo
1199 2194 1485 2245 causarum,
1525 2179 1635 2228 ideo
1675 2179 1796 2228 nihil

113 2254 175 2301 sit
198 2254 249 2301 in
273 2259 471 2302 nostrae
496 2252 762 2302 voluntatis
803 2251 1022 2302 arbitrio,
1099 2252 1162 2302 Et
1201 2254 1334 2318 ipsae
1377 2255 1558 2318 quippe
1599 2260 1794 2302 nostrae

113 2325 386 2376 voluntates
436 2328 486 2375 in
536 2341 796 2376 causarum
843 2326 1014 2375 ordine
1063 2333 1201 2393 sunt,
1250 2329 1334 2391 qui
1374 2333 1540 2376 certus
1581 2332 1656 2376 est
1693 2326 1795 2375 Deo

113 2401 315 2466 eiusque
347 2402 673 2465 praescientia
698 2401 996 2461 continetur,
1030 2402 1262 2465 quoniam
1288 2407 1337 2449 et
1360 2400 1601 2450 humanae
1626 2399 1794 2449 volun-
1827 2409 1884 2448 30

112 2479 236 2523 tates
266 2473 595 2523 humanorum
627 2489 834 2539 operum
866 2489 1040 2524 causae
1083 2481 1220 2540 sunt3
1260 2480 1405 2538 atque
1446 2475 1526 2535 ita,
1569 2475 1652 2538 qui
1691 2487 1791 2521 om·

114 2561 201 2595 nes
239 2562 409 2597 rerum
451 2563 622 2597 causas
661 2549 939 2615 praescivit,
978 2548 1204 2613 profecto
1244 2549 1295 2596 in
1337 2549 1407 2596 eis
1448 2548 1607 2596 causis
1648 2547 1793 2595 etiam

231 2691 304 2745 20>
337 2690 409 2733 Ps.
445 2694 515 2747 61,
549 2693 602 2732 12
637 2704 703 2745 sq.

231 2827 256 2866 2
289 2827 328 2866 et
360 2828 385 2866 3
418 2822 638 2866 eueniunt
668 2821 713 2866 A
760 2824 775 2879 ΙΙ
814 2835 868 2866 ea
899 2834 982 2866 om.
1014 2822 1059 2865 A
1099 2824 1113 2877 ΙΙ
1155 2827 1208 2866 18
1241 2820 1350 2876 quia
1383 2819 1443 2875 0,·
1473 2817 1690 2875 quoniam
1722 2830 1747 2863 v
1779 2817 1794 2875 Η

115 2883 168 2924 19
201 2880 280 2935 qui
310 2881 462 2925 reddis
494 2881 636 2935 AK¹;
675 2881 785 2937 quia
814 2880 978 2924 reddes
1010 2880 1134 2924 K²F
