2020 3122
215 127 320 180 318
878 137 914 170 s,
947 136 1225 171 Aneus'rm

215 258 467 300 erraretur
518 251 678 298 causis
731 263 904 298 eorum
957 250 1218 312 ignoratiS‚
1274 263 1419 312 quam
1468 251 1676 313 cognitis
1723 251 1896 299 civitas

214 323 514 374 turbaretur.

778 468 781 470 ·
821 449 1018 503 CAPUT
1058 449 1277 503 XXXV.

158 551 167 559 ”
215 560 291 610 De
330 561 708 623 hydromantia,
749 573 847 620 per
886 572 1035 618 quam
1075 559 1239 606 Numa
1278 559 1395 606 visis
1434 559 1732 618 quibusdam
1772 561 1892 608 dae-

157 642 181 681 5
577 646 775 681 monum
815 633 1117 692 imayz'm‘bus
1156 632 1535 689 ludificabatur.

362 734 484 783 Nam
537 740 588 783 et
635 736 742 798 ipse
781 733 964 799 Numa,
1019 733 1076 781 ad
1126 748 1273 796 quem
1311 733 1477 782 nullus
1516 733 1605 783 Dei
1642 734 1903 801 propheta,

215 809 379 858 nullus
435 814 634 856 sanctus
686 806 888 871 angelus
940 805 1253 872 mittebatur,
1307 807 1680 871 hydromantian
1732 809 1898 866 facere

216 881 498 947 compulsus
551 886 646 946 est,
700 887 756 928 ut
802 881 852 928 in
900 895 1024 944 aqua
1071 879 1260 928 videret
1296 882 1533 945 imagines
1574 881 1780 930 deorum
1819 881 1899 930 vel

215 957 378 1021 potius
410 954 766 1003 ludificationes
807 953 1115 1018 daemonum,
1155 968 1182 1001 a
1222 953 1401 1017 quibus
1441 954 1648 1021 audiret,
1688 954 1806 1018 quid
1846 956 1897 1003 in

131 1040 183 1079 10
217 1030 368 1078 sacris
408 1029 710 1076 constituere
761 1033 906 1090 atque
956 1025 1216 1075 observare
1266 1026 1484 1077 deberet.
1562 1027 1704 1085 Quod
1743 1043 1901 1092 genus

216 1098 527 1151 divinationis
577 1100 708 1149 idem
754 1099 906 1148 Varro
959 1115 985 1148 a
1035 1099 1202 1149 Persis
1253 1099 1372 1150 dicit
1423 1101 1647 1167 allatum,
1698 1116 1796 1165 quo
1849 1108 1898 1150 et

215 1179 379 1240 ipsum
423 1174 632 1223 Numam
680 1180 729 1222 et
773 1181 944 1238 postea
988 1173 1314 1238 Pythagoram
1358 1174 1706 1239 philosophum
1753 1190 1900 1224 usum

216 1251 368 1298 fuisse
416 1253 787 1312 commemorat3
834 1246 921 1296 ubi
967 1246 1182 1296 adhibito
1233 1250 1470 1312 sanguine
1519 1250 1667 1297 etiam
1715 1249 1902 1297 inferos

215 1321 444 1388 perhibet
495 1322 735 1370 sciscitari
782 1327 832 1369 et
877 1321 1275 1385 νεκυιομαντείαν
1323 1321 1507 1371 Graece
1554 1322 1674 1371 dicit
1722 1323 1903 1387 vocari,

131 1406 184 1445 15
219 1411 341 1460 quae
371 1394 494 1458 [sive
519 1392 881 1459 hydromantia]
909 1396 1010 1443 sive
1036 1396 1370 1444 necromantia
1403 1395 1610 1461 dicatur,
1648 1395 1699 1444 id
1737 1397 1902 1460 ipsum

219 1477 316 1535 est,
362 1468 448 1518 ubi
497 1467 726 1516 videntur
774 1469 955 1517 mortui
1003 1468 1236 1516 divinare.
1315 1468 1504 1526 Quibus
1551 1469 1673 1518 haec
1713 1468 1902 1518 artibus

218 1544 358 1608 fiant,
412 1543 506 1606 ipsi
559 1541 785 1590 viderint.
862 1540 983 1590 Nolo
1041 1542 1171 1590 enim
1227 1541 1391 1591 dicere
1438 1542 1527 1591 has
1576 1548 1707 1591 artes
1755 1543 1904 1591 etiam

220 1623 331 1665 ante
357 1617 515 1664 nostri
541 1614 804 1663 Salvatoris
830 1615 1094 1663 adventum
1126 1617 1176 1663 in
1216 1616 1337 1679 ipsis
1364 1615 1642 1665 civitatibus
1682 1617 1904 1680 gentium

218 1688 409 1754 legibus
461 1688 620 1737 solere
670 1687 923 1752 prohiberi
983 1694 1031 1737 et
1081 1703 1239 1752 poena
1290 1691 1600 1738 severissima
1652 1688 1903 1738 vindicari.

132 1773 187 1814 20
218 1763 363 1828 Nolo,
410 1764 637 1827 inquam,
683 1761 777 1810 hoc
817 1762 1003 1826 dicere,
1044 1762 1268 1810 fortassis
1310 1764 1440 1810 enim
1478 1762 1591 1811 talia
1631 1768 1749 1811 tunc
1787 1762 1902 1811 lice·
1973 1796 1984 1805 κ

219 1837 349 1886 bant.
426 1835 514 1884 His
546 1842 710 1884 tamen
742 1834 930 1884 artibus
963 1834 1134 1884 didicit
1173 1850 1309 1884 sacra
1348 1835 1428 1884 illa
1459 1835 1744 1902 PompiliuS,
1785 1850 1903 1900 quo-

219 1925 332 1959 rum
371 1923 627 1958 sacrorum
666 1909 791 1958 facta
829 1909 1068 1974 prodidit,
1108 1923 1279 1957 causas
1319 1908 1485 1958 obruit
1524 1903 1616 1976 (ita
1654 1910 1818 1958 timuit
1856 1915 1906 1958 et

219 1986 325 2048 ipse
359 1982 489 2047 quod
522 1976 732 2049 didicit),
773 1997 982 2046 quarum
1015 1997 1274 2031 causarum
1313 1982 1535 2046 proditos
1573 1982 1727 2031 libros
1766 1997 1904 2031 sena-

221 2065 302 2106 tus
347 2055 579 2104 incendit.
673 2055 803 2113 Quid
854 2055 973 2104 mihi
1024 2071 1141 2120 ergo
1193 2054 1347 2104 Varro
1397 2055 1594 2104 illorum
1650 2070 1905 2105 sacrorum

133 2140 188 2180 25
222 2130 338 2179 alias
362 2131 530 2178 nescio
557 2144 678 2192 quas
709 2144 880 2178 causas
922 2129 1054 2178 velut
1091 2129 1317 2193 physicas
1357 2126 1749 2193 interpretatur?
1788 2144 1903 2192 qua-

222 2203 293 2252 les
350 2204 391 2251 si
444 2201 558 2250 libri
596 2202 665 2250 illi
703 2202 1016 2268 habuissent,
1062 2217 1162 2250 non
1208 2204 1379 2267 utique
1421 2204 1678 2268 arsissent,
1733 2209 1818 2251 aut
1856 2208 1907 2251 et

221 2279 343 2326 istos
383 2275 615 2324 Varronis
655 2274 714 2323 ad
755 2275 1012 2324 Caesarem
1050 2276 1334 2340 pontificem
1366 2278 1577 2340 scriptos
1617 2282 1763 2340 atque
1804 2275 1903 2324 edi-

222 2357 300 2399 tos
350 2355 515 2414 patres
567 2350 835 2412 conscripti
886 2348 1113 2398 similiter
1162 2349 1511 2399 incendissent.
1598 2348 1739 2406 Quod
1787 2363 1904 2413 ergo

225 2437 401 2487 aquam
433 2423 684 2488 egesserit,
715 2421 764 2470 id
789 2428 865 2471 est
890 2424 1236 2488 exportaverit,
1266 2422 1424 2472 Numa
1454 2421 1740 2488 Pompilius,
1772 2421 1903 2470 unde
1949 2465 1954 2471 .

136 2508 192 2548 30
223 2496 597 2561 hydromantian
645 2495 850 2561 faceret,
899 2495 1009 2544 ideo
1058 2495 1319 2560 nympham
1367 2495 1594 2560 Egeriam
1645 2497 1906 2559 coniugem

226 2570 405 2619 dicitur
458 2568 714 2635 habuisse,
771 2584 916 2632 quem
971 2568 1029 2617 ad
1084 2569 1282 2618 modum
1336 2571 1388 2617 in
1443 2568 1724 2634 supradicto
1778 2567 1904 2617 libro

346 2746 398 2784 11
424 2754 518 2796 qua.
539 2740 576 2784 Ο
595 2742 610 2796 ΙΙ
637 2744 690 2783 14
713 2741 1103 2796 νεκυιομαντείαν
1126 2739 1314 2794 scripsi;
1344 2737 1769 2795 necquiomantiam
1785 2737 1906 2791 AK;

226 2801 593 2856 νεκρομαντείαν
630 2813 656 2843 υ
696 2800 711 2855 ΙΙ
753 2804 807 2842 14
839 2798 935 2842 sive
966 2798 1295 2854 hydromantia
1326 2811 1408 2842 om.
1441 2798 1590 2841 ΛΚΕ
1618 2798 1757 2842 Parr.
1789 2797 1903 2842 mell.

225 2858 326 2911 (lib.
357 2862 418 2902 10
449 2871 483 2903 c.
517 2862 549 2903 2
583 2857 678 2903 sive
708 2856 864 2914 potius
895 2857 1224 2901 intellectualis
1256 2855 1452 2902 dicenda
1484 2856 1560 2914 sit)
