2020 3122
504 152 571 183 DE
596 150 836 184 CIVITATE
860 152 948 184 DEI
971 153 1012 184 L.
1038 153 1145 185 vm.
1170 152 1207 186 c.
1232 154 1285 187 20.
1310 155 1365 187 21.
1674 142 1779 194 351

103 279 194 331 per
231 262 597 330 philosophicos
644 263 796 312 libros
842 270 1011 327 poetas
1060 265 1120 314 de
1159 265 1285 314 hene
1324 268 1548 316 instituta
1588 267 1782 315 civitate

35 337 327 404 -'pellenti,
374 345 424 387 et
468 339 706 386 miscetur
754 336 979 385 daemoni
1026 353 1053 386 a
1099 339 1406 404 principibus
1453 346 1503 389 et
1540 340 1780 404 pontifici-

101 412 194 462 bus
235 412 444 461 civitatis
474 425 565 475 per
598 412 850 459 scaenicos
890 410 1032 459 ludos
1071 419 1328 475 poetarum
1367 412 1577 462 ludibria
1617 415 1779 478 requi·

99 487 252 551 renti,
298 500 398 534 non
444 486 683 533 miscetur
729 483 916 532 homini
965 483 1171 534 deorum
1212 488 1406 535 crimini
1444 487 1628 551 fingere
1668 502 1780 551 pro-

99 558 315 626 hibenti,
355 565 405 608 et
443 559 681 607 miscetur
721 557 946 606 daemoni
987 573 1038 606 se
1079 558 1212 606 falsis
1252 559 1456 608 deorum
1497 559 1785 608 criminibus
1817 570 1842 608 b

102 632 390 699 oblectanti3
437 647 537 681 non
583 633 823 682 miscetur
869 631 1058 680 homini
1104 647 1359 696 magorum
1407 633 1591 681 scelera
1642 635 1784 682 iustis

98 706 290 771 legibus
336 707 585 772 punienti,
633 713 682 754 et
729 707 969 754 miscetur
1017 704 1243 754 daemoni
1282 707 1493 770 magicas
1533 713 1663 755 artes
1703 706 1784 754 do-

101 782 233 830 centi
274 787 322 829 et
369 779 614 846 implenti3
661 794 760 828 non
808 781 1048 828 miscetur
1086 779 1274 827 homini
1312 780 1636 828 imitationem
1675 779 1785 828 dae-

103 856 264 903 monis
310 854 542 920 fugienti,
590 860 638 902 et
685 855 924 902 miscetur
972 852 1196 902 daemoni
1243 852 1584 918 deceptionem
1633 852 1785 902 homi-

100 930 178 977 nis
218 929 495 992 aucupanti.
666 976 670 979 ,
1820 937 1873 975 10

762 1040 954 1094 CAPUT
986 1040 1128 1094 XXI.

102 1152 180 1200 An
214 1151 541 1201 daemonibus
572 1152 763 1199 nuntiis
803 1156 852 1199 et
890 1149 1252 1212 interpretibus
1293 1151 1368 1197 die·
1404 1155 1616 1198 utantur
1651 1148 1785 1210 falli-

385 1239 482 1286 que
519 1239 572 1273 se
611 1225 675 1273 ab
716 1226 787 1274 eis
827 1229 919 1272 aut
957 1226 1193 1284 iynorent
1232 1228 1322 1271 aut
1359 1225 1522 1271 velint.

254 1327 350 1376 Sed
382 1328 618 1376 nimirum
649 1333 811 1376 tantae
851 1326 1000 1375 huius
1041 1324 1358 1375 absurditatis
1398 1332 1447 1374 et
1486 1324 1788 1388 indignitatis

106 1409 181 1451 est
212 1416 385 1466 magna
417 1402 702 1467 necessitaS,
742 1400 873 1465 quod
907 1399 1094 1449 scilicet
1134 1399 1253 1448 deos
1293 1398 1538 1449 aetherios
1577 1397 1788 1447 humana
1822 1407 1875 1447 15

105 1481 335 1525 curantes
385 1473 501 1539 quid
547 1481 814 1524 terrestres
861 1473 1087 1522 homines
1136 1480 1338 1538 agerent
1384 1474 1555 1537 utique
1602 1472 1791 1538 lateret,

105 1551 201 1599 nisi
247 1548 511 1597 daemones
559 1549 680 1598 aerii
727 1549 1035 1614 nuntiarent3
1085 1548 1316 1612 quoniam
1364 1546 1533 1596 aether
1582 1546 1724 1610 longe
1765 1560 1792 1593 a

105 1631 238 1673 terra
292 1629 367 1672 est
420 1622 613 1686 alteque
656 1637 952 1688 suspensus,
1007 1637 1091 1670 aer
1137 1637 1254 1670 vero
1303 1620 1491 1670 aetheri
1531 1627 1790 1682 terraeque

107 1699 381 1761 contiguus,
461 1695 500 1745 Ο
549 1695 824 1745 mirabilem
871 1694 1182 1761 sapientiam!
1247 1695 1374 1753 Quid
1423 1693 1550 1742 aliud
1600 1693 1658 1741 (16
1699 1692 1791 1741 diis

106 1773 189 1820 isti
229 1772 464 1838 sentiunt,
504 1785 628 1835 quos
667 1785 839 1819 omnes
879 1771 1091 1834 optimos
1131 1769 1315 1835 volunt,
1354 1770 1451 1817 nisi
1490 1782 1573 1816 eos
1614 1773 1663 1815 et
1701 1766 1788 1814 hu-
1823 1775 1878 1815 20

63 1891 65 1893 .
106 1860 247 1894 mana
287 1859 485 1911 curare,
531 1859 593 1893 ne
635 1844 772 1894 cultu
810 1843 1069 1892 videantur
1108 1843 1318 1910 indigni,
1366 1849 1415 1891 et
1453 1848 1657 1906 propter
1697 1839 1790 1888 ele-

106 1925 387 1969 mentorum
434 1917 714 1968 distantiam
761 1917 973 1967 humana
1020 1919 1236 1983 nescire,
1286 1923 1340 1966 111
1378 1915 1643 1965 credantur
1682 1913 1791 1962 dae-

108 2007 279 2041 mones
326 1993 594 2040 necessarii
641 1999 690 2041 et
738 1991 799 2040 ob
847 1991 941 2040 hoc
989 1993 1136 2040 etiam
1175 1993 1271 2056 ipsi
1308 1995 1547 2056 putentur
1586 1986 1793 2052 colendi,

110 2081 199 2131 per
233 2081 356 2130 quos
389 2065 457 2114 dii
487 2068 680 2130 possint
712 2073 761 2115 et
801 2065 917 2129 quid
958 2066 1007 2114 in
1047 2063 1198 2114 rebus
1236 2065 1465 2114 humanis
1504 2068 1674 2126 agatur
1714 2059 1792 2108 ad-

111 2139 302 2188 discere
352 2146 401 2188 et
449 2139 536 2190 ubi
584 2146 780 2205 oportet
817 2138 1101 2188 hominibus
1143 2133 1442 2187 subvenire?
1502 2135 1606 2184 Hoc
1648 2137 1689 2183 si
1726 2135 1792 2182 ita
1824 2142 1878 2182 25

110 2221 205 2279 est,
254 2214 348 2263 diis
394 2215 504 2263 istis
556 2213 699 2262 bonis
740 2215 893 2277 magis
933 2219 1080 2262 notus
1122 2219 1197 2261 est
1237 2212 1445 2260 daemon
1482 2225 1572 2274 per
1612 2221 1792 2272 corpus

109 2289 322 2336 vicinum
363 2303 509 2353 quam
540 2287 686 2336 homo
718 2302 808 2352 per
848 2289 1062 2336 animum
1104 2285 1302 2335 honum.
1382 2283 1421 2333 Ο
1462 2282 1671 2332 multum
1709 2280 1790 2329 do-

109 2360 251 2410 lenda
289 2363 583 2428 necessitaS,
623 2377 683 2410 an
722 2362 888 2426 potius
926 2359 1185 2409 inridenda
1223 2359 1299 2408 vel
1339 2356 1624 2407 detestanda
1662 2355 1790 2402 vani-

110 2443 206 2501 taS,
251 2450 312 2484 ne
362 2437 425 2485 sit
471 2451 591 2484 vana
639 2434 886 2484 divinitas!
944 2433 996 2483 Si
1043 2436 1175 2483 enim
1223 2434 1383 2481 animo
1432 2430 1491 2479 ab
1540 2425 1789 2477 obstaculo

111 2511 332 2573 corporis
378 2509 533 2558 libero
575 2512 791 2558 animum
839 2514 1066 2557 nostrum
1105 2507 1271 2556 videre
1312 2505 1378 2554 dii
1417 2508 1645 2568 possunt,
1691 2512 1790 2547 non
1823 2506 1879 2546 30

111 2581 170 2630 ad
208 2582 301 2631 hoc
348 2583 570 2648 indigent
612 2581 932 2632 daemonibus
973 2583 1181 2647 nuntiis3
1236 2582 1276 2628 si
1316 2584 1479 2626 autem
1519 2575 1791 2623 animorum

110 2655 288 2705 indicia
343 2656 636 2723 corporalia,
692 2656 852 2720 qualia
893 2662 1008 2705 sunt
1046 2655 1228 2703 locutio
1268 2651 1432 2700 vultus
1472 2654 1655 2711 11101115,
1702 2658 1791 2709 per

113 2745 293 2795 corpus
340 2746 485 2780 suum
533 2730 739 2780 aetherii
786 2730 851 2778 dii
903 2730 1123 2778 sentiunt
1162 2734 1210 2775 et
1249 2725 1361 2773 inde
1402 2722 1636 2785 colligunt
1675 2717 1791 2782 quid

114 2805 259 2853 etiam
314 2804 576 2853 daemones
631 2805 883 2867 nuntient,
936 2807 1144 2867 possunt
1191 2807 1240 2848 et
1287 2796 1551 2845 mendaciis
1599 2792 1790 2841 daemo-

113 2891 231 2926 num
287 2877 461 2942 decipi.
545 2877 700 2926 Porro
757 2878 797 2925 si
851 2876 1058 2925 deorum
1113 2874 1338 2921 divinitas
1392 2884 1418 2917 a
1473 2863 1791 2916 daemonibus
1824 2872 1878 2911 35
