2020 3122
82 909 136 948 10

82 1277 136 1316 15

83 1746 139 1784 20

84 2144 139 2183 25

84 2512 140 2550 30

167 113 238 166 56
817 172 820 174 v
847 122 880 154 s.
906 121 1179 155 AUGUSTINI

169 244 246 287 est
275 236 473 301 vulgare
505 233 845 300 proverbium:
877 233 1045 283 Pluvia
1078 234 1210 300 defit,
1243 248 1389 282 causa
1423 232 1689 282 Christiani
1721 241 1849 284 sunt.

166 310 290 360 Nam
338 311 422 374 qui
470 323 643 357 eorum
691 307 866 357 studiis
916 306 1201 356 liberalibus
1240 308 1456 356 instituti
1496 313 1659 355 amant
1697 306 1847 356 histo-

167 387 313 450 riam,
359 382 586 432 facillime
633 383 727 430 ista
775 387 1039 446 noverunt3
1088 380 1174 429 sed
1213 386 1270 430 ut
1307 379 1449 429 nobis
1488 380 1851 430 ineruditorum

168 457 340 507 turbas
380 456 725 505 infestissimas
772 454 1002 520 reddant,
1057 469 1109 503 se
1155 469 1300 503 nosse
1349 453 1658 502 dissimulant
1704 460 1854 518 atque

169 531 263 580 hoc
303 529 430 596 apud
463 529 638 593 vulgus
686 529 977 578 confirmare
1018 529 1267 594 nituntur,
1315 527 1502 588 cladeS,
1544 526 1723 591 quibus
1761 543 1852 593 per

171 611 306 653 certa
352 602 607 652 intervalla
661 601 883 651 locorum
939 607 988 650 et
1046 607 1326 665 temporum
1376 616 1531 665 genus
1583 600 1852 650 humanum

169 683 368 743 oportet
414 675 598 742 adfligi,
654 691 801 724 causa
847 674 1069 723 accidere
1118 675 1331 723 nominis
1372 673 1665 740 Christiani,
1721 675 1852 739 quod

170 758 341 800 contra
373 750 491 799 deos
524 765 641 798 suos
673 750 861 814 ingenti
891 749 1015 797 fama
1058 754 1106 796 et
1137 747 1527 812 praeclarissima
1567 747 1853 797 celebritate

168 840 259 890 per
307 830 484 873 cuncta
534 822 839 872 diffunditur.
925 821 1162 870 Recolant
1213 836 1329 885 ergo
1380 820 1664 888 nobiscum,
1715 827 1849 870 ante·

171 913 316 963 quam
365 897 590 946 Christus
637 897 854 945 venisset
900 896 951 942 in
999 909 1168 960 carne,
1224 901 1486 958 antequam
1526 896 1632 943 eius
1672 909 1853 944 nomen

170 987 241 1038 ea,
281 973 360 1020 cui
384 971 570 1019 frustra
593 969 828 1034 invident,
867 967 1021 1032 gloria
1051 966 1245 1032 populis
1284 969 1633 1034 innotesceret,
1673 967 1854 1032 quihus

169 1043 527 1094 calamitatibus
566 1058 648 1092 res
679 1042 924 1090 Romanae
965 1040 1303 1105 multipliciter
1342 1043 1572 1106 varieque
1613 1043 1852 1096 contritae

169 1120 282 1185 sint,
322 1124 371 1166 et
394 1119 446 1165 in
469 1116 546 1165 his
572 1114 850 1181 defendant,
883 1116 924 1163 si
947 1120 1171 1181 possunt,
1211 1114 1328 1163 deos
1355 1130 1485 1181 SUOS,
1526 1117 1567 1164 si
1590 1121 1853 1180 propterea

169 1192 424 1257 coluntur,
464 1205 525 1239 ne
565 1192 658 1239 ista
699 1189 823 1237 mala
860 1190 1110 1253 patiantur
1150 1187 1367 1237 cultores
1407 1203 1600 1254 eorum3
1642 1204 1854 1252 quorum

170 1268 211 1314 si
252 1264 367 1329 quid
408 1279 540 1312 nunc
587 1265 720 1327 passi
766 1263 973 1327 suerint,
1019 1260 1162 1310 nobis
1209 1262 1550 1326 imputandum
1589 1277 1698 1311 esse
1738 1277 1850 1311 con·

171 1338 388 1387 tendant.
466 1336 566 1386 Cur
606 1338 738 1385 enim
777 1350 855 1400 ea,
903 1350 1026 1399 quae
1075 1334 1315 1402 dicturus·
1338 1350 1469 1401 sum,
1520 1337 1856 1400 permiserunt

171 1411 395 1461 accidere
437 1409 709 1477 cultoribus
751 1410 867 1474 suiS,
907 1414 1169 1471 antequam
1208 1423 1292 1457 eos
1332 1408 1633 1458 declaratum
1673 1408 1856 1459 Christi

167 1500 351 1556 nomen
391 1482 664 1532 offenderet
704 1496 974 1546 eorumque
1015 1482 1252 1530 sacrificia
1289 1479 1612 1546 prohiberet?

801 1666 814 1676 »·
843 1638 1039 1692 CAPUT
1079 1639 1172 1692 IV.

255 1735 401 1794 Quod
437 1736 655 1782 cultores
695 1735 833 1781 nulla
881 1746 1116 1792 umquam
1156 1747 1188 1780 a
1228 1734 1324 1780 diis
1362 1735 1468 1781 suis
1500 1739 1782 1796 praecepta

307 1808 577 1870 probitatis
617 1809 912 1867 acceperint
949 1811 997 1854 et
1036 1807 1087 1854 in
1125 1808 1290 1854 sacris
1330 1820 1502 1855 eorum
1543 1809 1714 1869 turpia

688 1894 916 1940 quaeque
955 1881 1335 1928 celebraverint.

318 1983 483 2031 Primo
523 1984 656 2046 ipsos
696 1996 860 2030 mores
899 1996 960 2029 ne
1000 1983 1241 2046 pessimos
1279 1981 1542 2048 haberent,
1595 1997 1747 2046 quare
1786 1983 1854 2031 dii

174 2071 346 2106 eorum
386 2069 559 2104 curare
585 2051 888 2103 noluerunt?
941 2054 1072 2103 Deus
1113 2057 1244 2103 enim
1283 2071 1430 2104 verus
1470 2071 1569 2122 eos,
1609 2071 1634 2104 a
1675 2055 1855 2120 quibus

173 2146 273 2179 non
313 2128 587 2193 colebatur,
627 2129 803 2176 merito
843 2127 1078 2193 neglexit3
1126 2128 1192 2176 dii
1233 2136 1395 2177 autem
1434 2129 1527 2195 illi,
1576 2145 1602 2177 a
1641 2144 1855 2193 quorum

172 2204 307 2253 cultu
375 2218 426 2251 se
488 2199 739 2265 prohiberi
800 2200 1025 2249 homines
1086 2203 1403 2265 ingratissimi
1465 2209 1856 2268 conqueruntur,

173 2277 389 2326 cultores
429 2290 545 2324 suos
592 2275 650 2322 ad
690 2273 814 2322 bene
854 2274 1114 2323 vivendum
1164 2289 1315 2338 quare
1355 2274 1502 2323 nullis
1542 2275 1732 2339 legibus
1771 2276 1851 2324 ad-

171 2345 439 2399 iuverunt?
477 2348 656 2412 Utique
696 2347 899 2411 dignum
939 2354 1066 2413 erat,
1104 2355 1175 2413 ut,
1216 2363 1312 2411 quo
1352 2348 1496 2396 modo
1536 2349 1618 2397 isti
1656 2348 1853 2398 illorum

173 2439 331 2489 sacra,
379 2424 446 2471 ita
492 2421 560 2469 illi
607 2423 815 2469 istorum
869 2421 994 2469 facta
1041 2428 1286 2470 curarent.
1366 2421 1461 2470 Sed
1509 2422 1855 2488 respondetur,

174 2496 304 2562 quod
343 2495 591 2544 voluntate
624 2495 823 2558 propria
863 2495 1072 2558 quisque
1113 2494 1269 2542 malus
1309 2500 1397 2543 est.
1477 2493 1597 2551 Quis
1637 2494 1729 2543 hoc
1769 2511 1851 2543 ne-

292 2671 317 2709 2
349 2679 458 2709 nam
490 2664 570 2720 qui
602 2664 709 2717 (117¹,-
755 2664 851 2707 iam
881 2663 961 2719 qui
993 2663 1063 2716 A;
1118 2677 1258 2707 causa
1290 2663 1693 2709 Christiani.sunt
1723 2679 1852 2708 nam-

174 2738 262 2781 que
294 2723 373 2780 qui
401 2725 478 2768 Kv
501 2726 517 2780 ΙΙ
541 2729 566 2767 3
597 2723 819 2767 facillime
854 2722 1029 2776 GAK¹3
1070 2722 1149 2777 qui
1186 2722 1329 2767 facill.
1368 2723 1512 2777 K2F;
1554 2738 1646 2779 qua,
1674 2723 1705 2768 f.
1738 2738 1764 2768 v
1787 2726 1803 2780 ΙΙ
1827 2730 1854 2768 5

172 2783 367 2840 uulgum
398 2782 448 2826 F
467 2784 482 2839 ΙΙ
507 2787 560 2826 11
596 2796 652 2826 ea.
675 2795 757 2826 om.
783 2782 827 2824 A
851 2783 866 2837 ΙΙ
892 2785 945 2824 15
975 2780 1302 2837 imputandum
1335 2780 1373 2825 Ο
1398 2781 1466 2837 (Β)
1496 2796 1551 2836 v;
1582 2782 1856 2839 imputanda

172 2842 433 2887 AKFabed
454 2843 470 2898 ΙΙ
494 2841 776 2886 contendant
807 2839 915 2894 GF;
946 2839 1232 2884 contendunt
1260 2840 1383 2885 AKv
