<?xml version="1.0" encoding="UTF-8"?>
<!DOCTYPE html PUBLIC "-//W3C//DTD XHTML 1.0 Transitional//EN"
    "http://www.w3.org/TR/xhtml1/DTD/xhtml1-transitional.dtd">
<html xmlns="http://www.w3.org/1999/xhtml" xml:lang="en" lang="en">
 <head>
  <title>
</title>
<meta http-equiv="Content-Type" content="text/html;charset=utf-8" />
  <meta name='ocr-system' content='tesseract 3.04.00' />
  <meta name='ocr-capabilities' content='ocr_page ocr_carea ocr_par ocr_line ocrx_word'/>
</head>
<body>
  <div class='ocr_page' id='page_1' title='image "./decivitatedeilib01auguuoft_0599.png"; bbox 0 0 2020 3122; ppageno 0'>
   <div class='ocr_carea' id='block_1_1' title="bbox 513 137 1779 189">
    <p class='ocr_par' dir='ltr' id='par_1_1' title="bbox 513 137 1779 189">
     <span class='ocr_line' id='line_1_1' title="bbox 513 137 1779 189; baseline 0.003 -10"><span class='ocrx_word' id='word_1_1' title='bbox 513 147 580 179; x_wconf 78' lang='lat' dir='ltr'>DE</span> <span class='ocrx_word' id='word_1_2' title='bbox 602 145 838 180; x_wconf 79' lang='lat' dir='ltr'>01V1TA&#39;1&#39;E</span> <span class='ocrx_word' id='word_1_3' title='bbox 862 148 949 179; x_wconf 78' lang='lat' dir='ltr'>Dm</span> <span class='ocrx_word' id='word_1_4' title='bbox 971 148 1013 180; x_wconf 77' lang='lat' dir='ltr'>L.</span> <span class='ocrx_word' id='word_1_5' title='bbox 1036 149 1145 181; x_wconf 84' lang='lat' dir='ltr'>xm.</span> <span class='ocrx_word' id='word_1_6' title='bbox 1169 147 1207 181; x_wconf 87' lang='lat' dir='ltr'>c.</span> <span class='ocrx_word' id='word_1_7' title='bbox 1232 149 1286 181; x_wconf 92' lang='grc'>22.</span> <span class='ocrx_word' id='word_1_8' title='bbox 1310 149 1362 180; x_wconf 78' lang='grc'>23.</span> <span class='ocrx_word' id='word_1_9' title='bbox 1674 137 1779 189; x_wconf 78' lang='grc'>587</span> 
     </span>
    </p>
   </div>
   <div class='ocr_carea' id='block_1_2' title="bbox 96 257 1872 1798">
    <p class='ocr_par' dir='ltr' id='par_1_2' title="bbox 96 257 1872 1798">
     <span class='ocr_line' id='line_1_2' title="bbox 99 257 1779 326; baseline 0 -17"><span class='ocrx_word' id='word_1_10' title='bbox 99 258 351 326; x_wconf 90' lang='lat' dir='ltr'>poralibus</span> <span class='ocrx_word' id='word_1_11' title='bbox 405 257 671 324; x_wconf 80' lang='lat' dir='ltr'>alimentiS,</span> <span class='ocrx_word' id='word_1_12' title='bbox 720 258 899 323; x_wconf 92' lang='lat' dir='ltr'>quibus</span> <span class='ocrx_word' id='word_1_13' title='bbox 955 259 1206 308; x_wconf 88' lang='lat' dir='ltr'>esuriendi</span> <span class='ocrx_word' id='word_1_14' title='bbox 1254 275 1308 308; x_wconf 91' lang='lat' dir='ltr'>ac</span> <span class='ocrx_word' id='word_1_15' title='bbox 1357 260 1555 311; x_wconf 89' lang='lat' dir='ltr'>sitiendi</span> <span class='ocrx_word' id='word_1_16' title='bbox 1602 260 1779 324; x_wconf 92' lang='lat' dir='ltr'>qualis-</span> 
     </span>
     <span class='ocr_line' id='line_1_3' title="bbox 96 331 1780 399; baseline 0 -16"><span class='ocrx_word' id='word_1_17' title='bbox 96 348 312 399; x_wconf 77' lang='lat' dir='ltr'><strong>cumque</strong></span> <span class='ocrx_word' id='word_1_18' title='bbox 353 331 575 380; x_wconf 87' lang='lat' dir='ltr'>molestia</span> <span class='ocrx_word' id='word_1_19' title='bbox 613 331 882 397; x_wconf 80' lang='lat' dir='ltr'>devitetur3</span> <span class='ocrx_word' id='word_1_20' title='bbox 930 333 1160 396; x_wconf 90' lang='lat' dir='ltr'>quoniam</span> <span class='ocrx_word' id='word_1_21' title='bbox 1199 339 1336 381; x_wconf 89' lang='lat' dir='ltr'>certo</span> <span class='ocrx_word' id='word_1_22' title='bbox 1377 340 1426 382; x_wconf 90' lang='lat' dir='ltr'>et</span> <span class='ocrx_word' id='word_1_23' title='bbox 1464 335 1597 383; x_wconf 89' lang='lat' dir='ltr'>omni</span> <span class='ocrx_word' id='word_1_24' title='bbox 1636 334 1780 383; x_wconf 90' lang='lat' dir='ltr'>modo</span> 
     </span>
     <span class='ocr_line' id='line_1_4' title="bbox 99 405 1781 472; baseline 0 -16"><span class='ocrx_word' id='word_1_25' title='bbox 99 405 367 456; x_wconf 84' lang='lat' dir='ltr'>inviolabili</span> <span class='ocrx_word' id='word_1_26' title='bbox 417 420 622 454; x_wconf 86' lang='lat' dir='ltr'>munere</span> <span class='ocrx_word' id='word_1_27' title='bbox 668 405 1037 454; x_wconf 80' lang='lat' dir='ltr'>inmortalitatis</span> <span class='ocrx_word' id='word_1_28' title='bbox 1087 405 1380 472; x_wconf 90' lang='lat' dir='ltr'>induentur,</span> <span class='ocrx_word' id='word_1_29' title='bbox 1435 413 1490 455; x_wconf 90' lang='lat' dir='ltr'>ut</span> <span class='ocrx_word' id='word_1_30' title='bbox 1536 422 1634 456; x_wconf 88' lang='lat' dir='ltr'>non</span> <span class='ocrx_word' id='word_1_31' title='bbox 1686 409 1781 457; x_wconf 89' lang='lat' dir='ltr'>nisi</span> 
     </span>
     <span class='ocr_line' id='line_1_5' title="bbox 101 477 1779 545; baseline 0.001 -16"><span class='ocrx_word' id='word_1_32' title='bbox 101 480 266 545; x_wconf 88' lang='lat' dir='ltr'>velint,</span> <span class='ocrx_word' id='word_1_33' title='bbox 303 477 652 544; x_wconf 92' lang='lat' dir='ltr'>possibilitate,</span> <span class='ocrx_word' id='word_1_34' title='bbox 691 494 791 527; x_wconf 92' lang='lat' dir='ltr'>non</span> <span class='ocrx_word' id='word_1_35' title='bbox 831 480 1124 528; x_wconf 83' lang='lat' dir='ltr'>necessitate</span> <span class='ocrx_word' id='word_1_36' title='bbox 1165 486 1439 528; x_wconf 82' lang='lat' dir='ltr'>vescantur.</span> <span class='ocrx_word' id='word_1_37' title='bbox 1518 480 1659 538; x_wconf 90' lang='lat' dir='ltr'>Quod</span> <span class='ocrx_word' id='word_1_38' title='bbox 1699 497 1779 530; x_wconf 90' lang='lat' dir='ltr'>an-</span> 
     </span>
     <span class='ocr_line' id='line_1_6' title="bbox 98 551 1839 620; baseline 0.001 -17"><span class='ocrx_word' id='word_1_39' title='bbox 98 553 196 620; x_wconf 85' lang='lat' dir='ltr'>geli</span> <span class='ocrx_word' id='word_1_40' title='bbox 231 568 427 618; x_wconf 90' lang='lat' dir='ltr'>quoque</span> <span class='ocrx_word' id='word_1_41' title='bbox 460 551 718 601; x_wconf 88' lang='lat' dir='ltr'>visibiliter</span> <span class='ocrx_word' id='word_1_42' title='bbox 750 558 800 601; x_wconf 92' lang='lat' dir='ltr'>et</span> <span class='ocrx_word' id='word_1_43' title='bbox 831 551 1154 601; x_wconf 83' lang='lat' dir='ltr'>tractabiliter</span> <span class='ocrx_word' id='word_1_44' title='bbox 1185 552 1491 620; x_wconf 82' lang='lat' dir='ltr'>adparentes,</span> <span class='ocrx_word' id='word_1_45' title='bbox 1530 569 1629 602; x_wconf 92' lang='lat' dir='ltr'>non</span> <span class='ocrx_word' id='word_1_46' title='bbox 1670 556 1782 619; x_wconf 90' lang='lat' dir='ltr'>quia</span> <span class='ocrx_word' id='word_1_47' title='bbox 1814 565 1839 603; x_wconf 84' lang='lat'>5</span> 
     </span>
     <span class='ocr_line' id='line_1_7' title="bbox 99 625 1781 692; baseline 0.001 -16"><span class='ocrx_word' id='word_1_48' title='bbox 99 625 405 692; x_wconf 85' lang='lat' dir='ltr'>indigebant,</span> <span class='ocrx_word' id='word_1_49' title='bbox 453 626 539 675; x_wconf 89' lang='lat' dir='ltr'>sed</span> <span class='ocrx_word' id='word_1_50' title='bbox 587 628 700 690; x_wconf 91' lang='lat' dir='ltr'>quia</span> <span class='ocrx_word' id='word_1_51' title='bbox 747 625 974 674; x_wconf 88' lang='lat' dir='ltr'>volebant</span> <span class='ocrx_word' id='word_1_52' title='bbox 1022 634 1071 674; x_wconf 90' lang='lat' dir='ltr'>et</span> <span class='ocrx_word' id='word_1_53' title='bbox 1109 631 1358 691; x_wconf 84' lang='lat' dir='ltr'>poterant,</span> <span class='ocrx_word' id='word_1_54' title='bbox 1407 633 1462 676; x_wconf 90' lang='lat' dir='ltr'>ut</span> <span class='ocrx_word' id='word_1_55' title='bbox 1500 626 1781 678; x_wconf 90' lang='lat' dir='ltr'>hominibus</span> 
     </span>
     <span class='ocr_line' id='line_1_8' title="bbox 99 698 1782 766; baseline 0.001 -16"><span class='ocrx_word' id='word_1_56' title='bbox 99 707 433 765; x_wconf 86' lang='lat' dir='ltr'>congruerent</span> <span class='ocrx_word' id='word_1_57' title='bbox 479 701 557 749; x_wconf 90' lang='lat' dir='ltr'>sui</span> <span class='ocrx_word' id='word_1_58' title='bbox 603 700 866 748; x_wconf 89' lang='lat' dir='ltr'>ministerii</span> <span class='ocrx_word' id='word_1_59' title='bbox 918 698 1127 764; x_wconf 89' lang='lat' dir='ltr'>quadam</span> <span class='ocrx_word' id='word_1_60' title='bbox 1175 698 1506 766; x_wconf 84' lang='lat' dir='ltr'>humanitate,</span> <span class='ocrx_word' id='word_1_61' title='bbox 1557 701 1782 751; x_wconf 84' lang='lat' dir='ltr'>fecerunt</span> 
     </span>
     <span class='ocr_line' id='line_1_9' title="bbox 98 771 1781 843; baseline 0 -19"><span class='ocrx_word' id='word_1_62' title='bbox 98 771 287 843; x_wconf 88' lang='lat' dir='ltr'>(neque</span> <span class='ocrx_word' id='word_1_63' title='bbox 337 775 467 822; x_wconf 88' lang='lat' dir='ltr'>euim</span> <span class='ocrx_word' id='word_1_64' title='bbox 524 775 576 822; x_wconf 91' lang='lat' dir='ltr'>in</span> <span class='ocrx_word' id='word_1_65' title='bbox 630 773 966 838; x_wconf 85' lang='lat' dir='ltr'>phantasmate</span> <span class='ocrx_word' id='word_1_66' title='bbox 1018 771 1216 837; x_wconf 87' lang='lat' dir='ltr'>angelos</span> <span class='ocrx_word' id='word_1_67' title='bbox 1269 772 1428 822; x_wconf 91' lang='lat' dir='ltr'>edisse</span> <span class='ocrx_word' id='word_1_68' title='bbox 1481 774 1781 824; x_wconf 90' lang='lat' dir='ltr'>credendum</span> 
     </span>
     <span class='ocr_line' id='line_1_10' title="bbox 100 841 1782 914; baseline -0.001 -16"><span class='ocrx_word' id='word_1_69' title='bbox 100 856 202 914; x_wconf 87' lang='lat' dir='ltr'>est,</span> <span class='ocrx_word' id='word_1_70' title='bbox 253 847 447 912; x_wconf 91' lang='lat' dir='ltr'>quando</span> <span class='ocrx_word' id='word_1_71' title='bbox 488 862 574 897; x_wconf 93' lang='lat' dir='ltr'>eos</span> <span class='ocrx_word' id='word_1_72' title='bbox 612 847 836 896; x_wconf 89' lang='lat' dir='ltr'>homines</span> <span class='ocrx_word' id='word_1_73' title='bbox 875 847 1088 912; x_wconf 84' lang='lat' dir='ltr'>hospitio</span> <span class='ocrx_word' id='word_1_74' title='bbox 1130 841 1507 914; x_wconf 87' lang='lat' dir='ltr'>susceperunt),</span> <span class='ocrx_word' id='word_1_75' title='bbox 1562 850 1782 911; x_wconf 90' lang='lat' dir='ltr'>quamvis</span> 
     </span>
     <span class='ocr_line' id='line_1_11' title="bbox 99 919 1872 987; baseline 0 -15"><span class='ocrx_word' id='word_1_76' title='bbox 99 930 270 972; x_wconf 90' lang='lat' dir='ltr'>utrum</span> <span class='ocrx_word' id='word_1_77' title='bbox 317 920 476 986; x_wconf 87' lang='lat' dir='ltr'>angeli</span> <span class='ocrx_word' id='word_1_78' title='bbox 523 927 690 970; x_wconf 90' lang='lat' dir='ltr'>essent</span> <span class='ocrx_word' id='word_1_79' title='bbox 735 920 1078 986; x_wconf 86' lang='lat' dir='ltr'>ignorantibus</span> <span class='ocrx_word' id='word_1_80' title='bbox 1130 919 1276 969; x_wconf 91' lang='lat' dir='ltr'>simili</span> <span class='ocrx_word' id='word_1_81' title='bbox 1322 919 1464 970; x_wconf 90' lang='lat' dir='ltr'>nobis</span> <span class='ocrx_word' id='word_1_82' title='bbox 1515 921 1784 987; x_wconf 87' lang='lat' dir='ltr'>indigentia</span> <span class='ocrx_word' id='word_1_83' title='bbox 1819 931 1872 972; x_wconf 90' lang='grc'>10</span> 
     </span>
     <span class='ocr_line' id='line_1_12' title="bbox 98 993 1783 1059; baseline 0 -14"><span class='ocrx_word' id='word_1_84' title='bbox 98 997 233 1045; x_wconf 89' lang='lat' dir='ltr'>vesci</span> <span class='ocrx_word' id='word_1_85' title='bbox 263 994 564 1044; x_wconf 89' lang='lat' dir='ltr'>viderentur.</span> <span class='ocrx_word' id='word_1_86' title='bbox 640 993 779 1044; x_wconf 91' lang='lat' dir='ltr'>Unde</span> <span class='ocrx_word' id='word_1_87' title='bbox 813 1002 889 1044; x_wconf 93' lang='lat' dir='ltr'>est</span> <span class='ocrx_word' id='word_1_88' title='bbox 919 994 1051 1059; x_wconf 90' lang='lat' dir='ltr'>quod</span> <span class='ocrx_word' id='word_1_89' title='bbox 1090 995 1157 1043; x_wconf 91' lang='lat' dir='ltr'>ait</span> <span class='ocrx_word' id='word_1_90' title='bbox 1195 993 1397 1058; x_wconf 90' lang='lat' dir='ltr'>angelus</span> <span class='ocrx_word' id='word_1_91' title='bbox 1435 995 1487 1043; x_wconf 90' lang='lat' dir='ltr'>in</span> <span class='ocrx_word' id='word_1_92' title='bbox 1525 993 1651 1045; x_wconf 91' lang='lat' dir='ltr'>libro</span> <span class='ocrx_word' id='word_1_93' title='bbox 1691 995 1783 1045; x_wconf 88' lang='lat' dir='ltr'>To-</span> 
     </span>
     <span class='ocr_line' id='line_1_13' title="bbox 97 1068 1786 1135; baseline 0.001 -16"><span class='ocrx_word' id='word_1_94' title='bbox 97 1070 230 1119; x_wconf 86' lang='lat' dir='ltr'>biae:</span> <span class='ocrx_word' id='word_1_95' title='bbox 281 1068 534 1119; x_wconf 81' lang='lat' dir='ltr'>Videbatz‘s</span> <span class='ocrx_word' id='word_1_96' title='bbox 564 1083 641 1117; x_wconf 82' lang='lat' dir='ltr'>me</span> <span class='ocrx_word' id='word_1_97' title='bbox 672 1070 1002 1135; x_wconf 80' lang='lat' dir='ltr'>manducare,</span> <span class='ocrx_word' id='word_1_98' title='bbox 1038 1070 1131 1118; x_wconf 84' lang='lat' dir='ltr'>sed</span> <span class='ocrx_word' id='word_1_99' title='bbox 1158 1070 1265 1117; x_wconf 80' lang='lat' dir='ltr'>visu</span> <span class='ocrx_word' id='word_1_100' title='bbox 1305 1074 1469 1118; x_wconf 82' lang='lat' dir='ltr'>vestro</span> <span class='ocrx_word' id='word_1_101' title='bbox 1506 1071 1751 1120; x_wconf 76' lang='lat' dir='ltr'>videbatis</span> <span class='ocrx_word' id='word_1_102' title='bbox 1766 1089 1786 1129; x_wconf 91' lang='lat'><em>;</em></span> 
     </span>
     <span class='ocr_line' id='line_1_14' title="bbox 98 1142 1784 1210; baseline 0.001 -18"><span class='ocrx_word' id='word_1_103' title='bbox 98 1144 147 1193; x_wconf 91' lang='lat' dir='ltr'>id</span> <span class='ocrx_word' id='word_1_104' title='bbox 181 1149 258 1192; x_wconf 91' lang='lat' dir='ltr'>est</span> <span class='ocrx_word' id='word_1_105' title='bbox 295 1143 590 1192; x_wconf 87' lang='lat' dir='ltr'>necessitate</span> <span class='ocrx_word' id='word_1_106' title='bbox 630 1142 884 1192; x_wconf 82' lang='lat' dir='ltr'>reficiendi</span> <span class='ocrx_word' id='word_1_107' title='bbox 923 1143 1161 1207; x_wconf 84' lang='lat' dir='ltr'>corporiS,</span> <span class='ocrx_word' id='word_1_108' title='bbox 1201 1143 1329 1190; x_wconf 91' lang='lat' dir='ltr'>sicut</span> <span class='ocrx_word' id='word_1_109' title='bbox 1368 1156 1453 1190; x_wconf 90' lang='lat' dir='ltr'>vos</span> <span class='ocrx_word' id='word_1_110' title='bbox 1493 1142 1666 1210; x_wconf 80' lang='lat' dir='ltr'>facitiS,</span> <span class='ocrx_word' id='word_1_111' title='bbox 1706 1159 1784 1194; x_wconf 92' lang='lat' dir='ltr'>me</span> 
     </span>
     <span class='ocr_line' id='line_1_15' title="bbox 97 1215 1783 1281; baseline 0.001 -15"><span class='ocrx_word' id='word_1_112' title='bbox 97 1216 265 1267; x_wconf 89' lang='lat' dir='ltr'>cibum</span> <span class='ocrx_word' id='word_1_113' title='bbox 317 1231 513 1265; x_wconf 89' lang='lat' dir='ltr'>sumere</span> <span class='ocrx_word' id='word_1_114' title='bbox 563 1215 824 1281; x_wconf 82' lang='lat' dir='ltr'>putabatis,</span> <span class='ocrx_word' id='word_1_115' title='bbox 903 1215 1001 1265; x_wconf 90' lang='lat' dir='ltr'>Sed</span> <span class='ocrx_word' id='word_1_116' title='bbox 1049 1217 1091 1265; x_wconf 92' lang='lat' dir='ltr'>si</span> <span class='ocrx_word' id='word_1_117' title='bbox 1136 1215 1263 1264; x_wconf 90' lang='lat' dir='ltr'>sorte</span> <span class='ocrx_word' id='word_1_118' title='bbox 1312 1215 1371 1263; x_wconf 93' lang='lat' dir='ltr'>de</span> <span class='ocrx_word' id='word_1_119' title='bbox 1421 1216 1605 1281; x_wconf 87' lang='lat' dir='ltr'>angelis</span> <span class='ocrx_word' id='word_1_120' title='bbox 1653 1217 1783 1267; x_wconf 90' lang='lat' dir='ltr'>aliud</span> 
     </span>
     <span class='ocr_line' id='line_1_16' title="bbox 100 1288 1872 1356; baseline 0.001 -17"><span class='ocrx_word' id='word_1_121' title='bbox 100 1289 385 1340; x_wconf 87' lang='lat' dir='ltr'>credibilius</span> <span class='ocrx_word' id='word_1_122' title='bbox 425 1290 668 1355; x_wconf 89' lang='lat' dir='ltr'>disputari</span> <span class='ocrx_word' id='word_1_123' title='bbox 704 1296 883 1356; x_wconf 92' lang='lat' dir='ltr'>potest,</span> <span class='ocrx_word' id='word_1_124' title='bbox 923 1296 1058 1340; x_wconf 90' lang='lat' dir='ltr'>certe</span> <span class='ocrx_word' id='word_1_125' title='bbox 1098 1288 1220 1338; x_wconf 90' lang='lat' dir='ltr'>fides</span> <span class='ocrx_word' id='word_1_126' title='bbox 1260 1288 1536 1340; x_wconf 89' lang='lat' dir='ltr'>Christiana</span> <span class='ocrx_word' id='word_1_127' title='bbox 1576 1291 1636 1339; x_wconf 89' lang='lat' dir='ltr'>de</span> <span class='ocrx_word' id='word_1_128' title='bbox 1675 1292 1783 1356; x_wconf 91' lang='lat' dir='ltr'>ipso</span> <span class='ocrx_word' id='word_1_129' title='bbox 1818 1300 1872 1341; x_wconf 84' lang='lat'>15</span> 
     </span>
     <span class='ocr_line' id='line_1_17' title="bbox 102 1362 1783 1431; baseline 0.001 -18"><span class='ocrx_word' id='word_1_130' title='bbox 102 1364 353 1414; x_wconf 87' lang='lat' dir='ltr'>Salvatore</span> <span class='ocrx_word' id='word_1_131' title='bbox 405 1379 504 1412; x_wconf 89' lang='lat' dir='ltr'>non</span> <span class='ocrx_word' id='word_1_132' title='bbox 555 1362 767 1429; x_wconf 87' lang='lat' dir='ltr'>dubitat,</span> <span class='ocrx_word' id='word_1_133' title='bbox 819 1363 950 1428; x_wconf 90' lang='lat' dir='ltr'>quod</span> <span class='ocrx_word' id='word_1_134' title='bbox 1001 1366 1146 1413; x_wconf 90' lang='lat' dir='ltr'>etiam</span> <span class='ocrx_word' id='word_1_135' title='bbox 1192 1371 1304 1427; x_wconf 92' lang='lat' dir='ltr'>post</span> <span class='ocrx_word' id='word_1_136' title='bbox 1350 1365 1783 1431; x_wconf 89' lang='lat' dir='ltr'>resurrectionem,</span> 
     </span>
     <span class='ocr_line' id='line_1_18' title="bbox 99 1437 1782 1503; baseline 0 -16"><span class='ocrx_word' id='word_1_137' title='bbox 99 1440 196 1487; x_wconf 89' lang='lat' dir='ltr'>iam</span> <span class='ocrx_word' id='word_1_138' title='bbox 235 1438 436 1502; x_wconf 90' lang='lat' dir='ltr'>quidem</span> <span class='ocrx_word' id='word_1_139' title='bbox 474 1439 525 1486; x_wconf 92' lang='lat' dir='ltr'>in</span> <span class='ocrx_word' id='word_1_140' title='bbox 565 1437 769 1502; x_wconf 85' lang='lat' dir='ltr'>spiritali</span> <span class='ocrx_word' id='word_1_141' title='bbox 812 1452 986 1503; x_wconf 85' lang='lat' dir='ltr'>carne,</span> <span class='ocrx_word' id='word_1_142' title='bbox 1025 1437 1111 1486; x_wconf 89' lang='lat' dir='ltr'>sed</span> <span class='ocrx_word' id='word_1_143' title='bbox 1151 1442 1315 1486; x_wconf 91' lang='lat' dir='ltr'>tamen</span> <span class='ocrx_word' id='word_1_144' title='bbox 1354 1451 1482 1502; x_wconf 88' lang='lat' dir='ltr'>vera,</span> <span class='ocrx_word' id='word_1_145' title='bbox 1523 1437 1687 1487; x_wconf 91' lang='lat' dir='ltr'>cibum</span> <span class='ocrx_word' id='word_1_146' title='bbox 1727 1453 1782 1487; x_wconf 89' lang='lat' dir='ltr'>ac</span> 
     </span>
     <span class='ocr_line' id='line_1_19' title="bbox 99 1509 1781 1578; baseline 0 -18"><span class='ocrx_word' id='word_1_147' title='bbox 99 1519 271 1577; x_wconf 88' lang='lat' dir='ltr'>potum</span> <span class='ocrx_word' id='word_1_148' title='bbox 318 1526 431 1560; x_wconf 92' lang='lat' dir='ltr'>cum</span> <span class='ocrx_word' id='word_1_149' title='bbox 478 1509 733 1576; x_wconf 90' lang='lat' dir='ltr'>discipulis</span> <span class='ocrx_word' id='word_1_150' title='bbox 781 1513 1005 1576; x_wconf 89' lang='lat' dir='ltr'>sumpsit.</span> <span class='ocrx_word' id='word_1_151' title='bbox 1079 1510 1190 1561; x_wconf 89' lang='lat' dir='ltr'>Non</span> <span class='ocrx_word' id='word_1_152' title='bbox 1237 1512 1368 1560; x_wconf 91' lang='lat' dir='ltr'>enim</span> <span class='ocrx_word' id='word_1_153' title='bbox 1406 1517 1648 1578; x_wconf 84' lang='lat' dir='ltr'>potestaS,</span> <span class='ocrx_word' id='word_1_154' title='bbox 1696 1511 1781 1561; x_wconf 90' lang='lat' dir='ltr'>sed</span> 
     </span>
     <span class='ocr_line' id='line_1_20' title="bbox 100 1582 1781 1650; baseline 0 -16"><span class='ocrx_word' id='word_1_155' title='bbox 100 1591 293 1650; x_wconf 86' lang='lat' dir='ltr'>egestas</span> <span class='ocrx_word' id='word_1_156' title='bbox 343 1584 520 1634; x_wconf 87' lang='lat' dir='ltr'>edendi</span> <span class='ocrx_word' id='word_1_157' title='bbox 575 1599 630 1634; x_wconf 87' lang='lat' dir='ltr'>ac</span> <span class='ocrx_word' id='word_1_158' title='bbox 687 1583 889 1633; x_wconf 89' lang='lat' dir='ltr'>bibendi</span> <span class='ocrx_word' id='word_1_159' title='bbox 939 1584 1118 1634; x_wconf 91' lang='lat' dir='ltr'>talibus</span> <span class='ocrx_word' id='word_1_160' title='bbox 1172 1582 1465 1648; x_wconf 88' lang='lat' dir='ltr'>corporibus</span> <span class='ocrx_word' id='word_1_161' title='bbox 1515 1585 1781 1634; x_wconf 85' lang='lat' dir='ltr'>auferetur.</span> 
     </span>
     <span class='ocr_line' id='line_1_21' title="bbox 99 1657 1872 1724; baseline 0.001 -16"><span class='ocrx_word' id='word_1_162' title='bbox 99 1659 239 1708; x_wconf 89' lang='lat' dir='ltr'>Unde</span> <span class='ocrx_word' id='word_1_163' title='bbox 279 1664 330 1708; x_wconf 89' lang='lat' dir='ltr'>et</span> <span class='ocrx_word' id='word_1_164' title='bbox 361 1658 598 1723; x_wconf 89' lang='lat' dir='ltr'>spiritalia</span> <span class='ocrx_word' id='word_1_165' title='bbox 637 1665 799 1724; x_wconf 90' lang='lat' dir='ltr'>erunt,</span> <span class='ocrx_word' id='word_1_166' title='bbox 838 1673 938 1707; x_wconf 88' lang='lat' dir='ltr'>non</span> <span class='ocrx_word' id='word_1_167' title='bbox 978 1660 1092 1723; x_wconf 89' lang='lat' dir='ltr'>quia</span> <span class='ocrx_word' id='word_1_168' title='bbox 1132 1673 1340 1722; x_wconf 90' lang='lat' dir='ltr'>corpora</span> <span class='ocrx_word' id='word_1_169' title='bbox 1381 1673 1489 1707; x_wconf 90' lang='lat' dir='ltr'>esse</span> <span class='ocrx_word' id='word_1_170' title='bbox 1529 1657 1782 1724; x_wconf 90' lang='lat' dir='ltr'>desistent,</span> <span class='ocrx_word' id='word_1_171' title='bbox 1817 1669 1872 1709; x_wconf 78' lang='lat'>20</span> 
     </span>
     <span class='ocr_line' id='line_1_22' title="bbox 100 1731 1198 1798; baseline -0.003 -16"><span class='ocrx_word' id='word_1_172' title='bbox 100 1733 185 1782; x_wconf 89' lang='lat' dir='ltr'>sed</span> <span class='ocrx_word' id='word_1_173' title='bbox 228 1733 341 1797; x_wconf 90' lang='lat' dir='ltr'>quia</span> <span class='ocrx_word' id='word_1_174' title='bbox 381 1733 560 1798; x_wconf 91' lang='lat' dir='ltr'>spiritu</span> <span class='ocrx_word' id='word_1_175' title='bbox 599 1732 872 1781; x_wconf 85' lang='lat' dir='ltr'>vivificante</span> <span class='ocrx_word' id='word_1_176' title='bbox 913 1731 1198 1781; x_wconf 88' lang='lat' dir='ltr'>subsistent.</span> 
     </span>
    </p>
   </div>
   <div class='ocr_carea' id='block_1_3' title="bbox 727 1884 1156 1943">
    <p class='ocr_par' dir='ltr' id='par_1_3' title="bbox 727 1884 1156 1943">
     <span class='ocr_line' id='line_1_23' title="bbox 727 1884 1156 1943; baseline 0 -1"><span class='ocrx_word' id='word_1_177' title='bbox 727 1887 924 1943; x_wconf 81' lang='lat' dir='ltr'>CAPUT</span> <span class='ocrx_word' id='word_1_178' title='bbox 954 1884 1156 1942; x_wconf 86' lang='lat' dir='ltr'>XXIII.</span> 
     </span>
    </p>
   </div>
   <div class='ocr_carea' id='block_1_4' title="bbox 108 1998 1871 2203">
    <p class='ocr_par' dir='ltr' id='par_1_4' title="bbox 108 1998 1871 2203">
     <span class='ocr_line' id='line_1_24' title="bbox 108 1998 1785 2060; baseline -0.001 -12"><span class='ocrx_word' id='word_1_179' title='bbox 108 2000 243 2058; x_wconf 71' lang='lat' dir='ltr'>Quid</span> <span class='ocrx_word' id='word_1_180' title='bbox 273 1998 658 2058; x_wconf 71' lang='lat' dir='ltr'>intelleqendum</span> <span class='ocrx_word' id='word_1_181' title='bbox 688 1998 755 2046; x_wconf 81' lang='lat' dir='ltr'>sit</span> <span class='ocrx_word' id='word_1_182' title='bbox 784 1998 846 2046; x_wconf 82' lang='lat' dir='ltr'>de</span> <span class='ocrx_word' id='word_1_183' title='bbox 877 2011 1094 2060; x_wconf 80' lang='lat' dir='ltr'>corpore</span> <span class='ocrx_word' id='word_1_184' title='bbox 1133 1999 1346 2046; x_wconf 79' lang='lat' dir='ltr'>animali</span> <span class='ocrx_word' id='word_1_185' title='bbox 1382 2002 1430 2046; x_wconf 86' lang='lat' dir='ltr'>et</span> <span class='ocrx_word' id='word_1_186' title='bbox 1469 1998 1530 2046; x_wconf 84' lang='lat' dir='ltr'>de</span> <span class='ocrx_word' id='word_1_187' title='bbox 1569 2011 1785 2060; x_wconf 81' lang='lat' dir='ltr'>corpore</span> 
     </span>
     <span class='ocr_line' id='line_1_25' title="bbox 151 2072 1731 2136; baseline -0.002 -15"><span class='ocrx_word' id='word_1_188' title='bbox 151 2073 394 2136; x_wconf 76' lang='lat' dir='ltr'>spiritali,</span> <span class='ocrx_word' id='word_1_189' title='bbox 434 2076 524 2120; x_wconf 78' lang='lat' dir='ltr'>aut</span> <span class='ocrx_word' id='word_1_190' title='bbox 561 2073 650 2131; x_wconf 81' lang='lat' dir='ltr'>qui</span> <span class='ocrx_word' id='word_1_191' title='bbox 686 2072 974 2119; x_wconf 80' lang='lat' dir='ltr'>moriantur</span> <span class='ocrx_word' id='word_1_192' title='bbox 1014 2073 1065 2119; x_wconf 78' lang='lat' dir='ltr'>in</span> <span class='ocrx_word' id='word_1_193' title='bbox 1103 2072 1289 2131; x_wconf 81' lang='lat' dir='ltr'>Adam,</span> <span class='ocrx_word' id='word_1_194' title='bbox 1329 2073 1420 2132; x_wconf 77' lang='lat' dir='ltr'>qui</span> <span class='ocrx_word' id='word_1_195' title='bbox 1454 2085 1573 2120; x_wconf 86' lang='lat' dir='ltr'>vero</span> <span class='ocrx_word' id='word_1_196' title='bbox 1611 2073 1731 2119; x_wconf 79' lang='lat' dir='ltr'>vivi·</span> 
     </span>
     <span class='ocr_line' id='line_1_26' title="bbox 650 2145 1871 2203; baseline -0.002 -9"><span class='ocrx_word' id='word_1_197' title='bbox 650 2147 874 2203; x_wconf 75' lang='lat' dir='ltr'>ficentur</span> <span class='ocrx_word' id='word_1_198' title='bbox 913 2147 965 2193; x_wconf 79' lang='lat' dir='ltr'>in</span> <span class='ocrx_word' id='word_1_199' title='bbox 1011 2145 1221 2194; x_wconf 79' lang='lat' dir='ltr'>Christo.</span> <span class='ocrx_word' id='word_1_200' title='bbox 1815 2152 1871 2192; x_wconf 87' lang='lat'>25</span> 
     </span>
    </p>
   </div>
   <div class='ocr_carea' id='block_1_5' title="bbox 102 2246 1783 2534">
    <p class='ocr_par' dir='ltr' id='par_1_5' title="bbox 102 2246 1783 2534">
     <span class='ocr_line' id='line_1_27' title="bbox 249 2246 1782 2313; baseline -0.001 -16"><span class='ocrx_word' id='word_1_201' title='bbox 249 2248 372 2297; x_wconf 88' lang='lat' dir='ltr'>Nam</span> <span class='ocrx_word' id='word_1_202' title='bbox 411 2248 540 2296; x_wconf 88' lang='lat' dir='ltr'>sicut</span> <span class='ocrx_word' id='word_1_203' title='bbox 578 2248 692 2312; x_wconf 84' lang='lat' dir='ltr'>ista,</span> <span class='ocrx_word' id='word_1_204' title='bbox 733 2261 857 2310; x_wconf 90' lang='lat' dir='ltr'>quae</span> <span class='ocrx_word' id='word_1_205' title='bbox 895 2246 1079 2296; x_wconf 90' lang='lat' dir='ltr'>habent</span> <span class='ocrx_word' id='word_1_206' title='bbox 1117 2248 1326 2296; x_wconf 90' lang='lat' dir='ltr'>animam</span> <span class='ocrx_word' id='word_1_207' title='bbox 1365 2248 1623 2313; x_wconf 88' lang='lat' dir='ltr'>viventem,</span> <span class='ocrx_word' id='word_1_208' title='bbox 1662 2262 1782 2296; x_wconf 91' lang='lat' dir='ltr'>non-</span> 
     </span>
     <span class='ocr_line' id='line_1_28' title="bbox 102 2320 1782 2387; baseline -0.002 -15"><span class='ocrx_word' id='word_1_209' title='bbox 102 2323 220 2372; x_wconf 92' lang='lat' dir='ltr'>dum</span> <span class='ocrx_word' id='word_1_210' title='bbox 259 2323 487 2387; x_wconf 90' lang='lat' dir='ltr'>spiritum</span> <span class='ocrx_word' id='word_1_211' title='bbox 519 2321 858 2387; x_wconf 89' lang='lat' dir='ltr'>vivificantem,</span> <span class='ocrx_word' id='word_1_212' title='bbox 897 2320 1120 2369; x_wconf 90' lang='lat' dir='ltr'>animalia</span> <span class='ocrx_word' id='word_1_213' title='bbox 1158 2321 1392 2370; x_wconf 90' lang='lat' dir='ltr'>dicuntur</span> <span class='ocrx_word' id='word_1_214' title='bbox 1430 2335 1653 2385; x_wconf 87' lang='lat' dir='ltr'>corpora,</span> <span class='ocrx_word' id='word_1_215' title='bbox 1691 2335 1782 2368; x_wconf 90' lang='lat' dir='ltr'>nec</span> 
     </span>
     <span class='ocr_line' id='line_1_29' title="bbox 103 2393 1781 2459; baseline -0.003 -14"><span class='ocrx_word' id='word_1_216' title='bbox 103 2403 263 2446; x_wconf 89' lang='lat' dir='ltr'>tamen</span> <span class='ocrx_word' id='word_1_217' title='bbox 305 2396 492 2444; x_wconf 89' lang='lat' dir='ltr'>animae</span> <span class='ocrx_word' id='word_1_218' title='bbox 534 2400 674 2454; x_wconf 89' lang='lat' dir='ltr'>sunt,</span> <span class='ocrx_word' id='word_1_219' title='bbox 714 2393 800 2442; x_wconf 91' lang='lat' dir='ltr'>sed</span> <span class='ocrx_word' id='word_1_220' title='bbox 841 2409 1070 2458; x_wconf 90' lang='lat' dir='ltr'>corpora:</span> <span class='ocrx_word' id='word_1_221' title='bbox 1108 2396 1176 2443; x_wconf 92' lang='lat' dir='ltr'>ita</span> <span class='ocrx_word' id='word_1_222' title='bbox 1214 2394 1294 2443; x_wconf 87' lang='lat' dir='ltr'>illa</span> <span class='ocrx_word' id='word_1_223' title='bbox 1333 2393 1568 2459; x_wconf 88' lang='lat' dir='ltr'>spiritalia</span> <span class='ocrx_word' id='word_1_224' title='bbox 1607 2407 1781 2441; x_wconf 88' lang='lat' dir='ltr'>vocan-</span> 
     </span>
     <span class='ocr_line' id='line_1_30' title="bbox 102 2466 1783 2534; baseline -0.003 -15"><span class='ocrx_word' id='word_1_225' title='bbox 102 2476 184 2519; x_wconf 90' lang='lat' dir='ltr'>tur</span> <span class='ocrx_word' id='word_1_226' title='bbox 223 2483 455 2534; x_wconf 84' lang='lat' dir='ltr'>corpora3</span> <span class='ocrx_word' id='word_1_227' title='bbox 503 2467 629 2517; x_wconf 90' lang='lat' dir='ltr'>absit</span> <span class='ocrx_word' id='word_1_228' title='bbox 668 2473 832 2517; x_wconf 89' lang='lat' dir='ltr'>tamen</span> <span class='ocrx_word' id='word_1_229' title='bbox 872 2474 927 2517; x_wconf 94' lang='lat' dir='ltr'>ut</span> <span class='ocrx_word' id='word_1_230' title='bbox 965 2469 1170 2532; x_wconf 89' lang='lat' dir='ltr'>spiritus</span> <span class='ocrx_word' id='word_1_231' title='bbox 1210 2483 1264 2517; x_wconf 88' lang='lat' dir='ltr'>ea</span> <span class='ocrx_word' id='word_1_232' title='bbox 1305 2467 1562 2516; x_wconf 88' lang='lat' dir='ltr'>credamus</span> <span class='ocrx_word' id='word_1_233' title='bbox 1602 2466 1783 2531; x_wconf 84' lang='lat' dir='ltr'>futura,</span> 
     </span>
    </p>
   </div>
   <div class='ocr_carea' id='block_1_6' title="bbox 221 2593 1722 2652">
    <p class='ocr_par' dir='ltr' id='par_1_6' title="bbox 221 2593 1722 2652">
     <span class='ocr_line' id='line_1_31' title="bbox 221 2593 1722 2652; baseline -0.003 -12"><span class='ocrx_word' id='word_1_234' title='bbox 221 2598 265 2652; x_wconf 85' lang='lat'>9)</span> <span class='ocrx_word' id='word_1_235' title='bbox 298 2595 413 2640; x_wconf 83' lang='lat' dir='ltr'>Gen.</span> <span class='ocrx_word' id='word_1_236' title='bbox 447 2599 526 2650; x_wconf 76' lang='lat'>18³</span> <span class='ocrx_word' id='word_1_237' title='bbox 559 2594 675 2639; x_wconf 85' lang='lat' dir='ltr'>Tob.</span> <span class='ocrx_word' id='word_1_238' title='bbox 710 2599 778 2650; x_wconf 86' lang='lat'>11,</span> <span class='ocrx_word' id='word_1_239' title='bbox 810 2598 882 2640; x_wconf 91' lang='lat'>20.</span> <span class='ocrx_word' id='word_1_240' title='bbox 947 2598 1018 2650; x_wconf 89' lang='lat'>12)</span> <span class='ocrx_word' id='word_1_241' title='bbox 1051 2594 1165 2639; x_wconf 84' lang='lat' dir='ltr'>Tob.</span> <span class='ocrx_word' id='word_1_242' title='bbox 1202 2599 1268 2650; x_wconf 87' lang='lat'>12,</span> <span class='ocrx_word' id='word_1_243' title='bbox 1303 2598 1371 2637; x_wconf 87' lang='lat'>19.</span> <span class='ocrx_word' id='word_1_244' title='bbox 1436 2595 1508 2648; x_wconf 91' lang='lat'>18)</span> <span class='ocrx_word' id='word_1_245' title='bbox 1540 2593 1616 2636; x_wconf 81' lang='lat' dir='ltr'>Le.</span> <span class='ocrx_word' id='word_1_246' title='bbox 1650 2597 1722 2636; x_wconf 84' lang='lat'>24.</span> 
     </span>
    </p>
   </div>
   <div class='ocr_carea' id='block_1_7' title="bbox 100 2754 1781 2920">
    <p class='ocr_par' dir='ltr' id='par_1_7' title="bbox 100 2754 1781 2920">
     <span class='ocr_line' id='line_1_32' title="bbox 224 2754 1781 2812; baseline -0.003 -10"><span class='ocrx_word' id='word_1_247' title='bbox 224 2763 279 2802; x_wconf 89' lang='lat'>10</span> <span class='ocrx_word' id='word_1_248' title='bbox 313 2756 542 2802; x_wconf 82' lang='lat' dir='ltr'>consimili</span> <span class='ocrx_word' id='word_1_249' title='bbox 571 2758 718 2812; x_wconf 67' lang='lat'>&#39;01124</span> <span class='ocrx_word' id='word_1_250' title='bbox 748 2756 1004 2801; x_wconf 79' lang='lat' dir='ltr'>moriantur</span> <span class='ocrx_word' id='word_1_251' title='bbox 1036 2791 1045 2800; x_wconf 93' lang='lat'>.</span> <span class='ocrx_word' id='word_1_252' title='bbox 1080 2791 1091 2801; x_wconf 92' lang='lat'>.</span> <span class='ocrx_word' id='word_1_253' title='bbox 1123 2755 1383 2800; x_wconf 75' lang='lat' dir='ltr'>vivicentur</span> <span class='ocrx_word' id='word_1_254' title='bbox 1412 2755 1542 2809; x_wconf 58' lang='grc' dir='ltr'><em>(εἰσί)</em></span> <span class='ocrx_word' id='word_1_255' title='bbox 1582 2754 1644 2807; x_wconf 84' lang='lat' dir='ltr'>V;</span> <span class='ocrx_word' id='word_1_256' title='bbox 1683 2767 1781 2797; x_wconf 91' lang='lat' dir='ltr'>mo-</span> 
     </span>
     <span class='ocr_line' id='line_1_33' title="bbox 100 2811 1781 2920; baseline -0.004 -59"><span class='ocrx_word' id='word_1_257' title='bbox 100 2817 324 2920; x_wconf 47' lang='grc' dir='ltr'>ξιὸηῐῇἓωᾎ.</span> <span class='ocrx_word' id='word_1_258' title='bbox 358 2852 367 2870; x_wconf 71' lang='grc'><em>,</em></span> <span class='ocrx_word' id='word_1_259' title='bbox 399 2815 694 2861; x_wconf 79' lang='lat' dir='ltr'>vivificantur</span> <span class='ocrx_word' id='word_1_260' title='bbox 722 2829 749 2860; x_wconf 85' lang='lat' dir='ltr'><strong><em>v</em></strong></span> <span class='ocrx_word' id='word_1_261' title='bbox 780 2817 796 2871; x_wconf 83' lang='grc'>11</span> <span class='ocrx_word' id='word_1_262' title='bbox 827 2821 884 2860; x_wconf 82' lang='grc'>26</span> <span class='ocrx_word' id='word_1_263' title='bbox 916 2828 1111 2872; x_wconf 83' lang='lat' dir='ltr'>corpora</span> <span class='ocrx_word' id='word_1_264' title='bbox 1140 2814 1231 2859; x_wconf 72' lang='lat' dir='ltr'>ista,</span> <span class='ocrx_word' id='word_1_265' title='bbox 1260 2828 1286 2858; x_wconf 84' lang='lat' dir='ltr'><strong><em>v</em></strong></span> <span class='ocrx_word' id='word_1_266' title='bbox 1309 2815 1326 2871; x_wconf 84' lang='grc' dir='ltr'>ΙΙ</span> <span class='ocrx_word' id='word_1_267' title='bbox 1349 2818 1405 2858; x_wconf 82' lang='grc'>27</span> <span class='ocrx_word' id='word_1_268' title='bbox 1438 2811 1603 2870; x_wconf 72' lang='lat' dir='ltr'>spiritu</span> <span class='ocrx_word' id='word_1_269' title='bbox 1633 2811 1781 2856; x_wconf 85' lang='lat' dir='ltr'>vivifi-</span> 
     </span>
    </p>
   </div>
  </div>
 </body>
</html>
