2020 3122
168 935 223 976 10

168 1303 221 1342 15

166 1672 222 1711 20

166 2038 221 2077 25

258 139 365 193 546
940 150 975 183 s.
999 150 1275 185 AUGUS'rrm

257 266 320 313 tis
369 270 445 312 est
490 263 602 313 felix
655 269 704 312 et
743 263 988 312 felicitatis
1027 263 1211 312 infelix.
1287 262 1429 312 Unde
1468 263 1548 330 fit,
1587 270 1669 329 ut,
1710 264 1822 328 quia
1861 262 1942 313 hic

258 337 380 387 mala
419 338 697 402 praesentia
736 338 974 402 patimur,
1013 336 1083 385 ihi
1121 338 1388 386 metuimus
1427 338 1738 402 inminentia,
1776 339 1943 387 verius

257 426 453 475 semper
491 412 661 459 miseri
700 425 846 474 quam
884 409 1015 459 beati
1053 409 1311 475 aliquando
1352 425 1460 460 esse
1499 412 1761 475 possimus

406 484 503 533 Sed
543 485 773 548 quoniam
819 483 939 533 haec
979 483 1098 532 falsa
1138 490 1254 533 sunt
1293 483 1531 532 clamante
1570 485 1779 550 pietate,
1827 499 1942 533 con·

256 560 484 607 vincente
516 559 721 607 veritate
755 553 861 624 (illa
887 559 1018 606 enim
1050 557 1191 606 nobis
1216 559 1458 606 veraciter
1488 558 1795 621 promittitur
1826 573 1944 607 vera

256 631 489 697 felicitaS,
538 633 679 680 cuius
730 632 826 680 erit
865 646 1061 695 semper
1099 630 1357 679 retinenda
1397 636 1446 679 et
1484 630 1618 680 nulla
1656 631 1943 681 infelicitate

256 705 530 770 rumpenda
569 711 703 754 certa
742 699 1031 771 securitas):
1078 705 1204 752 viam
1243 710 1429 753 rectam
1470 710 1757 770 sequenteS,
1806 704 1937 769 quod

255 778 398 828 nobis
431 785 507 828 est
538 777 780 844 Christus,
820 793 878 826 eo
913 778 1036 826 duce
1077 793 1132 826 ac
1173 777 1411 826 salvatore
1452 793 1478 826 a
1517 792 1640 826 vano
1682 785 1731 826 et
1769 779 1938 843 inepto

253 854 520 917 impiorum
570 853 782 901 circuitu
832 853 928 900 iter
979 850 1093 899 fidei
1151 857 1466 915 mentemque
1518 857 1809 900 avertamus,
1888 851 1941 900 Si

256 928 386 975 enim
434 926 493 974 de
540 927 648 974 istis
696 924 985 974 circuitibus
1032 931 1082 973 et
1121 925 1224 972 sine
1267 926 1541 974 cessatione
1581 923 1937 974 alternantibus

253 998 490 1048 itionibus
541 1005 591 1047 et
628 997 956 1047 reditionibus
998 999 1271 1047 animarum
1309 998 1613 1063 Porphyrius
1651 997 1934 1047 Platonicus

255 1068 461 1121 suorufn
507 1073 790 1137 opinionem
840 1073 982 1136 sequi
1027 1071 1211 1137 noluit,
1262 1073 1362 1120 sive
1410 1073 1566 1136 ipsius
1615 1073 1689 1120 rei
1727 1073 1939 1122 vanitate

252 1152 508 1211 permotus
549 1147 648 1194 sive
681 1147 778 1193 iam
816 1152 1039 1209 tempora
1086 1144 1363 1194 Christiana
1402 1147 1660 1211 reveritus,
1701 1151 1765 1211 et,
1806 1145 1937 1210 quod

254 1222 305 1268 111
374 1219 499 1268 libro
561 1218 751 1268 decimo
816 1221 1219 1284 commemoravi,
1273 1218 1439 1267 dicere
1493 1218 1663 1268 maluit
1730 1220 1938 1268 animam

254 1299 458 1358 propter
514 1292 854 1360 cognoscenda
908 1291 1033 1341 mala
1087 1292 1316 1341 traditam
1371 1291 1554 1341 mundo
1566 1332 1581 1358 ,
1643 1299 1699 1341 ut
1754 1291 1812 1340 ab
1868 1294 1940 1342 eis

253 1366 457 1415 liberata
511 1372 656 1430 atque
710 1371 943 1432 purgata,
998 1381 1111 1414 cum
1166 1365 1225 1414 ad
1278 1365 1476 1415 Patrem
1530 1364 1760 1432 redierit,
1816 1365 1938 1414 nihil

254 1440 463 1489 ulterius
510 1439 605 1488 tale
651 1440 889 1503 patiatur:
937 1445 1120 1502 quanto
1167 1441 1321 1503 magis
1368 1455 1459 1488 nos
1506 1441 1651 1487 istam
1689 1440 1937 1488 inimicam

255 1513 559 1562 Christianae
599 1512 714 1561 fidei
751 1512 1010 1561 falsitatem
1052 1512 1286 1561 detestari
1324 1527 1379 1561 ac
1419 1512 1634 1561 devitare
1677 1511 1937 1562 dehemus!

253 1586 341 1636 His
382 1593 545 1636 autem
586 1585 877 1635 circuitibus
918 1580 1173 1634 evacuatis
1203 1591 1348 1650 atque
1389 1586 1640 1635 frustratis
1679 1585 1811 1635 nulla
1851 1601 1934 1635 ne-
1967 1581 1970 1584 ’

255 1662 458 1709 cessitas
509 1675 599 1708 nos
651 1659 899 1724 compellit
960 1659 1071 1708 ideo
1129 1666 1304 1724 putare
1361 1675 1460 1708 non
1509 1658 1690 1708 habere
1745 1661 1941 1709 initium

253 1736 491 1798 temporis
531 1748 592 1782 ex
632 1749 728 1797 quo
770 1748 879 1782 esse
920 1734 1141 1797 coeperit
1179 1748 1335 1797 genus
1374 1733 1658 1798 humanum,
1698 1735 1812 1797 quia
1850 1748 1941 1798 per

254 1809 421 1857 nescio
474 1822 598 1871 quos
650 1809 888 1856 circuitus
939 1805 1060 1855 nihil
1101 1808 1164 1855 sit
1200 1808 1252 1855 in
1290 1806 1442 1855 rebus
1481 1808 1619 1871 novi,
1671 1806 1802 1870 quod
1841 1822 1941 1855 non

254 1888 303 1930 et
349 1887 491 1930 antea
539 1882 688 1930 certis
737 1879 1006 1929 intervallis
1054 1885 1335 1944 temporum
1383 1881 1534 1929 fuerit
1581 1889 1630 1928 et
1667 1886 1839 1944 postea
1877 1882 1941 1929 sit
1981 1883 1986 1888 “

259 1956 499 2004 futurum.
578 1953 631 2003 Si
679 1955 811 2002 enim
856 1953 1095 2003 liberatur
1141 1955 1300 2002 anima
1346 1969 1445 2002 non
1495 1953 1715 2003 reditura
1755 1953 1813 2002 ad
1852 1955 1941 2002 mi-

259 2030 440 2094 serias,
488 2029 618 2077 sicut
662 2042 932 2092 numquam
978 2033 1120 2076 antea
1165 2026 1370 2076 liberata
1410 2034 1506 2076 est:
1556 2028 1610 2076 fit
1649 2029 1699 2075 in
1738 2027 1819 2075 illa
1858 2026 1942 2075 ali-

256 2101 404 2166 quid,
459 2101 590 2165 quod
643 2107 783 2150 antea
834 2116 1104 2164 numquam
1142 2101 1324 2150 factum
1367 2106 1467 2166 est,
1523 2107 1571 2149 et
1609 2099 1701 2148 hoc
1742 2100 1940 2164 quidem

257 2174 393 2223 valde
426 2190 671 2240 magnum,
711 2175 760 2223 id
794 2180 868 2223 est
900 2189 1024 2238 quae
1064 2189 1332 2238 numquam
1371 2174 1562 2223 desinat
1600 2180 1798 2223 aeterna
1837 2173 1940 2222 feli-

257 2250 393 2297 citas
458 2247 510 2296 Si
542 2254 707 2296 autem
737 2250 788 2296 in
820 2254 995 2297 natura
1027 2248 1273 2297 inmortali
1312 2248 1367 2296 fit
1405 2254 1539 2296 tanta
1577 2249 1765 2297 novitas
1805 2246 1940 2295 nullo

259 2322 494 2386 repetita,
541 2321 675 2370 nullo
723 2321 992 2386 repetenda
1039 2323 1271 2370 circuitu:
1319 2336 1409 2370 cur
1447 2323 1498 2369 in
1537 2320 1687 2370 rebus
1725 2319 1939 2369 mortali-

170 2414 227 2452 30
259 2394 354 2444 bus
394 2395 503 2443 fieri
548 2409 647 2443 non
693 2410 839 2458 posse
889 2392 1242 2443 contenditur?
1305 2394 1357 2443 Si
1396 2394 1567 2443 dicunt
1605 2409 1704 2442 non
1743 2394 1851 2442 fieri
1888 2395 1939 2441 in

254 2470 413 2518 anima
451 2467 771 2517 beatitudinis
813 2469 1101 2533 novitatem,
1143 2470 1374 2532 quoniam
1413 2467 1471 2516 ad
1511 2483 1618 2516 eam
1657 2469 1939 2532 revertitur,

254 2544 304 2590 in
345 2557 442 2606 qua
482 2556 677 2606 semper
717 2541 837 2603 fuit,
878 2543 983 2605 ipsa
1024 2548 1158 2590 certe
1198 2540 1423 2590 liberatio
1463 2556 1587 2590 nova
1618 2541 1686 2606 fit,
1726 2556 1837 2589 cum
1878 2539 1939 2587 de

375 2670 447 2724 14)
482 2667 529 2712 C.
563 2672 633 2713 30.

372 2819 408 2916 fit
429 2815 554 2916 (ffOd
585 2828 672 2859 mss
705 2817 876 2870 (proyr.
901 2827 954 2870 p.
986 2818 1091 2870 17)‚·
1138 2828 1257 2869 quae
1290 2827 1316 2858 v
1359 2815 1375 2870 ΙΙ
1416 2818 1468 2858 12
1503 2813 1742 2870 opiniones
1774 2811 1818 2856 A
1843 2814 1858 2868 Η
1882 2816 1934 2855 21
1983 2854 1986 2855 γ

254 2886 386 2929 coep1
