2020 3122
565 159 632 190 DE
656 156 895 191 cm'rA'rE
918 159 1008 191 nm
1031 159 1074 192 L.
1100 159 1145 191 v.
1162 158 1198 192 6.
1223 161 1278 193 17.
1306 159 1358 192 18.
1678 145 1787 200 223

111 272 210 320 rint
246 284 337 336 pro
375 268 588 319 humana
626 268 805 335 gloria,
844 272 931 334 qui
969 285 1076 319 eam
1114 277 1362 335 tamquam
1403 268 1682 320 mercedem
1721 275 1789 318 ta-

110 344 232 393 lium
269 345 510 393 virtutum
548 344 774 408 accipere
819 350 1135 409 meruerunt,
1182 350 1231 393 et
1269 343 1424 393 valeat
1460 342 1605 392 nobis
1646 344 1792 392 etiam

109 417 204 466 hoc
243 416 302 466 ad
342 415 713 483 opprimendam
752 416 1059 483 superbiam,
1104 423 1183 483 ut,
1229 431 1343 466 cum
1381 416 1461 466 illa
1499 418 1696 483 civitaS,
1740 417 1793 465 in

113 505 210 555 qua
248 489 391 540 nohis
437 505 645 555 regnare
694 492 996 556 promissum
1034 496 1133 557 est,
1170 496 1361 539 tantum
1404 490 1463 539 ab
1501 490 1592 539 1136
1632 490 1795 556 distet,

112 570 351 629 quantum
399 563 547 614 distat
595 563 784 613 caelum
832 580 859 613 a
905 571 1065 631 terra,
1115 579 1142 612 a
1181 563 1439 628 temporali
1476 563 1660 613 laetitia
1696 565 1796 614 vita
1828 573 1854 613 5

115 644 336 704 aeterna,
390 636 449 687 ab
504 637 733 688 inanibus
786 637 1014 687 laudibus
1069 636 1223 687 solida
1267 636 1444 703 gloria,
1498 651 1524 684 a
1562 638 1795 687 societate

113 711 396 761 mortalium
450 713 660 761 societas
715 711 1027 778 angelorum,
1082 726 1109 760 a
1162 710 1347 760 lumine
1395 709 1512 759 solis
1559 716 1608 759 et
1653 710 1796 760 lunae

110 785 277 834 lumen
317 787 423 835 eius
462 787 548 849 qui
595 785 749 835 solem
799 786 917 835 fecit
954 792 1004 834 et
1041 784 1230 851 lunam,
1275 783 1398 834 nihil
1436 782 1530 832 sihi
1568 798 1799 848 magnum

116 859 293 908 fecisse
339 858 599 908 videantur
646 866 810 909 tantae
854 861 1042 924 patriae
1091 860 1245 925 civeS,
1293 860 1335 907 si
1383 873 1474 923 pro
1522 856 1603 906 illa
1648 857 1798 923 adipi·

116 933 298 982 scenda
335 933 546 981 fecerint
591 931 710 982 boni
748 935 913 998 operis
953 932 1135 997 aliquid
1173 932 1250 981 vel
1289 931 1414 980 mala
1452 931 1614 995 aliqua
1653 933 1798 980 susti·
1834 941 1889 981 10

115 1007 332 1073 nuerint,
365 1021 478 1055 cum
508 1005 578 1055 illi
606 1022 698 1072 pro
730 1006 821 1056 hac
853 1013 1052 1056 terrena
1082 1008 1178 1056 iam
1209 1005 1383 1071 adepta
1411 1011 1547 1054 tanta
1576 1004 1801 1073 fecerint,

116 1086 252 1128 tanta
295 1081 523 1145 perpessi
562 1082 681 1146 sint,
718 1082 1013 1146 praesertim
1052 1081 1167 1145 quia
1204 1081 1429 1128 remissio
1468 1085 1800 1143 peccatorum,

116 1167 241 1218 quae
297 1155 429 1202 cives
479 1153 540 1202 ad
590 1160 842 1203 aeternam
892 1153 1077 1218 colligit
1114 1155 1349 1219 patriam,
1402 1151 1549 1202 habet
1602 1151 1801 1219 aliquid,

117 1228 199 1276 cui
236 1241 326 1292 per
365 1225 591 1276 umbram
623 1227 866 1291 quandam
906 1227 1062 1276 simile
1102 1227 1198 1276 fuit
1235 1226 1423 1291 asylum
1460 1224 1580 1275 illud
1619 1225 1799 1275 Romu-

119 1299 265 1367 leum,
305 1315 402 1365 quo
442 1300 822 1367 multitudinem,
863 1316 959 1366 qua
997 1300 1078 1349 illa
1118 1302 1286 1350 civitas
1327 1299 1640 1365 conderetur,
1680 1314 1798 1364 quo·
1834 1307 1887 1347 15

120 1372 354 1423 rumlibet
392 1373 686 1424 delictorum
725 1376 1039 1440 congregavit
1076 1375 1341 1439 inpunitas„

736 1575 932 1631 CAPUT
964 1576 1165 1631 XVIII.

129 1690 287 1758 Quam
327 1701 485 1749 alieni
521 1715 554 1749 a
594 1701 842 1749 iaetantia
882 1714 990 1748 esse
1028 1699 1246 1748 debeant
1289 1699 1587 1758 Christiani,
1625 1698 1673 1746 si
1709 1700 1800 1747 ali-

207 1774 333 1834 quia
363 1771 590 1834 fecerint
619 1787 719 1835 pro
759 1774 1028 1822 dilectione
1067 1777 1312 1821 aeternae
1342 1773 1564 1833 patriae,
1604 1784 1718 1820 eum

314 1852 458 1896 tanta
500 1847 722 1896 Romani
755 1848 1009 1907 gesserint
1040 1859 1139 1908 pro
1177 1846 1399 1895 humana
1436 1846 1606 1906 aleria
1836 1851 1892 1892 20

681 1925 731 1969 et
768 1922 972 1970 civitate
1011 1925 1232 1969 terrena.

269 2036 396 2095 Quid
445 2052 562 2101 ergo
611 2051 842 2101 magnum
890 2043 966 2086 est
1010 2051 1100 2102 pro
1147 2035 1230 2085 illa
1268 2041 1468 2085 aeterna
1507 2034 1806 2099 caelestique

122 2112 280 2176 patria
311 2117 491 2160 cuncta
523 2109 707 2160 saeculi
737 2110 886 2160 huius
919 2108 1186 2174 quamlibet
1223 2108 1438 2159 iucunda
1476 2108 1808 2158 blandimenta

125 2191 458 2251 contemnere,
497 2185 540 2233 si
570 2199 661 2249 pro
692 2183 783 2234 hac
814 2183 1075 2249 temporali
1113 2190 1259 2248 atque
1297 2189 1498 2232 terrena
1534 2181 1660 2231 filios
1684 2181 1806 2231 Bru-

123 2265 204 2307 tus
253 2259 416 2323 potuit
462 2264 512 2307 et
556 2258 806 2324 occidere,
854 2257 985 2323 quod
1033 2257 1114 2306 illa
1152 2257 1315 2306 facere
1355 2258 1605 2306 neminem
1643 2251 1809 2320 cogit?
1841 2262 1896 2302 25

127 2329 224 2380 Sed
263 2338 398 2381 certe
438 2330 686 2381 difficilius
727 2339 801 2382 est
838 2331 964 2380 filios
1003 2332 1313 2397 interimere,
1362 2345 1507 2395 quam
1547 2323 1679 2394 quod
1717 2343 1807 2394 pro

129 2404 223 2454 ista
261 2404 540 2455 faciendum
578 2412 668 2471 est,
707 2421 779 2472 ea,
818 2420 943 2470 quae
981 2404 1094 2454 filiis
1138 2403 1479 2469 congreganda
1517 2402 1808 2452 videbantur

127 2484 271 2542 atque
304 2478 555 2545 servanda,
596 2478 670 2528 vel
701 2479 883 2529 donare
923 2477 1224 2545 pauperihus
1263 2478 1355 2545 vel,
1393 2479 1435 2526 si
1474 2478 1649 2526 existat
1687 2482 1806 2524 tem·

127 2553 307 2618 ptatio,
361 2567 485 2616 quae
540 2553 589 2602 id
642 2568 732 2618 pro
788 2553 881 2602 fide
937 2559 1084 2618 atque
1138 2553 1326 2602 iustitia
1380 2551 1489 2600 fieri
1535 2547 1807 2614 compellat,

130 2626 368 2675 amittere.
459 2625 648 2677 Felices
702 2628 834 2676 enim
887 2625 964 2676 vel
1016 2641 1108 2675 nos
1161 2625 1238 2675 vel
1288 2624 1412 2674 filios
1463 2629 1660 2672 nostros
1707 2636 1807 2670 non
1838 2628 1895 2668 30

131 2697 323 2748 divitiae
377 2707 604 2749 terrenae
652 2699 840 2749 faciunt
887 2707 970 2750 aut
1014 2699 1156 2749 nobis
1195 2696 1473 2748 viventibus
1513 2694 1806 2744 amittendae

245 2888 302 2928 28
334 2885 650 2930 conseruanda
679 2885 724 2932 Α.
