2020 3122
218 140 324 193 428
886 148 920 182 s.
946 147 1223 181 AUGUS'HNI

220 267 368 316 huius
423 264 554 313 modi
604 277 910 327 nequaquam
960 260 1078 327 illis,
1134 277 1257 326 quae
1314 263 1364 309 in
1410 260 1594 325 populo
1642 259 1731 308 Dei
1782 259 1912 308 sacta

223 341 453 404 legimus,
502 339 682 386 virtute
731 351 786 384 ac
835 334 1168 399 magnitudine
1210 333 1508 384 conserenda
1549 339 1685 398 sunt3
1726 338 1913 398 quanto

225 415 387 462 minus
420 428 491 477 ea,
531 426 654 475 quae
687 409 883 458 illorum
917 424 1112 473 quoquc
1153 408 1464 473 populorum,
1506 409 1590 472 qui
1628 406 1751 456 tales
1791 406 1914 455 deos

150 538 159 544 ,
226 486 500 551 coluerunt,
531 483 722 549 legibus
747 483 958 532 iudicata
984 490 1099 531 sunt
1123 481 1427 546 prohibenda
1460 487 1604 545 atque
1639 479 1914 545 plectenda,

169 572 193 610 5
229 561 414 624 magica
455 558 642 607 scilicet
680 557 756 606 vel
795 555 1070 620 theurgica!
1112 570 1324 620 quorum
1363 554 1598 619 pleraque
1638 555 1801 619 specie
1842 559 1913 602 te·

228 649 322 683 nus
374 632 653 681 mortalium
711 647 887 680 sensus
934 631 1218 693 imaginaria
1266 627 1597 678 ludificatione
1646 627 1914 693 decipiunt,

230 707 371 772 quale
413 713 487 756 est
525 706 691 756 lunam
732 705 1001 770 deponere,
1047 702 1236 769 „donec
1276 703 1581 770 suppositas,
1620 708 1676 751 ut
1715 702 1782 750 ait
1819 698 1913 749 Lu-

231 797 405 847 canUS,
451 782 653 845 propior
703 779 962 843 despumet
1009 779 1059 825 in
1109 771 1339 844 herbas“;
1389 777 1626 842 quaedam
1664 789 1781 825 vero
1821 774 1916 822 etsi

232 854 479 905 nonnullis
527 855 722 919 piorum
771 853 911 900 sactis
962 851 1220 901 videantur
1268 866 1417 916 opere
1469 851 1758 915 coaequari,
1805 848 1916 897 finis

147 941 198 980 10
231 932 352 994 ipse,
393 943 488 992 quo
515 928 882 992 discernuntur,
921 925 1370 990 incomparabiliter
1394 925 1515 974 haec
1548 931 1715 974 nostra
1755 928 1916 972 osten-

233 1003 302 1050 dit
365 1001 619 1050 excellere.
696 999 795 1048 Illis
858 1001 989 1048 enim
1045 999 1185 1048 multi
1248 1006 1384 1049 tanto
1440 1001 1603 1048 minus
1659 996 1911 1047 sacrificiis

234 1075 424 1124 colendi
465 1080 601 1139 sunt,
643 1080 824 1137 quanto
864 1075 1017 1136 magis
1057 1073 1176 1122 haec
1217 1080 1475 1140 expetunt3
1515 1073 1592 1122 his
1633 1083 1747 1121 vero
1787 1084 1918 1119 unus

235 1147 605 1197 commendatur
639 1147 784 1213 DeUS,
826 1148 909 1211 qui
949 1162 1000 1195 se
1042 1147 1190 1196 nullis
1229 1147 1408 1196 talibus
1449 1146 1670 1211 indigere
1711 1152 1761 1194 et
1799 1144 1918 1193 scri-

234 1229 492 1287 pturarum
533 1236 735 1270 suarum
778 1221 1122 1269 testificatione
1165 1228 1214 1270 et
1254 1221 1525 1270 eorundem
1563 1226 1734 1286 postea
1773 1218 1920 1266 sacri-

149 1307 201 1347 15
238 1297 463 1344 liciorum
511 1297 784 1343 remotione
838 1294 1159 1344 demonstrat.
1238 1295 1290 1343 Si
1342 1310 1458 1359 ergo
1507 1294 1667 1360 angeli
1706 1291 1801 1342 sibi
1841 1305 1921 1339 ex-

235 1375 410 1434 petunt
442 1369 750 1434 sacrificium,
790 1369 1125 1433 praeponendi
1158 1371 1229 1417 eis
1269 1376 1386 1418 sunt
1423 1368 1507 1434 illi,
1548 1370 1633 1433 qui
1672 1381 1771 1416 non
1811 1363 1922 1428 sibi,

237 1443 323 1491 sed
349 1442 448 1491 Deo
476 1444 686 1491 creatori
726 1444 961 1507 omnium,
1001 1444 1082 1491 cui
1114 1444 1348 1492 serviunt.
1426 1442 1553 1491 Hinc
1587 1444 1718 1490 enim
1758 1445 1920 1488 osten-

237 1516 361 1565 dunt
399 1531 545 1580 quam
584 1517 776 1564 sincero
817 1531 982 1564 amore
1023 1531 1113 1564 nos
1153 1516 1370 1582 diligant,
1409 1517 1602 1580 quando
1641 1530 1731 1580 per
1771 1512 1924 1562 sacri-

238 1590 402 1638 ficium
445 1605 540 1637 non
583 1589 696 1655 sibi,
737 1590 823 1638 sed
864 1591 909 1638 ei
948 1605 1038 1638 nos
1080 1589 1292 1639 subdere
1332 1590 1516 1655 volunt,
1557 1591 1698 1638 cuius
1738 1593 1788 1635 et
1825 1585 1922 1650 ipsi

152 1676 206 1714 20
239 1663 647 1727 contemplatione
700 1663 829 1711 beati
886 1671 1026 1730 sunt,
1078 1670 1126 1712 et
1176 1664 1233 1712 ad
1284 1679 1397 1712 eum
1445 1679 1534 1712 nos
1574 1662 1859 1727 pervenire,
1898 1672 1925 1706 a

239 1751 335 1800 quo
376 1739 470 1801 ipsi
510 1752 607 1785 non
647 1744 977 1786 recesserunt.
1057 1737 1109 1786 Si
1149 1743 1313 1786 autem
1353 1737 1536 1802 angeli,
1577 1738 1662 1800 qui
1701 1749 1800 1784 non
1840 1733 1926 1780 uni

239 1810 323 1858 scd
373 1810 597 1874 plurimis
645 1811 882 1859 sacrificia
922 1811 1029 1860 fieri
1068 1811 1257 1876 volunt,
1299 1826 1397 1859 non
1437 1810 1554 1876 sibi,
1594 1810 1679 1859 sed
1721 1810 1791 1857 eis
1831 1805 1924 1854 diis

240 1883 430 1949 volunt,
477 1899 689 1947 quorum
735 1884 942 1932 deorum
989 1885 1148 1949 angeli
1188 1892 1325 1934 sunt:
1378 1886 1524 1933 etiam
1563 1885 1635 1932 sic
1676 1885 1747 1931 eis
1786 1893 1926 1944 prae·

242 1957 456 2020 ponendi
496 1963 611 2005 sunt
650 1957 740 2022 illi,
781 1960 865 2021 qui
908 1960 1054 2007 unius
1094 1958 1182 2007 Dei
1221 1958 1427 2007 deorum
1468 1957 1627 2022 angeli
1666 1962 1803 2020 sunt,
1843 1953 1924 2001 cui

155 2041 209 2079 25
244 2030 507 2078 sacrificari
547 2032 617 2078 sic
667 2031 859 2096 iubent,
898 2039 953 2080 ut
993 2031 1137 2080 alicui
1177 2032 1320 2080 alteri
1358 2038 1547 2096 vetent,
1597 2045 1709 2079 cum
1749 2039 1923 2077 eorum

243 2102 407 2151 nullus
457 2103 570 2151 huic
619 2110 769 2169 vetet,
817 2107 896 2153 cui
944 2107 1028 2153 uni
1075 2106 1463 2154 isti‘sacrificari
1502 2104 1688 2153 iubent.
1764 2102 1922 2150 Porro

244 2178 313 2240 si,
367 2175 495 2239 quod
544 2178 695 2240 magis
747 2177 930 2227 indicat
978 2194 1149 2227 eorum
1190 2178 1403 2243 superba
1443 2178 1642 2243 fallacia,
1681 2192 1773 2226 nec
1811 2173 1929 2223 honi

245 2265 335 2297 nec
390 2249 633 2298 bonorum
691 2250 898 2298 deorum
953 2252 1111 2316 angeli
1158 2259 1295 2318 sunt,
1344 2252 1430 2301 sed
1487 2252 1750 2300 daemones
1800 2245 1929 2311 mali,

250 2325 336 2387 qui
391 2338 488 2371 non
545 2338 697 2371 unum
747 2324 905 2372 solum
952 2340 1007 2373 ac
1056 2341 1303 2374 summum
1351 2325 1529 2392 Deum,
1577 2326 1662 2374 sed
1703 2340 1754 2373 se
1794 2325 1929 2386 ipsos

161 2408 219 2446 30
252 2396 504 2445 sacrificiis
553 2395 646 2443 coli
694 2397 883 2446 volunt:
931 2398 1062 2461 quod
1110 2401 1266 2448 maius
1315 2415 1459 2463 quam
1500 2400 1647 2448 unius
1687 2398 1776 2446 Dei
1814 2407 1928 2444 con·

250 2476 324 2518 tra
384 2484 467 2518 eos
523 2469 801 2533 eligendum
856 2478 930 2519 est
982 2473 1308 2538 praesidium,
1359 2474 1440 2521 cui
1494 2474 1716 2521 serviunt
1772 2464 1931 2532 angeli

250 2542 383 2608 boni,
425 2544 508 2606 qui
548 2557 646 2591 non
681 2542 788 2608 sibi,
828 2543 913 2591 sed
953 2544 1022 2592 illi
1062 2544 1233 2594 iubent
1271 2552 1326 2595 ut
1365 2546 1605 2594 sacrificio
1646 2546 1932 2605 serviamUS,

247 2619 389 2665 cuius
435 2632 522 2664 nos
563 2617 657 2680 ipsi
697 2632 804 2665 esse
845 2618 1139 2666 sacrificium
1179 2616 1451 2667 debemus?

363 2703 405 2754 8)
438 2699 595 2742 Phars.
631 2705 670 2754 6,
703 2704 804 2744 506.

247 2821 379 2880 (430,
425 2822 526 2871 13);
573 2819 713 2872 atque
762 2818 827 2871 (et
872 2817 941 2873 K)
988 2817 1082 2861 alia
1128 2818 1263 2862 huius
1310 2818 1438 2862 modi
1475 2819 1551 2863 Kv
1589 2821 1605 2876 ΙΙ
1647 2825 1698 2864 18
1732 2818 1932 2875 diligant

248 2877 436 2930 A.K2F,·
468 2876 670 2934 diligunt
699 2876 797 2919 K¹v
