2020 3122
530 159 596 190 DE
620 156 860 209 civa'rE
883 157 973 190 nm
996 157 1038 189 L.
1062 157 1133 189 111.
1158 157 1195 190 c.
1219 157 1273 190 25.
1298 159 1351 191 26.
1684 144 1784 197 137

108 285 306 321 carcere
346 269 544 319 includi.
621 267 722 318 Cur
753 270 899 334 enim,
940 270 980 317 si
1012 267 1163 317 rebus
1203 271 1354 333 gestis
1390 283 1666 334 congruere
1705 283 1785 317 vo·

106 346 321 411 luerunt,
359 358 459 392 non
489 342 558 392 ibi
595 344 763 407 potius
805 341 976 391 aedem
1008 341 1290 391 Discordiae
1323 339 1661 392 fabricarunt?
1713 342 1789 390 An

106 418 203 469 ulla
241 419 367 466 ratio
421 416 671 483 redditur,
725 429 815 465 cur
855 414 1130 465 Concordia
1178 416 1269 465 dea
1309 418 1394 483 sit,
1445 423 1495 466 et
1532 416 1787 466 Discordia

107 492 197 542 dea
243 506 343 540 non
393 492 485 557 sit,
535 498 591 540 ut
641 489 914 539 secundum
960 488 1203 538 Labeonis
1251 489 1621 539 distinctionem
1658 489 1787 538 bona

108 568 171 615 sit
216 567 332 626 ista,
379 563 460 613 illa
507 579 622 612 vero
671 560 830 612 mala?
891 563 993 612 Nec
1032 565 1137 628 ipse
1178 562 1308 612 aliud
1349 570 1550 614 secutus
1589 564 1784 613 videtur
1819 574 1845 614 5

107 654 252 704 quam
307 637 438 703 quod
492 629 702 687 advertit
754 637 937 686 Romae
994 639 1140 687 etiam
1192 636 1370 703 Febri,
1434 639 1562 687 sicut
1616 637 1787 703 Saluti,

106 711 343 778 templum
382 713 722 761 constitutum.
798 710 870 759 Eo
917 711 1062 760 modo
1100 712 1253 775 igitur
1290 726 1389 760 non
1430 717 1623 761 tantum
1662 710 1786 760 Con·

106 786 317 852 cordiae,
355 800 528 835 verum
559 787 707 835 etiam
740 783 1023 834 Discordiae
1057 786 1291 834 constitui
1325 783 1509 835 debuit.
1585 784 1788 834 Pericu-

105 860 207 909 lose
247 862 413 924 itaque
452 859 660 908 Romani
705 865 806 908 tam
851 858 974 908 mala
1025 858 1114 907 dea
1161 861 1284 909 irata
1321 860 1485 909 vivere
1526 858 1790 908 voluerunt

108 949 200 983 nec
255 933 524 983 Troianum
578 933 823 983 excidiilm
877 932 1197 982 recoluerunt
1258 934 1500 997 originem
1562 931 1621 981 ab
1683 933 1790 981 eius
1824 944 1878 984 10

107 1008 378 1057 offensione
426 1008 710 1072 sumpsisse.
787 1006 896 1071 Ipsa
948 1008 1129 1071 quippe
1185 1008 1299 1071 quia
1345 1008 1476 1056 inter
1527 1006 1647 1056 deos
1687 1021 1786 1054 non

107 1082 267 1130 fuerat
290 1082 506 1147 invitata,
543 1082 698 1130 trium
731 1080 934 1129 dearum
959 1080 1098 1129 litem
1121 1082 1260 1130 aurei
1298 1080 1412 1129 mali
1451 1081 1790 1145 suppositione

108 1161 383 1204 commenta
423 1161 520 1220 est3
567 1153 697 1203 unde
748 1156 854 1203 rixa
901 1155 1160 1203 numinum
1208 1161 1258 1203 et
1295 1153 1461 1204 Venus
1499 1155 1701 1220 victrix,
1741 1160 1791 1202 et

109 1235 248 1294 rapta
294 1227 481 1277 Helena
528 1234 577 1277 et
627 1227 774 1276 Troia
825 1227 998 1277 deleta.
1077 1227 1412 1294 Quapropter,
1463 1230 1505 1277 si
1550 1228 1678 1277 forte
1717 1228 1790 1276 in-

108 1302 317 1368 dignata,
358 1301 490 1366 quod
521 1303 652 1351 inter
692 1300 810 1350 deos
849 1303 901 1349 in
925 1300 1059 1350 Urbe
1099 1300 1291 1350 nullum
1331 1301 1570 1366 templum
1607 1300 1790 1350 habere
1825 1311 1878 1352 15

108 1377 317 1442 meruit,
371 1375 482 1424 ideo
536 1376 632 1424 iam
687 1373 917 1424 turbabat
974 1377 1124 1424 tantis
1179 1374 1475 1424 tumultibus
1531 1376 1793 1440 civitatem,

112 1456 294 1515 quanto
336 1451 552 1499 atrocius
591 1450 754 1514 potuit
792 1450 1007 1515 inritari,
1054 1464 1168 1498 cum
1206 1451 1257 1498 in
1296 1449 1404 1498 loco
1443 1448 1575 1498 illius
1616 1447 1794 1513 caediS,

107 1523 202 1573 hoc
254 1530 331 1573 est
375 1525 428 1572 in
466 1523 575 1572 loco
615 1524 694 1572 sui
733 1524 920 1588 operiS‚
971 1523 1278 1572 adversariae
1319 1538 1435 1572 suae
1476 1524 1795 1572 constitutam

112 1596 282 1647 aedem
322 1595 532 1646 videret!
594 1595 726 1646 Haec
773 1611 894 1646 vana
941 1596 1220 1646 ridentibus
1259 1596 1402 1646 nobis
1441 1596 1511 1646 illi
1549 1595 1683 1646 docti
1720 1611 1792 1645 sa-

109 1673 401 1736 pientesque
457 1656 855 1736 stomachantur,
919 1678 968 1720 et
1021 1678 1184 1720 tamen
1237 1673 1496 1721 numinum
1548 1670 1794 1719 honorum
1826 1681 1882 1722 20

110 1745 450 1809 malorumque
491 1744 709 1794 cultores
742 1744 801 1793 de
834 1744 926 1794 hac
958 1747 1246 1808 quaestione
1273 1744 1574 1794 Concordiae
1598 1742 1792 1793 Discor-

108 1817 314 1883 diaeque
361 1833 461 1867 non
509 1826 716 1883 exeunt,
765 1820 866 1867 sive
913 1821 1339 1883 praetermiserint
1375 1819 1551 1867 harum
1590 1817 1793 1866 dearum

111 1892 299 1942 cultum
347 1893 518 1956 eisque
565 1891 775 1940 Febrem
824 1891 1175 1956 Bellonamque
1222 1892 1573 1958 praetulerint,
1613 1890 1792 1955 quibus

112 1968 310 2030 antiqua
350 1966 461 2014 fana
493 1966 733 2027 fecerunt,
774 1967 875 2014 sive
910 1972 958 2014 et
988 1968 1108 2015 istas
1147 1965 1406 2032 coluerint,
1445 1980 1558 2014 cum
1598 1966 1668 2014 sic
1709 1979 1793 2014 eos

110 2039 394 2089 discedente
444 2037 716 2088 Concordia
763 2037 1018 2088 Discordia
1066 2041 1287 2089 saeviens
1335 2054 1494 2104 usque
1535 2038 1595 2087 ad
1635 2038 1792 2087 civilia
1825 2048 1879 2089 25

82 2111 233 2162 ‘bella
270 2112 573 2177 perduxerit.

737 2254 935 2310 CAPUT
967 2256 1166 2311 XXVI.

110 2363 185 2412 De
232 2365 444 2413 diversis
487 2365 764 2426 generibus
811 2365 947 2431 belli,
994 2379 1124 2425 quae
1163 2370 1279 2427 post
1324 2365 1580 2414 conditam
1619 2366 1794 2414 aedem

603 2437 917 2487 Concordiae
954 2444 1072 2487 sunt
1107 2444 1296 2488 secuta.

256 2538 571 2589 Praeclarum
618 2555 735 2588 vero
783 2541 1040 2589 seditionis
1087 2540 1399 2590 obstaculum
1445 2540 1615 2590 aedem
1667 2539 1789 2589 Con·
1823 2549 1880 2589 30

112 2612 329 2680 cordiae,
384 2620 563 2663 testem
610 2613 773 2663 caedis
822 2613 1148 2679 suppliciique
1197 2613 1555 2680 Gracchorum,
1606 2615 1792 2663 contio-

230 2755 275 2809 5)
308 2753 359 2798 L.
394 2759 418 2798 2
453 2769 490 2800 c.
526 2761 593 2799 11.

231 2891 287 2930 30
321 2885 559 2932 seditionis
590 2887 808 2941 KParr.;
841 2887 1143 2932 seditionibus
1176 2886 1251 2932 Fv
