2038 3152
31 371 57 763 -Λὴ-ςυ-ᾲθηωυψη»
38 324 47 351 1-
39 200 56 310 —sow
48 147 50 149 .

38 923 48 940 ι,
33 869 46 900 μ,-
24 799 45 861 ›o'ra
38 786 42 790 .

578 184 644 216 DE
669 183 909 216 CIVITATE
932 184 1020 216 DEI
1044 185 1085 217 L.
1110 185 1140 217 1.
1166 186 1202 218 C.
1228 188 1257 218 1.
1283 188 1314 218 2.
1803 195 1838 230 0

149 310 254 362 suo,
294 311 407 345 cum
438 298 604 361 potius
636 295 891 362 deberent,
923 297 964 344 si
997 295 1115 360 quid
1147 299 1271 346 recti
1304 306 1550 365 saperent,
1582 300 1676 366 illa,
1710 316 1835 365 quae

148 368 208 417 ab
231 369 457 420 hostibus
496 385 670 435 aspera
708 376 757 419 et
796 369 919 418 dura
957 371 1183 434 perpessi
1222 378 1353 437 sunt,
1390 371 1462 420 illi
1502 372 1691 423 divinae
1723 390 1836 439 pro-

147 441 390 493 videntiae
437 442 681 510 tribuere,
722 458 847 508 quae
897 442 1023 492 solet
1062 450 1325 509 corruptos
1370 444 1626 496 hominum
1672 462 1836 497 mores

146 515 288 565 bellis
328 517 589 566 emendare
622 524 769 582 atque
812 522 1072 566 conterere
1112 518 1330 582 itemque
1370 520 1516 568 vitam
1556 520 1837 570 mortalium

146 590 325 639 iustam
386 597 531 655 atque
594 589 887 640 laudabilem
939 589 1120 639 talibus
1174 590 1536 642 adflictionibus
1599 609 1834 644 exercere
1868 599 1893 637 5

145 663 498 729 probatamque
553 664 629 714 vel
674 666 725 713 in
781 663 982 713 meliora
1028 665 1299 714 transfe1re
1347 666 1421 714 vel
1471 668 1522 715 in
1561 667 1637 716 his
1676 668 1835 718 adhuc

149 740 299 787 terris
329 745 535 804 propter
565 754 687 788 usus
720 738 840 787 alios
873 737 1119 804 detinere3
1158 738 1277 788 illud
1312 754 1443 806 ver0,
1484 741 1614 804 quod
1648 743 1719 790 eis
1759 742 1835 791 vel

133 806 446 898 ”ubicumque
499 819 704 878 propter
759 811 941 860 Christi
997 826 1177 861 nomen
1231 812 1306 861 vel
1370 815 1420 862 in
1476 813 1596 863 locis
1652 814 1834 864 Christi

146 888 334 935 nomini
372 886 685 936 dicatissimis
725 892 775 935 et
813 885 1127 950 amplissimis
1166 901 1222 935 ac
1261 902 1351 951 pro
1392 886 1603 952 largiore
1643 890 1833 938 miseri·

147 959 314 1009 cordia
367 960 426 1009 ad
480 962 797 1025 capacitatem
859 958 1189 1008 multitudinis
1248 959 1418 1009 electis
1483 968 1680 1026 praeter
1735 962 1832 1011 bel·
1869 967 1925 1006 10

147 1034 309 1083 lorum
362 1049 551 1083 morem
605 1033 876 1083 truculenti
929 1032 1127 1082 barbari
1178 1042 1538 1101 pepercerunt,
1599 1035 1692 1084 hoc
1747 1038 1833 1086 tri-

148 1107 302 1156 buere
360 1106 667 1172 temporibus
732 1106 1044 1172 ChristianiS,
1099 1106 1213 1156 hinc
1276 1107 1377 1156 Deo
1433 1123 1576 1173 agere
1639 1111 1835 1176 glatias,

146 1180 261 1230 hinc
307 1181 367 1229 ad
414 1182 521 1230 eius
567 1195 749 1229 nomen
794 1182 1036 1228 veraciter
1077 1195 1303 1247 currere,
1350 1187 1407 1230 ut
1446 1183 1681 1247 effugiant
1718 1199 1834 1248 poe—

146 1269 234 1304 nas
281 1256 407 1320 ignis
454 1255 664 1320 aeterni,
711 1253 843 1318 quod
892 1268 1072 1302 nomen
1120 1254 1262 1303 multi
1310 1270 1482 1304 eorum
1530 1257 1835 1306 mendaciter

146 1336 473 1395 usurparunt,
520 1334 576 1377 ut
616 1328 901 1392 ‚effugerent
946 1341 1130 1391 poenas
1168 1330 1445 1392 praesentis
1485 1331 1635 1379 exitii.
1712 1330 1834 1379 Nam
1869 1334 1922 1373 15

147 1418 271 1468 quos
302 1401 438 1452 vides
469 1401 751 1468 petulanter
775 1407 825 1450 et
863 1402 1140 1485 procaciter
1179 1401 1416 1450 insultare
1457 1404 1612 1451 servis
1639 1403 1835 1469 Christi,

148 1483 264 1526 sunt
309 1478 360 1525 in
411 1478 483 1526 eis
529 1475 753 1561 plurimi,
801 1476 887 1539 qui
932 1474 1071 1523 illum
1110 1476 1366 1524 interitum
1406 1475 1692 1541 clademque
1733 1493 1831 1526 non

148 1552 432 1616 evasissent,
471 1551 567 1599 nisi
605 1563 775 1598 servos
801 1547 984 1597 Christi
1015 1563 1067 1597 se
1101 1563 1210 1597 esse
1250 1549 1521 1600 finxissent.
1598 1549 1661 1600 Et
1700 1566 1832 1600 nunc

147 1625 337 1689 ingrata
377 1623 608 1689 superbia
648 1629 794 1687 atque
826 1623 1114 1687 impiissima
1154 1624 1344 1672 insania
1383 1625 1490 1673 eius
1530 1626 1717 1674 nomini
1755 1640 1831 1673 r-e

149 1699 331 1748 sistunt
370 1697 518 1747 corde
556 1711 809 1763 perverSO,
848 1703 904 1745 ut
935 1697 1251 1761 sempiternis
1290 1696 1510 1746 tenebris
1548 1699 1832 1765 puniantur,
1867 1702 1924 1741 20

148 1771 207 1820 ad
248 1772 379 1836 quod
425 1786 605 1820 nomen
652 1786 737 1819 ore
785 1769 861 1818 vel
908 1768 1114 1819 subdolo
1156 1770 1513 1838 confugerunt,
1554 1779 1609 1821 ut
1648 1779 1834 1837 tempo-

149 1845 239 1894 rali
278 1845 388 1894 luce
429 1845 731 1894 fruerentur.

846 1986 1045 2040 CAPUT
1077 1987 1144 2040 II.

207 2081 351 2139 Quod
388 2083 527 2129 nulla
566 2094 802 2140 umquam
841 2081 971 2128 bella
1012 2081 1083 2128 ita
1118 2086 1264 2140 ‚qesta
1302 2086 1433 2140 sunt,
1473 2087 1529 2129 ut
1567 2083 1782 2130 victores

217 2159 430 2217 propter
460 2156 578 2203 deos
610 2167 798 2214 eorum,
838 2167 960 2213 quos
1000 2155 1245 2213 vicerant,
1280 2160 1562 2216 parcerent
1599 2157 1756 2204 victis.
1865 2165 1920 2204 :25

301 2256 395 2306 Tot
442 2256 569 2306 bella
616 2263 753 2321 gesta
804 2257 1084 2320 conscripta
1131 2263 1248 2305 sunt
1301 2256 1378 2305 vel
1424 2264 1536 2306 ante
1588 2257 1834 2306 conditam

149 2329 352 2380 Romam
386 2330 463 2380 vel
494 2330 553 2379 ab
587 2332 693 2379 eius
725 2336 901 2379 exortu
934 2337 984 2378 et
1021 2331 1252 2394 imperio:
1292 2329 1456 2395 legant
1495 2337 1545 2379 et
1582 2331 1836 2395 proferant

149 2405 220 2454 sic
245 2403 304 2453 ab
330 2404 617 2469 alienigenis
641 2403 852 2468 aliquam
885 2409 1075 2467 captam
1109 2418 1217 2452 esse
1258 2405 1519 2470 civitatem,
1559 2410 1614 2453 ut
1652 2403 1834 2470 hosteS,

150 2479 235 2542 qui
290 2484 550 2544 ceperant,
603 2483 867 2542 parcerent
920 2478 1021 2542 eiS,
1077 2492 1200 2541 quos
1255 2477 1314 2526 ad
1370 2477 1576 2526 deorum
1631 2492 1834 2526 suorum

148 2551 329 2616 templa
374 2552 654 2616 confugisse
706 2557 1071 2616 compererant,
1118 2557 1202 2599 aut
1248 2550 1460 2615 aliquem
1510 2551 1686 2600 ducem
1724 2550 1830 2598 bar·
1865 2561 1921 2599 30

90 2655 93 2663 ,
148 2623 383 2675 barorum
421 2626 755 2690 praecepisse,
803 2631 859 2672 ut
904 2625 1105 2688 inrupto
1153 2624 1332 2688 oppido
1380 2624 1544 2673 nullus
1585 2625 1832 2690 feriretur,

269 2801 291 2838 1
333 2798 459 2841 recte
498 2795 599 2839 KF
631 2798 648 2851 l!
686 2800 712 2839 9
745 2794 949 2838 dicatiss.
985 2794 1189 2848 GAKR·
1222 2794 1370 2839 dedic.
1400 2809 1425 2837 v
1450 2796 1465 2849 ΙΙ
1491 2799 1546 2838 10
1579 2794 1656 2850 ad]
1691 2795 1831 2848 atque

149 2854 195 2896 A
232 2856 248 2910 ll
287 2860 342 2899 18
382 2869 482 2899 esse
521 2868 605 2899 om.
645 2856 712 2910 A3
758 2867 806 2898 se
846 2867 1004 2898 seruos
1044 2853 1206 2898 christi
1245 2867 1346 2897 esse
1385 2853 1486 2895 KF
1519 2854 1534 2908 ΙΙ
1581 2857 1636 2895 24
1675 2853 1831 2895 malim

151 2911 244 2957 sint
265 2915 280 2969 u
304 2918 360 2958 28
392 2913 558 2958 alienis
588 2914 632 2956 A
