2020 3122
216 135 283 187 72
885 147 919 180 s.
944 146 1220 182 AUGUSTmI

212 258 603 309 Atheniensibus
635 266 982 309 mutuarentur
1021 259 1154 324 leges
1189 259 1396 321 SoloniS,
1437 274 1558 324 quas
1597 265 1758 309 tamen
1799 275 1898 310 non

212 341 270 383 ut
309 339 609 398 acceperunt
647 333 1009 400 (tenuerunt),
1049 334 1135 382 sed
1174 333 1406 382 meliores
1446 339 1496 382 et
1536 333 1894 384 emendatiores

213 408 376 456 facere
417 409 579 456 conati
618 414 748 473 sunt,
787 409 1007 472 quamvis
1031 406 1286 472 Lycurgus
1325 406 1724 456 Lacedaemoniis
1762 407 1897 472 leges

214 496 273 530 ex
320 481 556 548 Apollinis
613 483 902 531 auctoritate
960 496 1012 530 se
1066 483 1341 530 instituisse
1393 481 1710 547 confinxerit,
1765 481 1897 546 quod

156 568 180 605 5
213 555 486 620 prudenter
524 554 731 603 Romani
770 555 973 604 credere
1013 554 1302 622 noluerunt,
1342 561 1606 620 propterea
1644 569 1744 603 non
1782 555 1896 604 inde

214 634 526 693 acceperunt.
603 628 761 677 Numa
813 627 1114 695 Pompilius,
1169 631 1254 693 qui
1307 628 1516 677 Romulo
1566 630 1808 678 successit
1845 630 1898 677 in

212 717 445 768 regnum,
496 702 729 767 quasdam
775 703 908 767 leges
920 742 934 769 ,
994 718 1117 766 quae
1170 702 1369 766 quidem
1418 702 1662 767 regendae
1714 703 1899 751 civitati

212 790 523 840 nequaquam
575 776 886 843 sufficerent,
938 775 1215 825 condidisse
1271 777 1455 842 fertur,
1511 777 1596 840 qui
1635 777 1706 825 eis
1745 775 1899 825 multa

214 851 360 898 etiam
385 864 523 898 sacra
548 852 824 916 constituit,
864 865 964 898 non
996 856 1159 898 tamen
1198 849 1489 914 perhibetur
1528 849 1725 898 easdem
1763 849 1898 914 leges

128 934 180 974 10
214 938 241 971 a
294 922 580 972 numinibus
634 925 897 988 accepisse.
974 922 1096 971 Mala
1150 924 1302 987 igitur
1356 924 1530 988 animi,
1584 922 1706 971 mala
1757 924 1901 990 vitae,

213 997 338 1046 mala
377 1012 594 1063 morum,
634 1012 758 1061 quae
798 999 865 1046 ita
905 1011 1077 1061 magna
1119 1003 1253 1063 sunt,
1295 1003 1351 1046 ut
1389 996 1465 1045 his
1506 996 1779 1045 doctissimi
1818 1011 1899 1045 eo-

212 1085 324 1119 rum
364 1072 456 1118 viri
495 1072 642 1119 etiam
673 1070 919 1120 stantibus
951 1069 1159 1120 urbibus
1199 1085 1280 1119 res
1318 1069 1542 1135 publicas
1579 1071 1745 1135 perire
1785 1085 1899 1120 con-

211 1144 424 1209 firment,
464 1143 531 1192 dii
571 1159 766 1211 eorum,
805 1160 867 1193 ne
908 1146 1011 1194 suis
1051 1143 1325 1194 cultoribus
1364 1143 1660 1210 acciderent,
1698 1145 1899 1193 minime

214 1225 473 1284 curarunt3
512 1219 661 1267 immo
701 1234 817 1273 vero
858 1225 914 1268 ut
953 1225 1276 1285 augerentur,
1327 1219 1455 1267 sicut
1494 1232 1644 1283 supra
1683 1218 1898 1283 disputa·

127 1302 180 1340 15
214 1299 318 1340 tum
359 1299 450 1358 est,
489 1294 623 1340 omni
661 1293 805 1342 modo
847 1299 1098 1341 curarunt.

857 1449 1054 1503 CAPUT
1087 1449 1259 1503 XVII.

214 1558 290 1607 De
328 1563 482 1620 raptu
516 1558 824 1606 Sabinarum
857 1560 1069 1618 aliisque
1109 1558 1475 1619 iniquitatibus‘,
1516 1572 1648 1618 quae
1688 1560 1739 1606 in
1779 1559 1899 1607 civi·

341 1636 443 1681 tate
481 1631 713 1680 Romana
754 1634 904 1681 etiam
943 1633 1165 1680 laudatis
1206 1634 1412 1693 viquere
1452 1633 1772 1693 temporibus,

363 1734 436 1782 An
483 1734 610 1782 sorte
656 1734 837 1799 populo
878 1733 1097 1783 Romano
1145 1740 1409 1799 propterea
1455 1733 1589 1798 leges
1635 1749 1736 1783 non
1784 1741 1902 1784 sunt

127 1817 181 1857 20
215 1823 241 1856 a
292 1807 580 1857 numinibus
628 1809 945 1875 constitutae,
1001 1810 1136 1874 quia,
1183 1810 1311 1857 sicut
1351 1807 1611 1857 Sallustius
1658 1809 1746 1874 ait,
1790 1810 1900 1874 „ius

216 1881 500 1946 bonumque
541 1882 669 1946 apud
703 1897 787 1930 eos
819 1897 916 1930 non
948 1881 1141 1946 legibus
1180 1883 1334 1946 magis
1376 1896 1521 1946 quam
1559 1887 1735 1931 natura
1772 1881 1899 1930 vale-

214 1951 362 2004 bat“?
423 1955 496 2003 Ex
535 1955 627 2004 hoc
667 1957 776 2004 iure
817 1970 872 2004 ac
910 1955 1040 2004 bono
1082 1956 1229 2005 credo
1269 1962 1433 2020 raptas
1476 1954 1692 2004 Sabinas.
1770 1954 1899 2013 Quid

216 2030 346 2077 enim
378 2031 557 2078 iustius
591 2035 640 2078 et
671 2029 847 2078 melius
879 2044 1026 2093 quam
1057 2029 1180 2079 filias
1198 2029 1395 2079 ‘alienas
1427 2029 1598 2078 fraude
1632 2028 1899 2094 spectaculi

213 2102 438 2152 inductas
478 2117 577 2151 non
603 2118 628 2151 a
663 2102 952 2167 parentibus
985 2105 1156 2169 accipi,
1195 2103 1280 2152 sed
1321 2105 1381 2169 vi,
1419 2110 1475 2152 ut
1515 2105 1723 2167 quisque
1762 2109 1899 2168 pote-

128 2185 183 2225 25
216 2183 306 2243 rat,
339 2173 558 2225 auferri?
597 2175 719 2225 Nam
759 2178 800 2225 si
836 2178 1006 2240 inique
1046 2177 1266 2225 facerent
1307 2176 1474 2225 Sabini
1511 2191 1692 2241 negare
1730 2182 1899 2240 postu-

218 2249 356 2316 lataS,
397 2255 578 2314 quanto
605 2249 697 2298 suit
721 2251 939 2314 iniquius
963 2265 1137 2315 rapere
1162 2265 1261 2298 non
1302 2247 1472 2299 datas?
1511 2249 1694 2298 lustius
1734 2256 1898 2298 autem

216 2322 401 2372 bellum
449 2339 560 2381 cum
617 2338 672 2371 ea
721 2329 867 2388 gente
922 2326 1027 2388 geri
1080 2325 1259 2390 potuit,
1316 2339 1438 2388 quae
1494 2323 1616 2372 filias
1670 2338 1784 2372 suas
1838 2323 1898 2372 ad

214 2398 582 2446 matrimonium
615 2396 1043 2461 conregionalibus
1077 2403 1126 2446 et
1158 2396 1481 2446 confinalibus
1529 2398 1631 2445 suis
1671 2405 1899 2461 negasset

214 2472 406 2537 petitaS,
448 2485 593 2534 quam
619 2485 732 2520 cum
773 2485 842 2536 ea,
870 2485 1007 2534 ,quae
1048 2470 1302 2535 repetebat
1342 2470 1537 2519 ablatas,
1615 2469 1739 2518 Illud
1779 2485 1896 2534 ergo

122 2554 179 2595 30
211 2546 377 2609 potius
424 2545 586 2610 fieret,
633 2543 701 2592 ibi
751 2537 880 2592 Mars
936 2544 1089 2593 filium
1145 2560 1289 2593 suum
1340 2551 1641 2609 pugnantem
1692 2545 1898 2610 iuvaret,

332 2687 405 2742 20)
441 2685 537 2730 Cat.
572 2691 611 2729 9.

332 2824 356 2862 2
388 2819 637 2862 tenuerunt
675 2831 756 2862 om.
798 2832 885 2862 mss
927 2821 942 2874 Η
983 2824 1036 2863 19
1068 2818 1243 2876 populo
1275 2818 1485 2862 Romano
1518 2831 1600 2862 om.
1634 2818 1678 2862 A
1701 2820 1716 2875 ΙΙ
1740 2822 1794 2861 22
1826 2831 1898 2860 ra-

211 2879 316 2933 ptas
348 2891 453 2933 mss3
486 2879 644 2934 raptas
677 2891 775 2921 esse
806 2891 832 2921 v
