2020 3122
535 166 601 198 DE
627 164 865 198 CIVITATE
888 166 978 197 DEI
1001 165 1042 197 L.
1067 166 1121 200 11.
1147 166 1183 199 c.
1210 168 1262 199 12.
1288 169 1340 199 13.
1714 158 1781 210 67

101 278 296 327 illorum
328 284 491 327 autem
523 279 616 326 ista
648 278 796 325 etiam
836 278 988 325 sacris
1021 277 1431 327 sollemnitatibus
1463 281 1783 330 miscuerunt.

102 352 234 402 Itane
283 351 505 417 tandem,
554 350 741 416 Scipio,
787 349 955 398 laudas
1005 350 1130 399 hanc
1168 353 1328 415 poetis
1367 352 1601 401 Romanis
1640 369 1782 418 nega-

100 432 200 475 tam
256 440 365 474 esse
419 424 689 489 licentiam,
746 430 802 472 ut
855 425 1085 487 cuiquam
1139 424 1461 488 opprobrium
1507 426 1786 491 infligerent

101 499 457 564 Romanorum,
512 513 625 547 cum
679 497 843 546 videas
909 512 994 546 eos
1056 497 1180 546 nulli
1242 498 1448 547 deorum
1501 502 1783 565 pepercisse

102 569 417 622 vestrorum?
455 571 590 620 Itane
614 571 773 636 pluris
797 570 889 619 tibi
918 570 1142 619 habenda
1175 578 1251 620 est
1284 574 1577 621 existimatio
1619 576 1783 623 curiae
1817 587 1842 625 5

100 652 290 696 vestrae
345 661 492 710 quam
546 644 796 710 Capitolii,
850 646 998 693 immo
1047 644 1229 694 Romae
1277 647 1426 694 unius
1478 662 1623 710 quam
1663 648 1785 696 caeli

100 722 268 786 totiuS,
308 726 364 768 ut
386 719 601 783 linguam
627 718 914 768 maledicam
946 720 997 766 in
1030 720 1160 767 cives
1193 725 1305 768 tuos
1338 734 1572 768 exercere
1610 727 1785 785 poetae

101 795 246 843 etiam
299 793 406 857 lege
461 792 872 858 prohiberentur,
928 798 978 841 et
1030 794 1080 840 in
1128 792 1246 841 deos
1295 798 1407 841 tuos
1449 795 1613 843 securi
1652 801 1786 843 tanta

100 868 318 916 convicia
350 866 483 916 nullo
510 873 736 916 senatore
777 865 911 915 nullo
952 881 1174 932 censore,
1212 866 1348 915 nullo
1387 868 1610 932 principe
1651 868 1785 916 nullo

99 941 332 1005 pontifice
370 940 664 1005 prohibente
704 937 1072 989 iacularentur‘?
1111 938 1372 1004 Indignum
1412 940 1640 990 videlicet
1679 942 1785 1007 fuit,
1821 954 1875 993 10

101 1020 158 1063 ut
216 1013 420 1063 Plautus
482 1021 566 1064 aut
628 1014 839 1062 Naevius
893 1013 1067 1062 Publio
1132 1020 1181 1062 et
1236 1013 1371 1062 Gneo
1430 1013 1648 1079 Scipioni
1703 1022 1788 1064 aut

102 1086 341 1137 Caecilius
380 1087 441 1136 M.
475 1087 648 1137 Catoni
679 1087 1008 1153 malediceret,
1048 1093 1097 1136 et
1136 1087 1338 1152 dignum
1377 1088 1490 1153 fuit,-
1523 1095 1578 1137 ut
1603 1088 1784 1137 Teren-

101 1163 199 1210 tius
250 1168 414 1210 vester
466 1161 650 1225 flagitio
712 1160 838 1209 Iovis
903 1163 1075 1225 optimi
1139 1163 1337 1210 maximi
1395 1161 1785 1211 adulescentium

103 1236 374 1299 nequitiam
413 1231 720 1284 concitaret?

751 1421 946 1476 CAPUT
978 1422 1127 1475 XHI.
1821 1440 1878 1478 15

104 1531 349 1580 Debuisse
396 1532 687 1591 intelleqere
732 1531 1009 1592 RomanOS,
1056 1531 1194 1591 quod
1238 1531 1314 1579 die·
1358 1545 1552 1591 eorum,
1602 1534 1690 1592 que·
1733 1547 1787 1581 se

164 1605 395 1666 turpibus
434 1605 566 1653 ludis
606 1606 707 1653 coli
743 1605 1058 1667 empetebant,
1101 1606 1301 1666 indz'qni
1338 1610 1501 1653 essent
1537 1606 1728 1654 honore

855 1680 1037 1727 divino.

250 1780 346 1830 Sed
385 1780 710 1846 responderet
741 1780 861 1830 mihi
899 1781 1125 1847 fortasse,
1164 1782 1206 1830 si
1244 1782 1452 1830 viveret:
1492 1780 1599 1838 Quo
1640 1781 1784 1830 modo

100 1870 190 1904 nos
230 1857 324 1903 ista
362 1856 588 1920 inpunita
627 1870 735 1903 esse
775 1854 1042 1921 nollemUS,
1089 1870 1214 1918 quae
1254 1856 1349 1919 ipsi
1388 1854 1455 1902 dii
1495 1869 1632 1903 sacra
1675 1870 1782 1904 esse
1817 1867 1874 1906 20

101 1928 377 1995 voluerunt,
417 1944 527 1978 cum
553 1928 695 1977 ludos
729 1929 996 1995 scaenicOS,
1034 1927 1119 1977 ubi
1152 1928 1265 1977 talia
1297 1928 1609 1977 celebrantur
1649 1927 1786 1977 dicti-

103 2009 269 2053 tantur
309 2004 596 2068 actitantur,
638 2009 688 2051 et
725 2001 957 2050 Romanis
997 2001 1220 2051 moribus
1259 2003 1554 2051 invexerunt
1593 2008 1643 2051 et
1682 2003 1784 2051 suis

100 2075 373 2125 honoribus
420 2077 574 2125 dicari
630 2075 951 2140 exhiberique
1005 2073 1297 2125 iusserunt?
1374 2074 1473 2125 Cur
1521 2091 1637 2140 ergo
1686 2091 1784 2124 non

101 2150 214 2199 hinc
239 2151 392 2214 magis
416 2152 512 2215 ipsi
535 2149 774 2199 intellecti
805 2155 921 2199 sunt
953 2165 1052 2198 non
1084 2165 1193 2199 esse
1225 2149 1293 2199 dii
1324 2151 1429 2199 veri
1460 2165 1552 2199 nec
1586 2151 1783 2198 omnino

103 2223 257 2290 digni,
310 2223 490 2288 quibus
538 2223 728 2272 divinos
774 2223 989 2272 honores
1039 2223 1259 2272 deferret
1303 2223 1385 2272 illa
1432 2239 1513 2272 res
1551 2220 1782 2288 publica?
1815 2234 1870 2273 25

105 2295 237 2355 Quos
278 2299 409 2347 enim
449 2297 544 2346 coli
583 2293 783 2346 minime
832 2297 1033 2346 deceret
1070 2299 1371 2362 minimeque
1412 2303 1687 2362 oporteret,
1742 2299 1783 2345 si

102 2369 242 2420 ludos
275 2378 563 2436 expeterent
594 2371 807 2436 agendos
840 2373 1073 2420 conviciis
1113 2371 1462 2437 Romanorum,
1501 2386 1598 2435 quo
1637 2369 1781 2418 modo

105 2458 284 2508 quaeso
340 2444 531 2494 colendi
584 2446 743 2510 putati
797 2451 938 2511 sunt,
994 2460 1091 2510 quo
1154 2445 1299 2494 modo
1354 2460 1454 2494 non
1508 2443 1782 2493 detestandi

105 2519 306 2582 spiritus
336 2518 588 2580 intellecti,
622 2520 707 2586 qui
738 2518 1002 2584 cupiditate
1028 2519 1227 2568 fallendi
1257 2521 1387 2567 inter
1420 2533 1535 2567 suos
1568 2517 1780 2566 honores

106 2605 191 2639 sua
253 2592 492 2641 celebrari
552 2593 759 2641 crimina
817 2589 1190 2657 poposcerunt?
1276 2591 1498 2655 Itemque
1559 2590 1778 2653 Romani,
1812 2600 1867 2637 30

109 2666 325 2727 quamvis
376 2667 472 2714 iam
527 2667 880 2730 superstitione
943 2668 1086 2714 noxia
1139 2671 1511 2730 premerentur,
1565 2670 1619 2711 ut
1672 2661 1780 2710 illos

224 2840 248 2879 7
282 2850 465 2880 exerere
495 2837 615 2891 AR·
646 2851 852 2881 exserere
886 2837 941 2880 K
944 2853 960 2892 ,·
991 2838 1067 2882 sed
1098 2837 1155 2891 cf.
1189 2841 1233 2892 8,
1264 2839 1323 2880 16
1348 2838 1362 2891 Η
1388 2840 1440 2878 13
1476 2831 1781 2878 adulescenti-

105 2891 190 2936 bus
221 2894 287 2937 A¹
311 2897 326 2951 ΙΙ
350 2901 405 2940 20
435 2896 636 2940 nolimus
667 2896 717 2939 F

1369 2968 1428 3011 5*
