2038 3152
616 169 682 200 m:
707 167 944 201 CIVITATE
968 169 1058 201 Dm
1081 170 1122 202 L.
1148 171 1177 202 1.
1203 171 1239 204 c.
1265 173 1318 205 27.
1733 162 1804 215 43

123 281 384 331 liberatum
410 287 557 346 caput
580 286 654 330 tot
676 295 853 330 rursus
876 282 1001 330 vitae
1026 280 1174 330 huius
1205 283 1440 346 periculis
1470 285 1658 351 inserit,
1692 301 1805 335 cum

125 357 189 404 sit
235 355 490 404 facillimae
541 356 801 419 potestatis
851 354 999 404 inlata
1057 354 1152 404 sibi
1203 371 1322 404 nece
1374 358 1536 406 omnia
1587 359 1802 409 devitare

121 430 460 493 scriptumque
508 429 592 477 sit:
654 429 753 487 Qui
788 435 927 478 amat
952 431 1266 490 periculum,
1315 432 1504 480 incidet
1556 434 1606 480 in
1647 435 1804 482 illud?

127 501 228 551 Cur
267 517 383 566 ergo
425 507 650 550 amantur
682 508 755 550 tot
793 508 843 552 et
881 508 1014 551 tanta
1052 502 1272 566 pericula
1310 503 1386 552 vel
1425 510 1574 570 certe,
1615 507 1804 555 etiamsi

122 591 221 624 non
261 582 507 641 amantur,
556 576 920 641 suscipiuntur,
967 590 1080 624 cum
1126 583 1290 626 manet
1340 578 1390 625 in
1430 577 1518 626 hac
1558 579 1676 644 vita,
1723 581 1803 628 eui

120 649 387 699 abscedere
433 648 624 699 licitum
672 645 783 698 est?
858 649 932 698 An
979 664 1095 697 vero
1143 656 1243 698 tam
1282 649 1468 699 insulsa
1506 654 1803 715 perversitas

121 738 209 772 cor
248 724 426 772 evertit
464 729 514 771 et
552 737 579 770 a
619 723 1011 772 consideratione
1052 724 1272 773 veritatis
1312 726 1507 788 avertit,
1555 732 1630 790 ut,
1670 728 1713 774 si
1752 742 1803 774 se

62 840 65 842 a
119 798 328 862 quisque
374 797 660 846 interimere
708 795 876 863 debet,
923 812 985 845 ne
1037 798 1185 846 unius
1226 799 1515 862 captivantis
1554 798 1804 848 dominatu

119 877 328 919 conruat
365 872 417 919 in
461 876 744 935 peccatum,
792 870 1054 919 vivendum
1094 869 1188 919 sibi
1228 872 1496 938 existimet,
1547 877 1603 920 ut
1641 874 1804 936 ipsum

117 944 335 1010 perferat
373 943 611 993 mundum
635 959 726 1008 per
750 959 921 993 omnes
959 943 1107 993 horas
1146 944 1549 1009 temptationibus
1588 945 1804 1010 plenum,

118 1024 168 1067 et
192 1017 386 1084 talibus,
426 1017 583 1081 qualis
608 1016 699 1066 sub
724 1033 823 1066 uno
861 1018 1057 1066 domino
1090 1018 1397 1084 formidatur,
1436 1025 1486 1067 et
1523 1021 1802 1068 innumera-

118 1090 299 1140 bilibus
340 1092 535 1157 ceteriS‚
575 1092 681 1139 sine
722 1090 902 1155 quibus
942 1091 1062 1140 haec
1101 1093 1201 1140 vita
1240 1107 1338 1140 non
1378 1089 1612 1141 ducitur?
1668 1091 1803 1150 ‘Quid

116 1166 268 1229 igitur
300 1179 474 1214 causae
508 1170 598 1230 est,
638 1179 728 1213 cur
759 1166 811 1213 in
851 1167 921 1213 eis
962 1164 1386 1215 exhortationibus
1425 1172 1646 1231 tempora
1687 1181 1801 1215 con-

117 1253 384 1305 sumamus,
418 1236 598 1304 quibus
623 1237 892 1302 baptizatos
917 1238 1223 1303 adloquendo
1249 1239 1506 1288 studemus
1531 1239 1799 1288 accendere

118 1313 220 1362 sive
268 1311 327 1360 ad
373 1310 660 1376 virginalem
707 1313 1041 1376 integritatem
1090 1314 1191 1360 sive
1241 1312 1300 1360 ad
1341 1314 1694 1361 continentiam
1732 1314 1798 1361 vi-

119 1385 314 1435 dualem
346 1387 446 1435 sive
472 1385 532 1434 ad
556 1387 713 1450 ipsam
743 1387 842 1434 tori
880 1385 1149 1449 coniugalis
1181 1385 1342 1451 fidem,
1383 1401 1496 1435 cum
1534 1385 1801 1435 habeamus

116 1459 321 1509 meliora
367 1465 416 1509 et
470 1458 530 1508 ab
578 1457 807 1508 omnibus
857 1459 1095 1523 peccandi
1143 1459 1380 1524 periculis
1432 1465 1624 1509 remota
1671 1474 1800 1509 com-

116 1533 311 1600 pendia,
350 1540 420 1599 ut,
459 1532 855 1598 quibuscumque
878 1539 991 1597 post
1030 1534 1373 1582 remissionem
1412 1534 1803 1582 recentissimam

115 1613 434 1672 peccatorum
473 1606 807 1672 adripiendam
855 1613 1065 1656 mortem
1105 1606 1296 1671 sibique
1335 1606 1654 1672 ingerendam
1691 1622 1801 1671 per-

113 1680 323 1730 suadere
356 1683 679 1746 potuerimuS‚
721 1695 805 1729 eos
837 1679 895 1728 ad
921 1679 1183 1729 Dominum
1224 1682 1443 1730 saniores
1474 1682 1800 1746 purioresque

110 1751 404 1804 mittamus?
455 1754 613 1804 Porro
663 1755 728 1820 si,
777 1755 1002 1819 quisquis
1047 1754 1141 1803 hoc
1180 1754 1565 1819 adgrediendum
1605 1760 1654 1803 et
1694 1769 1801 1803 sua·

114 1827 334 1878 dendum
371 1835 532 1895 putat,
571 1843 671 1877 non
711 1827 820 1877 dico
861 1827 1064 1894 desipit,
1104 1828 1191 1877 sed
1230 1830 1431 1878 insanit:
1471 1843 1567 1892 qua
1605 1827 1802 1876 tandem

115 1901 279 1951 fronte
318 1901 506 1952 homini
544 1902 684 1951 dicit:
736 1901 995 1968 „Interfice
1035 1908 1108 1967 te,
1148 1917 1210 1950 ne
1249 1903 1411 1966 parvis
1450 1903 1548 1951 tuis
1587 1902 1802 1966 peccatis

115 1975 298 2024 adicias
349 1977 565 2042 graviuS,
618 1976 736 2024 dum
782 1976 902 2023 vivis
950 1973 1041 2024 sub
1083 1975 1278 2024 domino
1319 1974 1541 2024 barbaris
1581 1973 1801 2024 moribus

110 2045 397 2115 -inpudico“,
437 2051 521 2115 qui
562 2065 660 2098 non
698 2055 862 2113 potest
902 2050 997 2097 nisi
1036 2047 1412 2098 sceleratissime
1453 2049 1643 2098 dicere:
1694 2047 1800 2114 „In-

118 2123 288 2172 terfice
328 2129 378 2172 te
416 2124 634 2188 peccatis
673 2123 772 2171 tuis
812 2121 1042 2171 omnibus
1082 2122 1333 2188 absolutiS‚
1372 2138 1434 2171 ne
1474 2137 1650 2171 rursus
1688 2121 1801 2170 talia

118 2195 196 2245 vel
243 2198 389 2245 etiam
434 2198 602 2261 peiora
651 2197 948 2258 committas,
990 2197 1107 2245 dum
1146 2198 1267 2245 vivis
1306 2198 1356 2244 in
1397 2195 1579 2245 mundo
1618 2201 1690 2244 tot
1728 2196 1799 2243 in·

116 2271 255 2334 puris
294 2270 627 2335 voluptatibus
666 2268 998 2336 inlecebroso,
1044 2276 1118 2319 tot
1164 2269 1388 2319 nefandis
1428 2267 1800 2318 crudelitatibus

117 2342 327 2410 surioSO,
372 2350 447 2393 tot
493 2343 747 2393 erroribus
794 2350 843 2393 et
888 2342 1167 2392 'terroribus
1206 2337 1471 2392 inimico“‘?
1545 2342 1648 2391 Hoc
1689 2343 1801 2406 quia

118 2416 257 2465 nefas
297 2423 372 2466 est
410 2417 592 2485 dicere,
630 2417 768 2466 nefas
810 2423 885 2466 est
921 2417 1146 2482 profecto
1187 2431 1239 2465 se
1279 2416 1519 2466 occidere.
1589 2414 1718 2463 'Nam
1757 2415 1799 2463 si

115 2487 210 2538 hoc
250 2498 424 2556 sponte
472 2490 684 2540 faciendi
729 2490 826 2539 ulla
874 2506 1018 2540 causa
1065 2492 1192 2539 iusta
1234 2505 1342 2539 esse
1381 2494 1571 2555 posset,
1625 2486 1798 2552 procul

238 2634 281 2686 3)
313 2631 455 2677 Eccli.
488 2637 530 2687 3,
561 2636 633 2677 27.
1396 2655 1414 2675 ι

240 2783 261 2821 1
294 2778 436 2822 inferi:
469 2779 514 2823 A
537 2782 553 2835 Ιῑ
577 2785 602 2823 3
632 2779 808 2823 incidet
838 2778 980 2832 AK²;
1010 2777 1175 2822 incidit
1203 2775 1349 2820 K¹Fv
1386 2777 1403 2831 ss
1441 2781 1466 2820 8
1511 2774 1678 2818 debeat:
1709 2773 1753 2816 A
1783 2774 1798 2829 1}

115 2837 358 2938 (llssuffilagis
391 2873 400 2882 .
436 2874 444 2882 .
476 2837 752 2883 formidatur
782 2837 950 2890 AKF;
989 2836 1150 2892 quales
1186 2870 1193 2878 .
1229 2870 1238 2880 .
1268 2834 1576 2878 formidantur
1609 2846 1635 2876 υ
1680 2834 1696 2888 ΙΙ
1741 2836 1797 2875 20

1839 956 1891 997 10

1835 1324 1888 1364 15

1834 1691 1890 1731 20

1834 2060 1888 2099 25

1831 2404 1888 2465 ἑο
