<?xml version="1.0" encoding="UTF-8"?>
<!DOCTYPE html PUBLIC "-//W3C//DTD XHTML 1.0 Transitional//EN"
    "http://www.w3.org/TR/xhtml1/DTD/xhtml1-transitional.dtd">
<html xmlns="http://www.w3.org/1999/xhtml" xml:lang="en" lang="en">
 <head>
  <title>
</title>
<meta http-equiv="Content-Type" content="text/html;charset=utf-8" />
  <meta name='ocr-system' content='tesseract 3.04.00' />
  <meta name='ocr-capabilities' content='ocr_page ocr_carea ocr_par ocr_line ocrx_word'/>
</head>
<body>
  <div class='ocr_page' id='page_1' title='image "./decivitatedeilib01auguuoft_0584.png"; bbox 0 0 2020 3122; ppageno 0'>
   <div class='ocr_carea' id='block_1_1' title="bbox 137 1071 190 1110">
    <p class='ocr_par' dir='ltr' id='par_1_1' title="bbox 137 1071 190 1110">
     <span class='ocr_line' id='line_1_1' title="bbox 137 1071 190 1110; baseline 0.019 -1"><span class='ocrx_word' id='word_1_1' title='bbox 137 1071 190 1110; x_wconf 90' lang='lat'>10</span> 
     </span>
    </p>
   </div>
   <div class='ocr_carea' id='block_1_2' title="bbox 135 1436 188 1475">
    <p class='ocr_par' dir='ltr' id='par_1_2' title="bbox 135 1436 188 1475">
     <span class='ocr_line' id='line_1_2' title="bbox 135 1436 188 1475; baseline 0 0"><span class='ocrx_word' id='word_1_2' title='bbox 135 1436 188 1475; x_wconf 86' lang='lat'>15</span> 
     </span>
    </p>
   </div>
   <div class='ocr_carea' id='block_1_3' title="bbox 134 1805 190 1844">
    <p class='ocr_par' dir='ltr' id='par_1_3' title="bbox 134 1805 190 1844">
     <span class='ocr_line' id='line_1_3' title="bbox 134 1805 190 1844; baseline 0 0"><span class='ocrx_word' id='word_1_3' title='bbox 134 1805 190 1844; x_wconf 82' lang='lat'>20</span> 
     </span>
    </p>
   </div>
   <div class='ocr_carea' id='block_1_4' title="bbox 133 2288 189 2328">
    <p class='ocr_par' dir='ltr' id='par_1_4' title="bbox 133 2288 189 2328">
     <span class='ocr_line' id='line_1_4' title="bbox 133 2288 189 2328; baseline 0 0"><span class='ocrx_word' id='word_1_4' title='bbox 133 2288 189 2328; x_wconf 81' lang='lat'>25</span> 
     </span>
    </p>
   </div>
   <div class='ocr_carea' id='block_1_5' title="bbox 225 125 1231 177">
    <p class='ocr_par' dir='ltr' id='par_1_5' title="bbox 225 125 1231 177">
     <span class='ocr_line' id='line_1_5' title="bbox 225 125 1231 177; baseline -0.01 0"><span class='ocrx_word' id='word_1_5' title='bbox 225 125 334 177; x_wconf 80' lang='lat'>572</span> <span class='ocrx_word' id='word_1_6' title='bbox 897 135 933 169; x_wconf 87' lang='lat' dir='ltr'>S.</span> <span class='ocrx_word' id='word_1_7' title='bbox 955 134 1231 170; x_wconf 71' lang='lat' dir='ltr'>Aueosmm</span> 
     </span>
    </p>
   </div>
   <div class='ocr_carea' id='block_1_6' title="bbox 885 330 1263 386">
    <p class='ocr_par' dir='ltr' id='par_1_6' title="bbox 885 330 1263 386">
     <span class='ocr_line' id='line_1_6' title="bbox 885 330 1263 386; baseline -0.008 0"><span class='ocrx_word' id='word_1_8' title='bbox 885 330 1077 386; x_wconf 81' lang='lat' dir='ltr'>CAPUT</span> <span class='ocrx_word' id='word_1_9' title='bbox 1115 331 1263 384; x_wconf 92' lang='lat' dir='ltr'>XIII.</span> 
     </span>
    </p>
   </div>
   <div class='ocr_carea' id='block_1_7' title="bbox 228 439 1912 575">
    <p class='ocr_par' dir='ltr' id='par_1_7' title="bbox 228 439 1912 575">
     <span class='ocr_line' id='line_1_7' title="bbox 228 439 1912 503; baseline -0.002 -13"><span class='ocrx_word' id='word_1_10' title='bbox 228 443 616 491; x_wconf 79' lang='lat' dir='ltr'>Praevaricatio</span> <span class='ocrx_word' id='word_1_11' title='bbox 643 442 924 503; x_wconf 79' lang='lat' dir='ltr'>primorum</span> <span class='ocrx_word' id='word_1_12' title='bbox 964 441 1216 489; x_wconf 75' lang='lat' dir='ltr'>hominum</span> <span class='ocrx_word' id='word_1_13' title='bbox 1255 452 1405 499; x_wconf 79' lang='lat' dir='ltr'>quam</span> <span class='ocrx_word' id='word_1_14' title='bbox 1438 439 1659 498; x_wconf 75' lang='lat' dir='ltr'>primam</span> <span class='ocrx_word' id='word_1_15' title='bbox 1697 440 1912 487; x_wconf 74' lang='lat' dir='ltr'><em>senserit</em></span> 
     </span>
     <span class='ocr_line' id='line_1_8' title="bbox 947 527 1177 575; baseline -0.009 -12"><span class='ocrx_word' id='word_1_16' title='bbox 947 527 1177 575; x_wconf 79' lang='lat' dir='ltr'>poenam.</span> 
     </span>
    </p>
   </div>
   <div class='ocr_carea' id='block_1_8' title="bbox 221 617 1908 1918">
    <p class='ocr_par' dir='ltr' id='par_1_8' title="bbox 221 617 1908 1918">
     <span class='ocr_line' id='line_1_9' title="bbox 374 617 1908 686; baseline 0.001 -20"><span class='ocrx_word' id='word_1_17' title='bbox 374 617 497 666; x_wconf 89' lang='lat' dir='ltr'>Nam</span> <span class='ocrx_word' id='word_1_18' title='bbox 549 624 720 682; x_wconf 89' lang='lat' dir='ltr'>postea</span> <span class='ocrx_word' id='word_1_19' title='bbox 775 632 919 682; x_wconf 90' lang='lat' dir='ltr'>quam</span> <span class='ocrx_word' id='word_1_20' title='bbox 967 619 1219 682; x_wconf 82' lang='lat' dir='ltr'>praecepti</span> <span class='ocrx_word' id='word_1_21' title='bbox 1272 618 1399 666; x_wconf 83' lang='lat' dir='ltr'>facta</span> <span class='ocrx_word' id='word_1_22' title='bbox 1444 620 1770 683; x_wconf 80' lang='lat' dir='ltr'>transgressio</span> <span class='ocrx_word' id='word_1_23' title='bbox 1818 625 1908 686; x_wconf 83' lang='lat' dir='ltr'>est,</span> 
     </span>
     <span class='ocr_line' id='line_1_10' title="bbox 225 690 1907 757; baseline 0.002 -18"><span class='ocrx_word' id='word_1_24' title='bbox 225 691 485 740; x_wconf 79' lang='lat' dir='ltr'>confestim</span> <span class='ocrx_word' id='word_1_25' title='bbox 538 693 693 756; x_wconf 85' lang='lat' dir='ltr'>gratia</span> <span class='ocrx_word' id='word_1_26' title='bbox 747 691 1006 740; x_wconf 87' lang='lat' dir='ltr'>deserente</span> <span class='ocrx_word' id='word_1_27' title='bbox 1062 690 1223 739; x_wconf 86' lang='lat' dir='ltr'>divina</span> <span class='ocrx_word' id='word_1_28' title='bbox 1277 691 1336 740; x_wconf 91' lang='lat' dir='ltr'>de</span> <span class='ocrx_word' id='word_1_29' title='bbox 1388 707 1651 757; x_wconf 88' lang='lat' dir='ltr'>corporum</span> <span class='ocrx_word' id='word_1_30' title='bbox 1703 708 1907 742; x_wconf 90' lang='lat' dir='ltr'>suorum</span> 
     </span>
     <span class='ocr_line' id='line_1_11' title="bbox 223 762 1904 833; baseline 0.001 -19"><span class='ocrx_word' id='word_1_31' title='bbox 223 764 442 815; x_wconf 90' lang='lat' dir='ltr'>nuditate</span> <span class='ocrx_word' id='word_1_32' title='bbox 491 765 685 814; x_wconf 88' lang='lat' dir='ltr'>confusi</span> <span class='ocrx_word' id='word_1_33' title='bbox 740 770 867 815; x_wconf 83' lang='lat' dir='ltr'>sunt.</span> <span class='ocrx_word' id='word_1_34' title='bbox 945 764 1082 813; x_wconf 91' lang='lat' dir='ltr'>Unde</span> <span class='ocrx_word' id='word_1_35' title='bbox 1123 766 1269 813; x_wconf 89' lang='lat' dir='ltr'>etiam</span> <span class='ocrx_word' id='word_1_36' title='bbox 1309 765 1436 814; x_wconf 88' lang='lat' dir='ltr'>foliis</span> <span class='ocrx_word' id='word_1_37' title='bbox 1477 762 1724 833; x_wconf 79' lang='lat' dir='ltr'>ficulneiS,</span> <span class='ocrx_word' id='word_1_38' title='bbox 1780 781 1904 830; x_wconf 88' lang='lat' dir='ltr'>quae</span> 
     </span>
     <span class='ocr_line' id='line_1_12' title="bbox 223 839 1904 906; baseline -0.001 -17"><span class='ocrx_word' id='word_1_39' title='bbox 223 842 351 890; x_wconf 83' lang='lat' dir='ltr'>forte</span> <span class='ocrx_word' id='word_1_40' title='bbox 398 855 424 890; x_wconf 92' lang='lat' dir='ltr'>a</span> <span class='ocrx_word' id='word_1_41' title='bbox 470 839 773 906; x_wconf 84' lang='lat' dir='ltr'>perturbatis</span> <span class='ocrx_word' id='word_1_42' title='bbox 819 842 976 905; x_wconf 89' lang='lat' dir='ltr'>prima</span> <span class='ocrx_word' id='word_1_43' title='bbox 1024 846 1273 904; x_wconf 86' lang='lat' dir='ltr'>comperta</span> <span class='ocrx_word' id='word_1_44' title='bbox 1314 846 1451 906; x_wconf 81' lang='lat' dir='ltr'>sunt,</span> <span class='ocrx_word' id='word_1_45' title='bbox 1501 839 1730 904; x_wconf 90' lang='lat' dir='ltr'>pudenda</span> <span class='ocrx_word' id='word_1_46' title='bbox 1773 846 1904 889; x_wconf 86' lang='lat' dir='ltr'>texe-</span> 
     </span>
     <span class='ocr_line' id='line_1_13' title="bbox 223 913 1906 982; baseline 0 -20"><span class='ocrx_word' id='word_1_47' title='bbox 223 921 361 980; x_wconf 85' lang='lat' dir='ltr'>runt3</span> <span class='ocrx_word' id='word_1_48' title='bbox 401 930 524 979; x_wconf 88' lang='lat' dir='ltr'>quae</span> <span class='ocrx_word' id='word_1_49' title='bbox 564 916 703 979; x_wconf 89' lang='lat' dir='ltr'>prius</span> <span class='ocrx_word' id='word_1_50' title='bbox 744 914 912 963; x_wconf 88' lang='lat' dir='ltr'>eadem</span> <span class='ocrx_word' id='word_1_51' title='bbox 954 913 1172 962; x_wconf 86' lang='lat' dir='ltr'>membra</span> <span class='ocrx_word' id='word_1_52' title='bbox 1212 919 1375 979; x_wconf 86' lang='lat' dir='ltr'>erant,</span> <span class='ocrx_word' id='word_1_53' title='bbox 1415 913 1501 962; x_wconf 91' lang='lat' dir='ltr'>sed</span> <span class='ocrx_word' id='word_1_54' title='bbox 1541 913 1768 982; x_wconf 88' lang='lat' dir='ltr'>pudenda</span> <span class='ocrx_word' id='word_1_55' title='bbox 1809 929 1906 962; x_wconf 92' lang='lat' dir='ltr'>non</span> 
     </span>
     <span class='ocr_line' id='line_1_14' title="bbox 224 986 1904 1052; baseline -0.001 -16"><span class='ocrx_word' id='word_1_56' title='bbox 224 994 376 1036; x_wconf 89' lang='lat' dir='ltr'>erant.</span> <span class='ocrx_word' id='word_1_57' title='bbox 455 988 730 1037; x_wconf 87' lang='lat' dir='ltr'>Senserunt</span> <span class='ocrx_word' id='word_1_58' title='bbox 777 1003 894 1052; x_wconf 86' lang='lat' dir='ltr'>ergo</span> <span class='ocrx_word' id='word_1_59' title='bbox 942 1003 1123 1036; x_wconf 91' lang='lat' dir='ltr'>novum</span> <span class='ocrx_word' id='word_1_60' title='bbox 1170 994 1358 1036; x_wconf 90' lang='lat' dir='ltr'>motum</span> <span class='ocrx_word' id='word_1_61' title='bbox 1398 986 1758 1036; x_wconf 89' lang='lat' dir='ltr'>inoboedientis</span> <span class='ocrx_word' id='word_1_62' title='bbox 1799 1002 1904 1036; x_wconf 86' lang='lat' dir='ltr'>car-</span> 
     </span>
     <span class='ocr_line' id='line_1_15' title="bbox 223 1058 1904 1128; baseline 0.001 -19"><span class='ocrx_word' id='word_1_63' title='bbox 223 1063 299 1110; x_wconf 90' lang='lat' dir='ltr'>nis</span> <span class='ocrx_word' id='word_1_64' title='bbox 333 1058 464 1128; x_wconf 81' lang='lat' dir='ltr'>suae,</span> <span class='ocrx_word' id='word_1_65' title='bbox 503 1068 750 1126; x_wconf 89' lang='lat' dir='ltr'>tamquam</span> <span class='ocrx_word' id='word_1_66' title='bbox 783 1063 1087 1126; x_wconf 89' lang='lat' dir='ltr'>reciprocam</span> <span class='ocrx_word' id='word_1_67' title='bbox 1125 1076 1335 1126; x_wconf 92' lang='lat' dir='ltr'>poenam</span> <span class='ocrx_word' id='word_1_68' title='bbox 1373 1060 1733 1110; x_wconf 90' lang='lat' dir='ltr'>inboedientiae</span> <span class='ocrx_word' id='word_1_69' title='bbox 1774 1076 1904 1110; x_wconf 89' lang='lat' dir='ltr'>suae.</span> 
     </span>
     <span class='ocr_line' id='line_1_16' title="bbox 222 1134 1903 1200; baseline 0.001 -18"><span class='ocrx_word' id='word_1_70' title='bbox 222 1134 322 1182; x_wconf 91' lang='lat' dir='ltr'>Iam</span> <span class='ocrx_word' id='word_1_71' title='bbox 370 1137 550 1200; x_wconf 88' lang='lat' dir='ltr'>quippe</span> <span class='ocrx_word' id='word_1_72' title='bbox 599 1137 758 1184; x_wconf 89' lang='lat' dir='ltr'>anima</span> <span class='ocrx_word' id='word_1_73' title='bbox 812 1134 1036 1184; x_wconf 89' lang='lat' dir='ltr'>libertate</span> <span class='ocrx_word' id='word_1_74' title='bbox 1091 1136 1143 1183; x_wconf 90' lang='lat' dir='ltr'>in</span> <span class='ocrx_word' id='word_1_75' title='bbox 1188 1150 1477 1199; x_wconf 90' lang='lat' dir='ltr'>perversum</span> <span class='ocrx_word' id='word_1_76' title='bbox 1525 1137 1726 1200; x_wconf 88' lang='lat' dir='ltr'>propria</span> <span class='ocrx_word' id='word_1_77' title='bbox 1773 1135 1903 1183; x_wconf 87' lang='lat' dir='ltr'>dele-</span> 
     </span>
     <span class='ocr_line' id='line_1_17' title="bbox 223 1208 1903 1274; baseline 0.001 -18"><span class='ocrx_word' id='word_1_78' title='bbox 223 1214 347 1256; x_wconf 86' lang='lat' dir='ltr'>ctata</span> <span class='ocrx_word' id='word_1_79' title='bbox 397 1215 446 1257; x_wconf 87' lang='lat' dir='ltr'>et</span> <span class='ocrx_word' id='word_1_80' title='bbox 491 1208 592 1257; x_wconf 91' lang='lat' dir='ltr'>Deo</span> <span class='ocrx_word' id='word_1_81' title='bbox 635 1209 894 1274; x_wconf 83' lang='lat' dir='ltr'>dedignata</span> <span class='ocrx_word' id='word_1_82' title='bbox 940 1210 1125 1257; x_wconf 86' lang='lat' dir='ltr'>servire</span> <span class='ocrx_word' id='word_1_83' title='bbox 1170 1210 1379 1273; x_wconf 88' lang='lat' dir='ltr'>pristino</span> <span class='ocrx_word' id='word_1_84' title='bbox 1429 1211 1652 1273; x_wconf 88' lang='lat' dir='ltr'>corporis</span> <span class='ocrx_word' id='word_1_85' title='bbox 1703 1210 1903 1258; x_wconf 90' lang='lat' dir='ltr'>servitio</span> 
     </span>
     <span class='ocr_line' id='line_1_18' title="bbox 223 1281 1901 1349; baseline 0.001 -19"><span class='ocrx_word' id='word_1_86' title='bbox 223 1281 605 1349; x_wconf 82' lang='lat' dir='ltr'>destituebatur,</span> <span class='ocrx_word' id='word_1_87' title='bbox 653 1290 702 1331; x_wconf 90' lang='lat' dir='ltr'>et</span> <span class='ocrx_word' id='word_1_88' title='bbox 748 1285 864 1347; x_wconf 88' lang='lat' dir='ltr'>quia</span> <span class='ocrx_word' id='word_1_89' title='bbox 911 1284 1220 1347; x_wconf 91' lang='lat' dir='ltr'>superiorem</span> <span class='ocrx_word' id='word_1_90' title='bbox 1266 1282 1519 1331; x_wconf 88' lang='lat' dir='ltr'>dominum</span> <span class='ocrx_word' id='word_1_91' title='bbox 1566 1297 1656 1331; x_wconf 91' lang='lat' dir='ltr'>suo</span> <span class='ocrx_word' id='word_1_92' title='bbox 1697 1282 1901 1332; x_wconf 88' lang='lat' dir='ltr'>arbitrio</span> 
     </span>
     <span class='ocr_line' id='line_1_19' title="bbox 223 1355 1899 1421; baseline 0.001 -18"><span class='ocrx_word' id='word_1_93' title='bbox 223 1355 531 1421; x_wconf 86' lang='lat' dir='ltr'>deseruerat,</span> <span class='ocrx_word' id='word_1_94' title='bbox 585 1357 873 1405; x_wconf 87' lang='lat' dir='ltr'>inferiorem</span> <span class='ocrx_word' id='word_1_95' title='bbox 919 1355 1154 1405; x_wconf 87' lang='lat' dir='ltr'>famulum</span> <span class='ocrx_word' id='word_1_96' title='bbox 1203 1356 1261 1404; x_wconf 87' lang='lat' dir='ltr'>ad</span> <span class='ocrx_word' id='word_1_97' title='bbox 1311 1371 1454 1405; x_wconf 89' lang='lat' dir='ltr'>suum</span> <span class='ocrx_word' id='word_1_98' title='bbox 1502 1355 1761 1405; x_wconf 88' lang='lat' dir='ltr'>arbitrium</span> <span class='ocrx_word' id='word_1_99' title='bbox 1801 1371 1899 1405; x_wconf 89' lang='lat' dir='ltr'>non</span> 
     </span>
     <span class='ocr_line' id='line_1_20' title="bbox 222 1428 1903 1496; baseline 0.001 -20"><span class='ocrx_word' id='word_1_100' title='bbox 222 1428 440 1496; x_wconf 85' lang='lat' dir='ltr'>tenebat,</span> <span class='ocrx_word' id='word_1_101' title='bbox 487 1445 579 1478; x_wconf 90' lang='lat' dir='ltr'>nec</span> <span class='ocrx_word' id='word_1_102' title='bbox 619 1431 753 1478; x_wconf 88' lang='lat' dir='ltr'>omni</span> <span class='ocrx_word' id='word_1_103' title='bbox 791 1430 935 1478; x_wconf 92' lang='lat' dir='ltr'>modo</span> <span class='ocrx_word' id='word_1_104' title='bbox 974 1429 1183 1478; x_wconf 86' lang='lat' dir='ltr'>habebat</span> <span class='ocrx_word' id='word_1_105' title='bbox 1221 1428 1467 1478; x_wconf 85' lang='lat' dir='ltr'>subditam</span> <span class='ocrx_word' id='word_1_106' title='bbox 1507 1444 1727 1496; x_wconf 85' lang='lat' dir='ltr'>carnem,</span> <span class='ocrx_word' id='word_1_107' title='bbox 1775 1432 1903 1478; x_wconf 90' lang='lat' dir='ltr'>sicut</span> 
     </span>
     <span class='ocr_line' id='line_1_21' title="bbox 223 1502 1898 1570; baseline 0.001 -20"><span class='ocrx_word' id='word_1_108' title='bbox 223 1517 418 1566; x_wconf 87' lang='lat' dir='ltr'>semper</span> <span class='ocrx_word' id='word_1_109' title='bbox 463 1502 645 1551; x_wconf 86' lang='lat' dir='ltr'>habere</span> <span class='ocrx_word' id='word_1_110' title='bbox 692 1505 956 1570; x_wconf 82' lang='lat' dir='ltr'>potuisset,</span> <span class='ocrx_word' id='word_1_111' title='bbox 1003 1505 1045 1551; x_wconf 89' lang='lat' dir='ltr'>si</span> <span class='ocrx_word' id='word_1_112' title='bbox 1091 1502 1192 1551; x_wconf 91' lang='lat' dir='ltr'>Deo</span> <span class='ocrx_word' id='word_1_113' title='bbox 1239 1502 1432 1552; x_wconf 88' lang='lat' dir='ltr'>subdita</span> <span class='ocrx_word' id='word_1_114' title='bbox 1478 1505 1583 1567; x_wconf 87' lang='lat' dir='ltr'>ipsa</span> <span class='ocrx_word' id='word_1_115' title='bbox 1622 1505 1898 1552; x_wconf 88' lang='lat' dir='ltr'>mansisset.</span> 
     </span>
     <span class='ocr_line' id='line_1_22' title="bbox 222 1575 1899 1641; baseline 0.001 -18"><span class='ocrx_word' id='word_1_116' title='bbox 222 1575 361 1624; x_wconf 93' lang='lat' dir='ltr'>Tunc</span> <span class='ocrx_word' id='word_1_117' title='bbox 416 1591 533 1640; x_wconf 84' lang='lat' dir='ltr'>ergo</span> <span class='ocrx_word' id='word_1_118' title='bbox 589 1578 751 1641; x_wconf 89' lang='lat' dir='ltr'>coepit</span> <span class='ocrx_word' id='word_1_119' title='bbox 805 1591 919 1625; x_wconf 87' lang='lat' dir='ltr'>caro</span> <span class='ocrx_word' id='word_1_120' title='bbox 974 1578 1326 1640; x_wconf 85' lang='lat' dir='ltr'>concupiscere</span> <span class='ocrx_word' id='word_1_121' title='bbox 1374 1576 1608 1625; x_wconf 89' lang='lat' dir='ltr'>adversus</span> <span class='ocrx_word' id='word_1_122' title='bbox 1656 1578 1899 1641; x_wconf 83' lang='lat' dir='ltr'>spiritum,</span> 
     </span>
     <span class='ocr_line' id='line_1_23' title="bbox 222 1649 1901 1715; baseline 0.001 -19"><span class='ocrx_word' id='word_1_123' title='bbox 222 1663 334 1697; x_wconf 88' lang='lat' dir='ltr'>cum</span> <span class='ocrx_word' id='word_1_124' title='bbox 390 1664 485 1713; x_wconf 90' lang='lat' dir='ltr'>qua</span> <span class='ocrx_word' id='word_1_125' title='bbox 546 1652 880 1698; x_wconf 88' lang='lat' dir='ltr'>controversia</span> <span class='ocrx_word' id='word_1_126' title='bbox 940 1652 1041 1699; x_wconf 91' lang='lat' dir='ltr'>nati</span> <span class='ocrx_word' id='word_1_127' title='bbox 1095 1665 1295 1715; x_wconf 65' lang='lat' dir='ltr'>sunum,</span> <span class='ocrx_word' id='word_1_128' title='bbox 1348 1649 1601 1698; x_wconf 86' lang='lat' dir='ltr'>trahentes</span> <span class='ocrx_word' id='word_1_129' title='bbox 1664 1652 1901 1714; x_wconf 82' lang='lat' dir='ltr'>origiuem</span> 
     </span>
     <span class='ocr_line' id='line_1_24' title="bbox 221 1723 1904 1787; baseline 0.001 -17"><span class='ocrx_word' id='word_1_130' title='bbox 221 1723 394 1771; x_wconf 90' lang='lat' dir='ltr'>mortis</span> <span class='ocrx_word' id='word_1_131' title='bbox 441 1730 491 1771; x_wconf 91' lang='lat' dir='ltr'>et</span> <span class='ocrx_word' id='word_1_132' title='bbox 538 1725 590 1771; x_wconf 93' lang='lat' dir='ltr'>in</span> <span class='ocrx_word' id='word_1_133' title='bbox 644 1723 880 1772; x_wconf 89' lang='lat' dir='ltr'>membris</span> <span class='ocrx_word' id='word_1_134' title='bbox 934 1724 1120 1772; x_wconf 88' lang='lat' dir='ltr'>nostris</span> <span class='ocrx_word' id='word_1_135' title='bbox 1165 1724 1431 1787; x_wconf 85' lang='lat' dir='ltr'>vitiataque</span> <span class='ocrx_word' id='word_1_136' title='bbox 1479 1729 1654 1772; x_wconf 89' lang='lat' dir='ltr'>natura</span> <span class='ocrx_word' id='word_1_137' title='bbox 1701 1730 1904 1772; x_wconf 87' lang='lat' dir='ltr'>conten-</span> 
     </span>
     <span class='ocr_line' id='line_1_25' title="bbox 224 1796 1907 1861; baseline 0.001 -17"><span class='ocrx_word' id='word_1_138' title='bbox 224 1796 409 1844; x_wconf 88' lang='lat' dir='ltr'>tionem</span> <span class='ocrx_word' id='word_1_139' title='bbox 461 1797 568 1845; x_wconf 89' lang='lat' dir='ltr'>eius</span> <span class='ocrx_word' id='word_1_140' title='bbox 615 1798 714 1845; x_wconf 90' lang='lat' dir='ltr'>sive</span> <span class='ocrx_word' id='word_1_141' title='bbox 763 1798 1019 1845; x_wconf 87' lang='lat' dir='ltr'>victoriam</span> <span class='ocrx_word' id='word_1_142' title='bbox 1070 1796 1130 1845; x_wconf 93' lang='lat' dir='ltr'>de</span> <span class='ocrx_word' id='word_1_143' title='bbox 1177 1798 1334 1861; x_wconf 90' lang='lat' dir='ltr'>prima</span> <span class='ocrx_word' id='word_1_144' title='bbox 1372 1798 1787 1861; x_wconf 86' lang='lat' dir='ltr'>praevaricatione</span> <span class='ocrx_word' id='word_1_145' title='bbox 1827 1811 1907 1860; x_wconf 86' lang='lat' dir='ltr'>ge·</span> 
     </span>
     <span class='ocr_line' id='line_1_26' title="bbox 226 1875 425 1918; baseline 0.01 -2"><span class='ocrx_word' id='word_1_146' title='bbox 226 1875 425 1918; x_wconf 81' lang='lat' dir='ltr'>stantes,</span> 
     </span>
    </p>
   </div>
   <div class='ocr_carea' id='block_1_9' title="bbox 877 1996 1257 2051">
    <p class='ocr_par' dir='ltr' id='par_1_9' title="bbox 877 1996 1257 2051">
     <span class='ocr_line' id='line_1_27' title="bbox 877 1996 1257 2051; baseline 0 0"><span class='ocrx_word' id='word_1_147' title='bbox 877 1996 1072 2051; x_wconf 78' lang='lat' dir='ltr'>CAPUT</span> <span class='ocrx_word' id='word_1_148' title='bbox 1111 1997 1257 2051; x_wconf 89' lang='lat' dir='ltr'>XIV.</span> 
     </span>
    </p>
   </div>
   <div class='ocr_carea' id='block_1_10' title="bbox 233 2103 1906 2227">
    <p class='ocr_par' dir='ltr' id='par_1_10' title="bbox 233 2103 1906 2227">
     <span class='ocr_line' id='line_1_28' title="bbox 233 2103 1906 2165; baseline 0.002 -15"><span class='ocrx_word' id='word_1_149' title='bbox 233 2103 406 2161; x_wconf 74' lang='lat' dir='ltr'>Qualis</span> <span class='ocrx_word' id='word_1_150' title='bbox 453 2105 596 2152; x_wconf 75' lang='lat' dir='ltr'>homo</span> <span class='ocrx_word' id='word_1_151' title='bbox 642 2108 707 2154; x_wconf 78' lang='lat' dir='ltr'>sit</span> <span class='ocrx_word' id='word_1_152' title='bbox 746 2104 920 2165; x_wconf 75' lang='lat' dir='ltr'>faetus</span> <span class='ocrx_word' id='word_1_153' title='bbox 968 2120 999 2154; x_wconf 82' lang='lat' dir='ltr'><strong><em>a</em></strong></span> <span class='ocrx_word' id='word_1_154' title='bbox 1039 2105 1145 2153; x_wconf 82' lang='lat' dir='ltr'>Deo</span> <span class='ocrx_word' id='word_1_155' title='bbox 1186 2110 1235 2153; x_wconf 84' lang='lat' dir='ltr'>et</span> <span class='ocrx_word' id='word_1_156' title='bbox 1271 2107 1324 2153; x_wconf 79' lang='lat' dir='ltr'>in</span> <span class='ocrx_word' id='word_1_157' title='bbox 1364 2120 1514 2165; x_wconf 82' lang='lat' dir='ltr'>quam</span> <span class='ocrx_word' id='word_1_158' title='bbox 1551 2111 1734 2154; x_wconf 80' lang='lat' dir='ltr'>sortem</span> <span class='ocrx_word' id='word_1_159' title='bbox 1773 2107 1906 2155; x_wconf 77' lang='lat' dir='ltr'>deei-</span> 
     </span>
     <span class='ocr_line' id='line_1_29' title="bbox 629 2179 1500 2227; baseline 0 -1"><span class='ocrx_word' id='word_1_160' title='bbox 629 2180 762 2227; x_wconf 80' lang='lat' dir='ltr'>derz&#39;t</span> <span class='ocrx_word' id='word_1_161' title='bbox 798 2193 923 2227; x_wconf 80' lang='lat' dir='ltr'>suae</span> <span class='ocrx_word' id='word_1_162' title='bbox 962 2181 1231 2227; x_wconf 77' lang='lat' dir='ltr'>voluntatis</span> <span class='ocrx_word' id='word_1_163' title='bbox 1270 2179 1500 2227; x_wconf 74' lang='lat' dir='ltr'>arbitrio.</span> 
     </span>
    </p>
   </div>
   <div class='ocr_carea' id='block_1_11' title="bbox 221 2278 1906 2640">
    <p class='ocr_par' dir='ltr' id='par_1_11' title="bbox 221 2278 1906 2640">
     <span class='ocr_line' id='line_1_30' title="bbox 370 2278 1904 2346; baseline 0.001 -19"><span class='ocrx_word' id='word_1_164' title='bbox 370 2278 501 2327; x_wconf 89' lang='lat' dir='ltr'>Deus</span> <span class='ocrx_word' id='word_1_165' title='bbox 550 2282 681 2328; x_wconf 89' lang='lat' dir='ltr'>enim</span> <span class='ocrx_word' id='word_1_166' title='bbox 730 2282 914 2329; x_wconf 89' lang='lat' dir='ltr'>creavit</span> <span class='ocrx_word' id='word_1_167' title='bbox 951 2280 1201 2329; x_wconf 88' lang='lat' dir='ltr'>hominem</span> <span class='ocrx_word' id='word_1_168' title='bbox 1240 2287 1457 2346; x_wconf 83' lang='lat' dir='ltr'>rectum,</span> <span class='ocrx_word' id='word_1_169' title='bbox 1495 2287 1783 2330; x_wconf 88' lang='lat' dir='ltr'>naturarum</span> <span class='ocrx_word' id='word_1_170' title='bbox 1822 2295 1904 2329; x_wconf 89' lang='lat' dir='ltr'>au-</span> 
     </span>
     <span class='ocr_line' id='line_1_31' title="bbox 222 2354 1904 2419; baseline 0.002 -20"><span class='ocrx_word' id='word_1_171' title='bbox 222 2357 354 2417; x_wconf 88' lang='lat' dir='ltr'>ctor,</span> <span class='ocrx_word' id='word_1_172' title='bbox 403 2367 502 2400; x_wconf 89' lang='lat' dir='ltr'>non</span> <span class='ocrx_word' id='word_1_173' title='bbox 549 2355 722 2417; x_wconf 87' lang='lat' dir='ltr'>utique</span> <span class='ocrx_word' id='word_1_174' title='bbox 769 2355 1024 2419; x_wconf 85' lang='lat' dir='ltr'>vitiorum3</span> <span class='ocrx_word' id='word_1_175' title='bbox 1065 2354 1150 2402; x_wconf 89' lang='lat' dir='ltr'>sed</span> <span class='ocrx_word' id='word_1_176' title='bbox 1201 2360 1375 2418; x_wconf 87' lang='lat' dir='ltr'>sponte</span> <span class='ocrx_word' id='word_1_177' title='bbox 1425 2354 1715 2418; x_wconf 88' lang='lat' dir='ltr'>depravatus</span> <span class='ocrx_word' id='word_1_178' title='bbox 1754 2355 1904 2402; x_wconf 89' lang='lat' dir='ltr'>iuste-</span> 
     </span>
     <span class='ocr_line' id='line_1_32' title="bbox 221 2424 1904 2491; baseline 0.001 -19"><span class='ocrx_word' id='word_1_179' title='bbox 221 2440 316 2487; x_wconf 87' lang='lat' dir='ltr'>que</span> <span class='ocrx_word' id='word_1_180' title='bbox 358 2424 615 2475; x_wconf 88' lang='lat' dir='ltr'>damnatus</span> <span class='ocrx_word' id='word_1_181' title='bbox 655 2426 943 2490; x_wconf 86' lang='lat' dir='ltr'>depravatos</span> <span class='ocrx_word' id='word_1_182' title='bbox 984 2427 1335 2491; x_wconf 88' lang='lat' dir='ltr'>damnatosque</span> <span class='ocrx_word' id='word_1_183' title='bbox 1378 2429 1643 2491; x_wconf 87' lang='lat' dir='ltr'>generavit.</span> <span class='ocrx_word' id='word_1_184' title='bbox 1722 2424 1904 2476; x_wconf 89' lang='lat' dir='ltr'>Omnes</span> 
     </span>
     <span class='ocr_line' id='line_1_33' title="bbox 221 2499 1906 2565; baseline 0.001 -20"><span class='ocrx_word' id='word_1_185' title='bbox 221 2500 353 2546; x_wconf 90' lang='lat' dir='ltr'>enim</span> <span class='ocrx_word' id='word_1_186' title='bbox 386 2499 568 2548; x_wconf 88' lang='lat' dir='ltr'>fuimus</span> <span class='ocrx_word' id='word_1_187' title='bbox 601 2501 652 2548; x_wconf 92' lang='lat' dir='ltr'>in</span> <span class='ocrx_word' id='word_1_188' title='bbox 691 2499 774 2548; x_wconf 93' lang='lat' dir='ltr'>illo</span> <span class='ocrx_word' id='word_1_189' title='bbox 814 2515 928 2565; x_wconf 83' lang='lat' dir='ltr'>un0,</span> <span class='ocrx_word' id='word_1_190' title='bbox 970 2499 1163 2563; x_wconf 89' lang='lat' dir='ltr'>quando</span> <span class='ocrx_word' id='word_1_191' title='bbox 1205 2515 1375 2548; x_wconf 90' lang='lat' dir='ltr'>omnes</span> <span class='ocrx_word' id='word_1_192' title='bbox 1416 2501 1600 2549; x_wconf 86' lang='lat' dir='ltr'>fuimus</span> <span class='ocrx_word' id='word_1_193' title='bbox 1639 2499 1719 2548; x_wconf 91' lang='lat' dir='ltr'>ille</span> <span class='ocrx_word' id='word_1_194' title='bbox 1761 2515 1906 2565; x_wconf 82' lang='lat' dir='ltr'>unuS,</span> 
     </span>
     <span class='ocr_line' id='line_1_34' title="bbox 221 2571 1905 2640; baseline -0.001 -20"><span class='ocrx_word' id='word_1_195' title='bbox 221 2573 306 2634; x_wconf 90' lang='lat' dir='ltr'>qui</span> <span class='ocrx_word' id='word_1_196' title='bbox 358 2587 448 2635; x_wconf 86' lang='lat' dir='ltr'>per</span> <span class='ocrx_word' id='word_1_197' title='bbox 503 2573 735 2621; x_wconf 85' lang='lat' dir='ltr'>feminam</span> <span class='ocrx_word' id='word_1_198' title='bbox 790 2573 955 2637; x_wconf 88' lang='lat' dir='ltr'>lapsus</span> <span class='ocrx_word' id='word_1_199' title='bbox 1004 2579 1080 2621; x_wconf 86' lang='lat' dir='ltr'>est</span> <span class='ocrx_word' id='word_1_200' title='bbox 1126 2574 1176 2620; x_wconf 93' lang='lat' dir='ltr'>in</span> <span class='ocrx_word' id='word_1_201' title='bbox 1225 2580 1504 2640; x_wconf 83' lang='lat' dir='ltr'>peccatum,</span> <span class='ocrx_word' id='word_1_202' title='bbox 1558 2587 1682 2636; x_wconf 87' lang='lat' dir='ltr'>quae</span> <span class='ocrx_word' id='word_1_203' title='bbox 1723 2572 1781 2621; x_wconf 94' lang='lat' dir='ltr'>de</span> <span class='ocrx_word' id='word_1_204' title='bbox 1820 2571 1905 2620; x_wconf 92' lang='lat' dir='ltr'>illo</span> 
     </span>
    </p>
   </div>
   <div class='ocr_carea' id='block_1_12' title="bbox 344 2697 729 2754">
    <p class='ocr_par' dir='ltr' id='par_1_12' title="bbox 344 2697 729 2754">
     <span class='ocr_line' id='line_1_35' title="bbox 344 2697 729 2754; baseline 0.005 -14"><span class='ocrx_word' id='word_1_205' title='bbox 344 2701 416 2753; x_wconf 82' lang='lat'>17)</span> <span class='ocrx_word' id='word_1_206' title='bbox 450 2697 550 2743; x_wconf 82' lang='lat' dir='ltr'>Gal.</span> <span class='ocrx_word' id='word_1_207' title='bbox 584 2703 624 2754; x_wconf 87' lang='lat'>5,</span> <span class='ocrx_word' id='word_1_208' title='bbox 660 2704 729 2742; x_wconf 86' lang='lat'>17.</span> 
     </span>
    </p>
   </div>
   <div class='ocr_carea' id='block_1_13' title="bbox 343 2858 729 2914">
    <p class='ocr_par' dir='ltr' id='par_1_13' title="bbox 343 2858 729 2914">
     <span class='ocr_line' id='line_1_36' title="bbox 343 2858 729 2914; baseline 0.003 -13"><span class='ocrx_word' id='word_1_209' title='bbox 343 2864 396 2901; x_wconf 83' lang='grc'>16</span> <span class='ocrx_word' id='word_1_210' title='bbox 429 2858 531 2914; x_wconf 81' lang='lat' dir='ltr'>ipsa</span> <span class='ocrx_word' id='word_1_211' title='bbox 562 2872 643 2903; x_wconf 87' lang='lat' dir='ltr'>om.</span> <span class='ocrx_word' id='word_1_212' title='bbox 685 2859 729 2902; x_wconf 92' lang='lat' dir='ltr'><strong><em>V</em></strong></span> 
     </span>
    </p>
   </div>
  </div>
 </body>
</html>
