2020 3122
182 167 186 169 -
250 138 364 191 460
918 148 954 183 s,
987 148 1263 184 Auons'rnu

162 930 214 968 10

160 1296 213 1334 15

156 1662 212 1701 20

156 2026 210 2066 25

154 2394 210 2433 30

252 262 345 311 leri
392 261 621 310 facilitate
667 260 887 325 perduci.
966 260 1063 310 Sed
1110 261 1202 311 alia
1241 268 1381 311 erant
1419 276 1532 311 vere
1572 276 1746 326 magna
1785 269 1939 328 atque

252 334 428 395 divina,
469 349 592 398 quae
626 339 866 398 quantum
897 333 1104 385 dabatur
1136 337 1331 399 cognita
1362 334 1452 383 Dei
1483 333 1731 384 voluntate
1764 335 1938 387 futura:

251 407 555 458 nuntiabant.
634 406 859 456 Christus
907 410 1088 473 quippe
1138 410 1190 457 in
1241 423 1387 457 carne
1439 414 1677 457 venturus
1717 415 1767 459 et
1805 425 1934 474 quae

249 484 301 530 in
339 481 421 530 illo
464 487 561 530 tam
601 480 730 530 clara
766 481 988 545 perfecta
1027 489 1143 531 sunt
1181 487 1327 545 atque
1366 482 1418 529 in
1458 483 1565 530 eius
1605 483 1802 531 nomine
1840 485 1932 534 im·
1990 534 1998 545 ,

249 554 393 620 pleta,
431 555 730 619 paenitentia
775 553 1030 603 hominum
1082 562 1131 603 et
1170 555 1229 603 ad
1269 554 1426 603 Deum
1465 556 1721 604 conversio
1760 555 1929 607 volun-
1967 605 1989 624 Η

250 634 420 694 tatum,
462 629 687 677 remissio
726 634 1061 694 peccatorum,
1101 630 1255 692 gratia
1294 629 1534 694 iustitiae,
1573 627 1695 677 fides
1733 629 1935 693 piorumx

248 708 298 750 et
335 716 425 766 per
471 702 757 750 universum
805 701 975 750 orbem
1020 702 1071 749 in
1119 716 1285 750 veram
1323 700 1628 751 divinitatem
1666 701 1938 752 multitudo

249 774 583 840 credentium,
647 773 868 823 culturae
925 773 1301 823 simulacrorum
1362 774 1752 838 daemonumque
1816 775 1930 825 sub-

248 850 407 896 versio
457 854 507 896 et
553 862 579 895 a
626 846 1031 912 temptationibus
1072 848 1374 913 exercitatiO,
1411 848 1776 912 proficientium
1812 865 1928 913 pur·

247 923 375 985 gatio
415 927 465 969 et
510 920 734 969 liberatio
783 919 841 969 ab
882 922 1016 969 omni
1054 920 1202 986 malo,
1247 919 1417 969 iudicii
1455 920 1583 987 dies,
1627 923 1934 972 resurrectio

247 1000 573 1059 mortuorum,
607 994 856 1043 societatis
887 995 1154 1058 impiorum
1187 1000 1386 1043 aeterna
1418 993 1662 1044 damnatio
1697 1009 1928 1059 regnum-

249 1083 343 1131 que
392 1073 650 1116 aeternum
697 1066 1078 1131 gloriosissimae
1128 1068 1336 1116 civitatis
1375 1066 1463 1116 Dei
1511 1075 1781 1132 conspectu
1821 1069 1931 1118 eius

247 1140 574 1189 inmortaliter
612 1140 917 1205 perfruentis
957 1142 1008 1188 in
1047 1140 1195 1190 huius
1234 1142 1338 1189 viae
1380 1143 1640 1206 scripturis
1678 1140 1930 1206 praedicta

247 1220 393 1277 atque
432 1215 675 1278 promissa
723 1220 860 1279 sunt,
908 1229 1120 1278 quorum
1167 1220 1266 1263 tam
1305 1214 1459 1263 multa
1497 1213 1696 1279 impleta
1736 1217 1931 1280 conspi-

248 1289 427 1354 cimus,
481 1294 537 1336 ut
593 1293 730 1336 recta
786 1289 968 1351 pietate
1020 1288 1199 1336 futura·
1237 1302 1345 1336 esse
1398 1294 1562 1337 cetera
1613 1287 1928 1338 confidamus,

245 1359 405 1409 Huius
444 1362 547 1409 viae
599 1360 948 1410 rectitudinem
987 1375 1146 1425 usque
1186 1361 1246 1410 ad
1285 1360 1441 1410 Deum
1480 1361 1744 1410 videndum
1783 1362 1931 1426 eique

246 1435 296 1482 in
328 1439 584 1483 aeternum
618 1433 982 1483 cohaerendum
1021 1436 1072 1482 in
1112 1441 1393 1483 sanctarum
1434 1436 1793 1499 scripturarum
1833 1449 1930 1498 qua
1973 1455 1978 1458 ·

243 1506 557 1572 praedicatur
604 1513 750 1571 atque
798 1507 1042 1556 adseritur
1088 1508 1292 1556 veritate
1345 1509 1644 1572 quicumque
1683 1522 1783 1555 non
1823 1523 1927 1556 cre-

244 1580 367 1629 dunt
418 1587 467 1629 et
506 1579 567 1628 ob
613 1580 708 1628 hoc
755 1595 847 1629 nec
879 1580 1193 1646 intellegunt,
1234 1596 1517 1646 oppugnare
1556 1587 1792 1647 possunt,
1842 1580 1930 1630 sed

244 1668 523 1718 expugnare
564 1668 663 1701 non
702 1661 924 1718 possunt.

393 1726 702 1791 Quapropter
752 1729 803 1775 in
851 1728 1021 1776 decem
1067 1728 1175 1776 istis
1223 1726 1386 1793 libris,
1437 1728 1530 1776 etsi
1579 1728 1744 1775 minus
1784 1742 1928 1791 quam
1965 1723 1977 1735 “

243 1799 594 1848 nonnullorum
633 1800 692 1848 de
733 1799 875 1848 nobis
917 1799 1204 1865 expectabat
1241 1801 1466 1866 intentio,
1505 1807 1670 1849 tamen
1709 1815 1926 1864 quorun-

244 1873 354 1922 dam
405 1873 594 1939 studio,
647 1879 885 1936 quantum
934 1889 1081 1923 verus
1129 1873 1261 1923 Deus
1316 1880 1364 1923 et
1409 1873 1647 1923 Dominus
1698 1873 1929 1923 adiuvare

244 1945 471 2010 dignatus
524 1954 623 2012 est,
674 1947 1003 1996 satisfecimus
1054 1946 1318 1996 refutando
1370 1947 1785 1996 contradictiones
1836 1949 1926 1996 im-

243 2020 461 2084 piorum,
508 2021 593 2083 qui
633 2019 877 2069 conditori
917 2027 1112 2069 sanotae
1154 2022 1362 2069 civitatis
1372 2060 1386 2085 ,
1437 2020 1497 2069 de
1539 2035 1634 2084 qua
1673 2020 1927 2085 disputare

242 2092 572 2153 instituimus,
612 2092 730 2141 deos
770 2108 886 2142 suos
925 2093 1226 2158 praeferunt.
1305 2093 1526 2151 Quorum
1566 2093 1740 2142 decem
1778 2092 1926 2142 libro-

243 2179 353 2214 rum
409 2166 627 2229 quinque
693 2168 974 2230 superiores
1037 2167 1270 2216 adversus
1326 2182 1410 2215 eos
1468 2168 1735 2231 conscripti
1796 2173 1927 2232 sunt,

243 2239 327 2301 qui
366 2244 570 2303 propter
602 2237 730 2287 bona
768 2241 893 2288 vitae
933 2239 1080 2289 huius
1120 2241 1239 2289 deos
1279 2239 1509 2289 colendos
1547 2246 1743 2305 putant3
1784 2242 1924 2304 quin-

243 2325 338 2374 que
387 2316 551 2360 autem
595 2314 899 2375 posteriores
939 2313 1173 2362 adversus
1213 2328 1319 2380 eoS,
1368 2315 1452 2378 qui
1492 2313 1679 2363 cultum
1719 2313 1925 2362 deorum
1987 2369 1993 2374 ,

242 2390 447 2448 propter
486 2386 658 2450 vitam,
708 2400 832 2448 quae
871 2393 984 2449 post
1021 2393 1232 2435 mortem
1273 2388 1439 2436 futura
1478 2394 1578 2452 est,
1629 2386 1924 2436 servandum
1978 2425 1985 2432 .

242 2459 534 2506 existimant.
611 2457 853 2522 Deinceps
899 2460 1087 2525 itaque,
1134 2467 1189 2508 ut
1233 2462 1284 2508 in
1342 2462 1501 2524 primo
1547 2459 1672 2508 libro
1719 2459 1924 2524 polliciti

242 2545 439 2596 sumuS,
493 2530 553 2578 de
604 2530 813 2580 duarum
863 2533 1138 2598 civitatum,
1194 2548 1315 2596 quas
1353 2535 1405 2581 in
1442 2532 1536 2582 hoc
1577 2532 1771 2581 saeculo
1809 2547 1921 2597 per-

242 2603 408 2667 plexas
448 2603 657 2664 dicimus
697 2605 1004 2668 invicemque
1043 2607 1335 2671 permixtaS,
1374 2612 1550 2655 exortu
1591 2612 1639 2654 et
1676 2620 1920 2670 procursu

243 2683 292 2725 et
331 2675 508 2726 debitis
548 2677 729 2726 finibus
777 2678 904 2741 quod
948 2678 1211 2728 dicendum
1251 2678 1484 2745 arbitror,
1525 2685 1764 2743 quantum
1803 2677 1920 2726 divi·

241 2751 375 2799 nitus
416 2749 680 2799 adiuvabor
720 2750 987 2815 expediam.
