2020 3122
483 179 551 211 DE
577 178 816 211 CIVITATE
840 179 930 210 DEI
954 179 995 212 L.
1020 180 1108 212 vn.
1134 180 1170 213 c.
1198 182 1250 215 25.
1276 183 1330 214 26.
1548 153 1552 155 ‚
1653 169 1758 222 307

82 287 298 341 dicitur?
338 305 434 354 quo
474 287 730 339 refertur?
769 305 893 354 quae
933 292 1276 355 interpretatio
1315 293 1428 341 inde
1468 291 1759 357 profertur?

79 366 153 414 An
191 364 312 413 haec
351 364 536 413 frustra
575 363 819 412 moliendo
867 363 1086 427 nihilque
1126 366 1419 414 inveniendo
1457 366 1760 430 persuadent

78 438 199 487 illud
236 439 403 502 potius
435 452 544 486 esse
578 436 893 502 credendum,
933 437 1064 500 quod
1104 438 1164 486 de
1202 438 1400 487 homine
1441 446 1652 488 castrato
1693 441 1760 489 fa-

79 527 157 562 ma
194 512 390 561 iactavit
426 510 704 574 litterisque
743 510 1027 559 mandatum
1067 508 1178 559 est?
1253 511 1428 560 Merito
1469 512 1585 562 hinc
1624 529 1758 562 aver-

80 591 213 634 satus
239 591 314 634 est
337 583 490 632 Varro
515 590 699 648 noster,
738 599 900 648 neque
939 584 1034 632 hoc
1073 584 1237 633 dicere
1278 584 1451 651 voluit3
1491 601 1590 635 non
1630 589 1760 635 enim
1791 595 1817 636 5

77 659 328 707 hominem
367 657 709 707 doctissimum
748 657 902 706 latuit.

708 829 904 884 CAPUT
937 830 1134 884 XXVI.

299 938 376 987 De
415 940 731 1000 turpitudine
767 952 1037 987 sacrorum
1075 938 1262 987 Matris
1301 938 1539 999 Maynae.

223 1039 446 1104 Itemque
502 1039 562 1088 de
626 1039 855 1089 mollibus
918 1040 1078 1090 eidem
1131 1041 1274 1090 Matri
1328 1041 1527 1105 Magnae
1591 1047 1763 1089 contra

79 1129 273 1163 omnem
333 1116 555 1162 virorum
615 1113 977 1178 mulierumque
1032 1115 1380 1164 verecundiam
1447 1116 1762 1181 consecratiS,
1797 1126 1851 1166 10

78 1189 163 1253 qui
203 1202 360 1252 usque
400 1189 452 1235 in
491 1187 784 1236 hesternum
822 1187 953 1236 diem
993 1188 1200 1237 madidis
1241 1188 1429 1252 capillis
1468 1189 1590 1236 facie
1633 1187 1759 1236 deal-

76 1261 210 1327 bata,
257 1260 526 1310 fluentibus
575 1260 809 1310 membris
847 1263 1048 1310 incessu
1088 1262 1301 1311 femineo
1341 1276 1431 1326 per
1469 1261 1654 1326 plateas
1694 1264 1759 1310 vi-

0 1352 1 1371 2
78 1350 262 1399 cosque
294 1334 610 1398 Karthaginis
643 1336 791 1383 etiam
822 1350 848 1383 a
879 1335 1076 1399 populis
1116 1335 1246 1384 unde
1290 1337 1503 1399 turpiter
1543 1336 1762 1384 viverent

78 1408 351 1474 exigebant,
390 1407 511 1456 nihil
542 1406 694 1456 Varro
727 1408 892 1456 dicere
924 1408 1079 1457 voluit
1111 1424 1202 1457 nec
1235 1411 1428 1473 uspiam
1466 1423 1544 1457 me
1583 1408 1760 1472 legisse

78 1483 402 1532 commemini.
479 1480 670 1530 Defecit
699 1483 1063 1548 interpretatiO,
1103 1482 1304 1531 erubuit
1342 1484 1482 1548 ratio,
1523 1484 1762 1531 conticuit
1796 1492 1849 1531 15

78 1557 248 1605 orati0.
324 1554 452 1604 Vicit
482 1555 653 1604 Matris
685 1555 886 1620 Magnae
927 1571 1100 1604 omnes
1140 1556 1259 1604 deos
1298 1555 1424 1604 filios
1463 1571 1563 1605 non
1603 1558 1759 1604 numi-

77 1631 155 1678 nis
209 1629 495 1693 magnitudo
508 1668 522 1695 ,
577 1629 663 1677 sed
719 1631 953 1678 criminis,
1031 1629 1158 1678 Huic
1220 1636 1442 1678 monstro
1504 1645 1596 1678 nec
1657 1629 1762 1678 Iani

78 1704 424 1752 monstrositas
473 1710 799 1767 comparatur.
877 1702 962 1751 Ille
1010 1705 1062 1751 in
1109 1702 1384 1751 simulacris
1435 1702 1646 1751 habebat
1685 1718 1759 1751 so-

76 1775 172 1825 lam
219 1775 603 1842 deformitatem,
649 1778 743 1825 ista
788 1778 839 1825 in
892 1778 1046 1825 sacris
1087 1776 1359 1824 deformem
1399 1776 1761 1842 crudelitatem3

77 1849 157 1898 ille
197 1849 418 1899 membra
463 1851 514 1897 in
563 1849 806 1914 lapidibus
847 1849 1031 1915 addita,
1078 1849 1200 1898 haec
1238 1852 1290 1898 in
1328 1849 1611 1898 hominibus
1648 1866 1758 1914 per·
1794 1861 1848 1900 20

77 1922 189 1973 dita.
266 1922 371 1971 Hoc
423 1922 638 1972 dedecus
685 1929 759 1972 tot
797 1923 924 1971 Iovis
975 1924 1132 1988 ipsius
1182 1930 1231 1972 et
1277 1930 1409 1972 tanta
1452 1930 1621 1987 stupra
1662 1939 1761 1972 non

76 1998 294 2045 vincunt.
374 1995 458 2044 Ille
506 1998 637 2044 inter
691 1997 927 2045 femineas
976 1996 1282 2061 corruptelas
1329 2012 1428 2045 uno
1482 1996 1760 2061 Ganymede

78 2069 267 2119 caelum
313 2068 584 2134 infamavit3
631 2071 724 2118 ista
771 2076 844 2118 tot
890 2069 1120 2119 mollibus
1166 2070 1405 2134 professis
1454 2077 1504 2119 et
1549 2070 1760 2134 publicis

78 2153 128 2192 et
174 2144 449 2207 inquinavit
493 2149 679 2191 terram
728 2149 777 2192 et
823 2143 956 2192 caelo
1005 2144 1123 2193 fecit
1168 2145 1412 2193 iniuriam.
1492 2143 1761 2193 Saturnum

77 2216 284 2266 fortasse
323 2231 582 2280 possemus
628 2216 744 2265 huic
783 2218 835 2265 in
873 2219 968 2266 isto
1009 2232 1190 2282 genere
1231 2219 1544 2282 turpissimae
1586 2218 1757 2266 crude·
1793 2228 1848 2268 25

75 2289 225 2339 litatis
277 2291 376 2339 sive
432 2290 660 2338 conferre
702 2292 802 2338 sive
842 2291 1117 2356 praeferre,
1166 2293 1251 2355 qui
1287 2297 1480 2356 patrem
1519 2297 1759 2339 castrasse

75 2362 389 2428 perhibetur3
431 2363 517 2412 sed
550 2365 601 2411 in
636 2362 836 2412 Saturni
868 2366 1022 2412 sacris
1059 2364 1285 2413 homines
1325 2364 1495 2413 alienis
1534 2364 1759 2413 manibus

78 2438 243 2500 potius
276 2436 434 2485 occidi
475 2451 620 2500 quam
661 2438 764 2485 suis
796 2436 982 2486 abscidi
1020 2444 1305 2502 potuerunt.
1383 2437 1642 2486 Devoravit
1678 2437 1758 2485 ille

77 2509 226 2576 filios,
272 2516 329 2559 ut
365 2517 539 2574 poetae
580 2510 770 2576 ferunt,
819 2518 867 2559 et
904 2510 1096 2575 physici
1136 2527 1195 2559 ex
1234 2511 1328 2559 hoc
1368 2513 1758 2574 interpretantur

79 2582 208 2646 quod
247 2583 438 2648 volunt3
477 2590 533 2633 ut
573 2589 737 2632 autem
776 2583 981 2633 historia
1019 2584 1208 2651 prodit,
1247 2586 1458 2648 necavit3
1500 2583 1585 2631 sed
1626 2581 1756 2646 quod
1789 2596 1847 2635 30

78 2657 124 2704 ei
153 2655 307 2705 Poeni
346 2671 463 2705 suos
502 2657 627 2706 filios
668 2657 928 2706 sacrificati
968 2664 1098 2724 sunt,
1138 2673 1237 2706 non
1276 2672 1510 2720 recepere
1537 2655 1755 2703 Romani.

198 2847 250 2885 13
299 2842 453 2886 karth.
493 2843 539 2885 A
577 2843 592 2898 ll
631 2848 685 2886 31
733 2842 979 2886 sacrificati
1017 2845 1121 2886 sunt
1162 2841 1316 2894 CAR·
1363 2839 1606 2884 sacrificati
1651 2841 1758 2883 sunt

81 2899 459 2945 sacrificauerunt
489 2900 585 2955 K¹;
617 2901 990 2946 sacrificaverunt
1020 2915 1046 2944 v

1315 2973 1405 3017 20*
