2020 3122
564 135 628 165 DE
654 134 893 166 cn⁷1TATE
917 136 1006 167 DEI
1029 137 1073 170 L.
1099 138 1186 169 XII.
1210 137 1247 170 c.
1272 140 1303 170 4.
1668 128 1772 180 517

99 245 292 312 ticulae,
331 259 456 309 quae
488 260 578 293 nos
614 245 883 310 offendunt,
924 248 1040 295 satis
1080 255 1190 312 apte
1230 250 1562 314 decenterque
1601 266 1774 300 conve-

100 322 258 385 niunt,
296 320 484 367 sentire
516 333 615 366 non
646 333 925 382 possumus,
1001 319 1139 369 Unde
1172 321 1327 388 nobiS,
1367 324 1417 371 in
1450 322 1630 387 quibus
1669 340 1774 373 eam

99 391 422 457 contemplari
482 392 646 440 minus
707 390 872 439 idonei
934 407 1133 459 sumus,
1195 397 1468 445 rectissime
1532 397 1774 446 credenda

98 467 402 532 praecipitur
447 464 756 529 providentia
796 463 1096 530 Conditoris,
1147 482 1209 515 ne
1249 470 1371 517 tanti
1411 471 1612 519 artificis
1651 486 1775 535 opus

99 542 151 589 in
174 540 335 604 aliquo
360 537 724 604 reprehendere
749 539 960 586 vanitate
994 538 1231 588 humanae
1271 544 1561 591 temeritatis
1601 544 1772 592 audea—

98 628 223 663 mus.
301 611 607 676 Quamquam
653 618 703 660 et
747 613 862 660 vitia
907 626 1075 660 rerum
1124 618 1433 662 terrenarum
1472 631 1569 664 non
1608 617 1774 666 volun-

99 689 223 736 taria
262 701 423 750 neque
463 685 686 750 poenalia
725 693 925 734 naturas
964 687 1095 749 ipsas
1108 725 1121 750 ,
1161 701 1369 750 quarum
1410 688 1540 737 nulla
1579 691 1775 738 omnino

97 767 196 827 est,
247 762 389 808 cuius
428 774 527 808 non
568 761 631 808 sit
670 765 841 807 auctor
880 765 930 807 et
969 758 1194 808 conditor
1232 759 1362 808 Deus
1375 800 1388 826 ,
1429 762 1469 808 si
1508 762 1777 825 prudenter

99 834 446 900 adtendamus,
498 833 669 882 eadem
718 834 907 881 ratione
961 832 1328 899 commendant,
1379 836 1492 898 quia
1532 841 1580 883 et
1618 836 1668 885 in
1707 837 1777 884 eis

98 908 192 957 hoc
233 907 375 956 nobis
422 921 511 971 per
558 908 732 955 vitium
771 905 875 954 tolli
915 906 1160 973 displicet,
1207 907 1338 971 quod
1378 909 1428 955 in
1468 914 1640 956 natura
1680 908 1777 973 pla-

98 987 200 1047 cet3
247 983 342 1030 nisi
389 982 503 1045 quia
549 979 830 1029 hominibus
879 982 1024 1028 etiam
1070 982 1204 1044 ipsae
1245 987 1448 1030 naturae
1487 981 1777 1046 plerumque

98 1054 379 1120 displicent,
420 1069 532 1103 cum
573 1055 643 1102 eis
683 1054 808 1102 fiunt
845 1055 1042 1120 noxiae,
1080 1069 1178 1102 non
1219 1069 1300 1103 eas
1340 1054 1779 1115 considerantibUS,

99 1129 186 1178 sed
225 1127 487 1177 utilitatem
518 1143 678 1195 suam,
718 1129 847 1176 sicut
884 1126 964 1176 illa
1004 1127 1241 1193 animalia,
1282 1143 1493 1192 quorum
1532 1128 1778 1178 abundan-

97 1204 165 1257 tia
203 1202 554 1267 Aegyptiorum
602 1200 833 1266 superbia
879 1201 1137 1266 vapulavit.
1215 1201 1311 1250 Sed
1351 1203 1445 1251 isto
1486 1202 1628 1251 modo
1668 1217 1777 1267 pos-

99 1282 215 1325 sunt
254 1282 304 1324 et
343 1275 497 1324 solem
547 1277 849 1340 vituperare,
898 1277 1128 1339 quoniam
1169 1275 1366 1339 quidam
1404 1282 1666 1340 peccantes
1704 1275 1779 1324 vel

98 1349 262 1399 dehita
301 1364 402 1398 non
434 1349 698 1398 reddentes
730 1351 847 1414 poni
887 1365 913 1397 a
953 1348 1199 1398 iudicibus
1238 1349 1474 1398 iubentur
1514 1349 1572 1397 ad
1613 1349 1779 1398 solem.

97 1423 207 1473 Non
245 1425 410 1488 itaque
458 1438 519 1471 ex
567 1422 823 1472 commodo
862 1423 938 1471 vel
976 1422 1287 1472 incommodo
1328 1429 1519 1488 nostr0,
1567 1422 1653 1471 sed
1692 1438 1780 1486 per

98 1513 152 1546 se
191 1499 348 1562 ipsam
388 1496 694 1546 considerata
733 1502 909 1546 natura
948 1496 1029 1546 dat
1068 1497 1243 1546 artifici
1282 1511 1371 1545 suo
1412 1496 1628 1560 gloriam.
1700 1496 1780 1544 Sic

100 1578 175 1620 est
207 1577 256 1620 et
287 1576 462 1620 natura
499 1571 626 1635 ignis
658 1572 847 1620 aeterni
887 1572 991 1619 sine
1032 1570 1129 1619 ulla
1169 1570 1472 1619 dubitatione
1512 1568 1779 1634 laudabiliS,

100 1646 320 1710 quamvis
360 1644 599 1694 damnatis
650 1646 812 1709 impiis
852 1645 1019 1693 futura
1057 1644 1290 1709 poenalis
1369 1643 1496 1701 Quid
1537 1645 1667 1691 enim
1707 1649 1781 1691 est

102 1720 213 1784 igne
268 1718 547 1767 flammante
608 1720 802 1783 vigente
861 1717 1058 1767 lucente
1119 1714 1412 1783 pulchrius?
1467 1716 1583 1781 quid
1637 1716 1778 1765 calfa-

102 1793 263 1842 ciente
318 1798 522 1841 curante
589 1798 831 1856 coquente
886 1789 1094 1841 utilius?
1155 1793 1376 1856 quamvis
1431 1806 1488 1838 eo
1544 1789 1664 1838 nihil
1718 1791 1781 1838 sit

100 1872 277 1916 urente
325 1865 595 1915 molestius.
672 1865 807 1914 Idem
857 1867 1009 1930 igitur
1055 1868 1161 1930 ipse
1202 1865 1342 1914 aliter
1380 1865 1631 1928 adpositus
1669 1877 1778 1927 per-

100 1941 316 1989 niciosus
328 1979 342 2005 ,
394 1941 479 2003 qui
529 1941 879 1988 convenienter
937 1939 1183 1989 adhibitus
1235 1938 1658 1987 commodissimus
1707 1938 1778 1984 in-

102 2015 310 2062 venitur.
386 2012 510 2061 Nam
565 2014 671 2061 eius
724 2014 775 2061 in
829 2014 1061 2062 universo
1110 2013 1292 2062 mundo
1344 2011 1579 2061 utilitates
1618 2009 1780 2058 verbis

100 2087 344 2151 explicare
385 2088 496 2151 quis
537 2083 754 2135 sufficit?
792 2086 894 2135 Nec
934 2086 1165 2136 audiendi
1204 2092 1332 2152 sunt,
1373 2086 1457 2149 qui
1495 2083 1693 2133 laudant
1730 2084 1780 2131 in

99 2162 211 2225 igne
262 2160 449 2226 lucem,
497 2159 723 2208 ardorem
771 2166 936 2209 autem
974 2162 1279 2226 vituperant,
1318 2157 1545 2207 videlicet
1585 2172 1682 2206 non
1723 2172 1779 2205 ex

99 2235 147 2282 vi
185 2240 403 2300 naturae,
444 2233 527 2282 sed
563 2248 624 2282 ex
664 2249 753 2282 suo
794 2233 1050 2283 commodo
1091 2234 1166 2283 vel
1204 2232 1529 2282 incommodo,
1605 2229 1778 2278 Videre

101 2308 232 2356 enim
277 2307 474 2374 volunt,
525 2306 698 2355 ardere
749 2307 937 2357 nolunt.
1017 2307 1113 2357 Sed
1152 2322 1326 2372 parum
1366 2305 1636 2354 adtendunt
1674 2317 1778 2351 eam

99 2382 255 2446 ipsam
310 2380 493 2447 lucem,
547 2395 672 2445 quae
728 2387 862 2431 certe
912 2388 961 2430 et
1007 2381 1103 2430 illis
1141 2381 1326 2446 placet,
1380 2377 1534 2427 oculis
1572 2377 1778 2424 infirmis

98 2469 189 2518 per
226 2456 672 2504 inconvenientiam
710 2470 906 2522 nocere,
947 2461 995 2504 et
1024 2456 1076 2503 in
1107 2454 1189 2503 illo
1222 2454 1410 2517 ardore,
1450 2451 1534 2514 qui
1573 2451 1643 2497 eis
1682 2448 1776 2496 dis·

99 2527 273 2594 plicet,
342 2527 576 2577 nonnulla
626 2528 850 2577 animalia
903 2543 992 2593 per
1067 2528 1456 2577 convenientiam
1517 2521 1777 2571 salubriter

98 2615 276 2650 vivere.

218 2807 272 2845 21
306 2801 412 2847 calf.
453 2801 516 2854 V,·
548 2802 680 2846 calef.
714 2803 786 2845 Av
809 2803 825 2858 ΙΙ
849 2805 904 2846 28
936 2801 986 2844 ui
1014 2802 1208 2844 naturae
1243 2796 1332 2841 VF
1352 2799 1474 2852 (483,
1498 2797 1562 2839 26
1586 2794 1776 2836 naturae

102 2859 304 2916 ordine);
337 2861 387 2904 ui
417 2862 584 2904 natura.
613 2861 684 2913 A,·
718 2860 789 2904 sui
820 2863 987 2904 natura.
1016 2874 1042 2903 v

1809 554 1833 593 251

1812 919 1866 957 10

1814 1651 1867 1689 20

1811 2386 1865 2421 :30
