2038 3152
613 164 678 196 m:
702 164 939 197 cmTArE
963 165 1051 197 DEI
1075 166 1118 199 L.
1144 166 1172 198 1.
1197 166 1233 199 c.
1259 169 1311 201 19.
1732 161 1803 215 33

117 296 171 330 se
212 279 393 328 occldit
415 280 677 343 insontem
717 283 765 326 et
805 277 915 326 ideo
955 284 1119 342 potest
1158 294 1183 327 a
1223 279 1448 329 litteratis
1489 283 1595 330 eius
1636 283 1800 333 defen-

119 353 315 403 soribus
354 351 452 401 dici
498 367 596 400 non
643 366 752 400 esse
801 350 928 416 apud
975 351 1161 400 inferos
1201 353 1332 402 inter
1369 353 1501 418 illos,
1547 358 1670 420 „qui
1710 357 1801 405 sibi

118 427 271 476 letum
318 427 540 475 insontes
585 439 825 490 peperere
873 419 1067 473 manu.“
1144 425 1240 474 Sed
1286 428 1352 475 ita
1398 427 1518 476 haec
1559 444 1704 478 causa
1744 446 1802 479 ex

119 506 330 564 utroque
379 499 531 548 latere
581 503 856 563 coartatur,
910 504 992 564 ut,
1039 500 1080 546 si
1135 505 1430 549 extenuatur
1468 501 1800 569 homicidium,

119 573 418 623 adulterium
442 572 784 637 confirmetur3
819 574 860 620 si
883 577 1126 636 purgatur
1151 572 1459 640 adulterium,
1484 574 1801 626 homicidium

118 646 422 713 cumuletur3
469 661 561 695 nec
601 647 800 695 omnino
839 647 1090 694 invenitur
1130 646 1438 711 exit11S,ubi
1477 647 1679 698 dicitur:
1719 649 1803 716 „Si

121 720 408 786 adulterata,
448 734 539 770 cur
576 719 791 784 laudata3
832 721 874 768 si
911 719 1104 785 pudica,
1145 735 1234 768 cur
1274 717 1503 770 occisa?“

267 760 420 843 Nobi⁷s
444 800 608 843 tamen
631 795 682 842 in
706 792 800 842 hoc
832 799 931 842 tam
963 792 1116 842 nobili
1147 794 1356 843 feminae
1395 794 1543 844 huius
1583 796 1804 861 exemplo

85 909 88 913 ,
119 868 180 918 ad
219 870 342 918 istos
380 867 690 932 refutandOS,
739 868 824 931 qui
864 866 1155 916 Christianis
1202 868 1396 917 seminis
1435 870 1485 917 in
1526 871 1803 934 captivitate

119 943 418 1007 compressis
458 941 603 990 alieni
635 940 693 989 ab
735 942 868 989 omni
907 943 1201 1005 cogitatione
1242 944 1514 991 sanctitatis
1554 943 1806 1009 insultant,

121 1016 306 1066 sufficit
345 1014 475 1080 quod
514 1016 566 1063 in
590 1014 856 1079 praeclaris
897 1016 1002 1063 eius
1041 1014 1268 1064 laudibus
1309 1015 1496 1065 dictum
1536 1023 1631 1066 est:
1669 1017 1806 1082 „Duo

123 1089 324 1139 suerunt
365 1095 415 1138 et
462 1088 759 1138 adulterium
808 1104 938 1137 unus
979 1084 1219 1138 admisit.“
1294 1089 1425 1138 Talis
1465 1092 1596 1139 enim
1635 1090 1694 1138 ab
1735 1092 1805 1140 eis

121 1161 351 1212 Lucretia
400 1164 553 1226 magis
601 1162 788 1211 credita
828 1168 924 1228 est,
976 1177 1099 1226 quae
1140 1178 1192 1211 se
1231 1162 1365 1211 nullo
1406 1163 1680 1213 adulterino
1720 1180 1804 1229 po-

120 1237 273 1286 tuerit
311 1235 555 1285 maculare
597 1250 857 1284 consensu.
936 1235 1077 1293 Quod
1118 1252 1234 1300 ergo
1275 1251 1326 1285 se
1367 1238 1537 1301 ipsam,
1576 1240 1807 1301 quoniam

122 1309 402 1359 adulterum
448 1309 677 1374 pertulit,
729 1311 875 1357 etiam
922 1324 1022 1357 non
1069 1309 1289 1358 adultera
1338 1311 1543 1376 occidit,
1592 1327 1690 1359 non
1731 1321 1806 1360 est

121 1383 384 1449 pudicitiae
411 1385 603 1448 caritas,
642 1382 728 1431 sed
753 1382 957 1447 pudoris
989 1383 1261 1432 infirmitas
1338 1383 1521 1432 Puduit
1546 1386 1676 1433 enim
1700 1400 1807 1433 eam

122 1457 444 1522 turpitudinis
484 1456 668 1506 alienae
708 1458 760 1505 in
800 1471 852 1505 se
893 1458 1207 1522 commissae,
1256 1458 1447 1506 etiamsi
1485 1473 1584 1506 non
1624 1473 1807 1522 secum,

124 1539 174 1581 et
196 1531 412 1580 Romana
446 1530 638 1595 mulier,
677 1529 834 1579 laudis
873 1530 1010 1579 avida
1049 1532 1270 1596 nimium,
1309 1532 1463 1580 verita
1504 1538 1578 1580 est
1617 1547 1679 1581 ne
1718 1548 1805 1596 pu-

122 1611 327 1671 taretur,
360 1603 491 1669 quod
522 1604 763 1653 violenter
789 1610 864 1653 est
887 1619 1031 1669 passa
1055 1619 1168 1653 cum
1191 1606 1392 1669 viveret,
1430 1604 1642 1655 libenter
1665 1621 1806 1670 passa

123 1680 166 1727 si
203 1680 402 1728 viveret.
479 1677 618 1727 Unde
652 1678 711 1726 ad
752 1677 920 1727 oculos
958 1678 1214 1727 hominurn
1253 1680 1432 1727 mentis
1473 1694 1587 1728 suae
1629 1685 1806 1728 testem

123 1751 254 1801 illam
285 1767 495 1817 poenam
527 1751 852 1800 adhibendam
882 1754 1084 1817 putavit,
1124 1751 1304 1816 quibus
1336 1754 1688 1802 conscientiam
1726 1753 1807 1802 de·

124 1832 400 1875 monstrare
441 1841 541 1874 non
565 1827 740 1890 potuit.
819 1825 1011 1874 Sociam
1051 1828 1232 1890 quippe
1274 1826 1389 1874 facti
1428 1841 1479 1874 se
1521 1826 1657 1875 credi
1697 1841 1806 1875 eru—

125 1899 249 1967 buit,
281 1901 337 1965 si,
371 1899 502 1964 quod
526 1899 650 1948 alius
674 1901 726 1948 in
752 1914 807 1947 ea
839 1899 1024 1948 fecerat
1056 1901 1284 1965 turpiter,
1317 1900 1469 1948 ferret
1493 1901 1598 1964 ipsa
1621 1901 1807 1964 patien-

125 1980 217 2023 ter.
292 1973 401 2022 Non
447 1973 540 2022 hoc
588 1973 816 2022 fecerunt
854 1973 1063 2022 feminae
1106 1972 1433 2039 Christianae,
1474 1988 1596 2038 quae
1637 1989 1806 2038 passae

122 2047 300 2096 similia
323 2048 494 2096 vivunt
516 2053 680 2095 tamen
712 2061 804 2095 nec
843 2048 894 2095 in
935 2061 987 2095 se
1027 2046 1156 2096 ultae
1199 2052 1314 2095 sunt
1354 2049 1542 2096 crimen
1581 2046 1807 2113 alienum,

125 2136 186 2169 ne
226 2119 435 2169 aliorum
467 2119 738 2169 sceleribus
772 2119 1009 2170 adderent
1047 2135 1149 2185 sua,
1189 2122 1245 2185 si,
1285 2122 1515 2184 quoniam
1554 2120 1720 2170 hostes
1757 2122 1807 2169 in

125 2196 197 2243 eis
248 2193 644 2259 concupiscendo
692 2200 863 2258 stupra
911 2196 1280 2258 commiserant,
1326 2193 1435 2243 illae
1483 2196 1534 2243 in
1585 2210 1636 2243 se
1688 2195 1808 2258 ipsis

125 2267 387 2317 homicidia
411 2266 752 2316 erubescendo
777 2270 1158 2317 committerent.
1234 2266 1428 2316 Habent
1461 2270 1641 2332 quippe
1675 2269 1807 2316 intus

127 2339 331 2406 gloriam
363 2343 615 2406 castitatiS,
654 2343 992 2390 testimonium
1032 2342 1385 2408 conscientiae3
1423 2341 1606 2390 habent
1645 2348 1807 2390 autem

1841 951 1893 989 10

1842 1315 1894 1356 15

1840 1684 1895 1723 20

1841 2051 1894 2089 25

126 2429 292 2464 coram
347 2415 502 2464 oculis
557 2414 646 2463 Dei
699 2416 776 2464 sui
837 2430 928 2464 nec
977 2416 1240 2480 requirunt
1287 2415 1516 2481 amplius,
1564 2413 1651 2463 ubi
1689 2413 1806 2479 quid
1839 2417 1894 2456 30

128 2495 262 2538 recte
303 2489 482 2538 saciant
530 2503 629 2537 non
666 2487 848 2538 habent
886 2488 1116 2555 amplius,
1162 2504 1223 2537 ne
1264 2487 1460 2538 devient
1498 2487 1557 2536 ab
1597 2489 1805 2536 auctori-

127 2567 225 2611 tate
271 2561 394 2627 legis
441 2561 653 2627 divinae,
702 2577 816 2611 cum
862 2562 985 2611 male
1034 2562 1249 2611 devitant
1288 2563 1607 2611 offensionem
1648 2562 1804 2623 suspi-

126 2635 282 2684 cionis
321 2635 577 2685 humanae.

248 2841 302 2880 15
334 2836 547 2881 adultera
578 2837 746 2890 AKF;
778 2837 1041 2881 adulterata
1063 2850 1089 2880 v
1112 2838 1127 2891 Η
1151 2840 1206 2880 25
1238 2835 1401 2879 vivunt
1431 2837 1588 2877 tamen
1618 2833 1782 2888 scripsi
1791 2849 1805 2883 ‚-

129 2893 291 2938 vivunt
307 2931 316 2940 .
334 2895 511 2940 Tamen
540 2909 566 2939 v

219 2982 314 3012 Atra.
335 2984 389 3010 DE
411 2983 490 3012 etv.
515 2985 596 3011 mu.
614 2978 646 3013 Ϊ.
1427 2970 1452 3010 3
