2020 3122
576 134 643 166 DE
668 133 907 168 01v1'rA'rE
929 135 1018 168 mn
1041 136 1087 170 L.
1111 137 1155 170 v.
1180 137 1217 170 0.
1241 138 1297 171 26.
1670 128 1776 180 241

244 244 457 294 Proinde
482 246 579 294 iam
604 247 750 294 etiam
780 245 876 295 illis
908 247 1308 311 respondendum
1349 265 1458 299 esse
1498 249 1654 316 video,
1694 253 1778 315 qui

97 319 509 368 manifestissimis
563 318 874 369 documentis
886 359 900 386 ,
952 319 1132 384 quibus
1182 323 1480 390 ostenditur,
1538 324 1669 389 quod
1719 326 1777 373 ad

96 394 189 442 ista
213 391 514 458 temporalia,
554 407 678 456 quae
704 393 806 442 sola
846 393 985 443 stulti
1020 393 1203 443 habere
1244 399 1618 464 concupiscunt,
1656 398 1778 447 nihil

97 466 303 515 deorum
342 465 575 515 falsorum
617 468 946 516 numerositas
984 469 1157 534 prosit,
1197 469 1436 519 confutati
1476 477 1622 535 atque
1663 487 1775 520 0011-

94 541 210 590 victi
257 546 498 588 conantur
523 555 745 590 asserere
785 555 884 589 non
923 547 1127 606 propter
1165 543 1291 591 vitae
1331 547 1607 606 praesentis
1646 545 1774 594 utili·
1810 555 1835 594 5

94 619 269 679 tatem,
324 612 410 662 sed
459 619 665 678 propter
712 629 845 680 eam,
902 630 1025 679 quae
1072 621 1185 679 post
1231 622 1442 664 mortem
1482 618 1647 667 sutura
1687 626 1776 687 est,

94 686 325 736 colendos
373 686 505 735 deos.
597 687 718 736 Nam
773 690 907 754 istis,
961 690 1055 752 qui.
1098 696 1304 754 propter
1359 692 1595 739 amicitias
1635 707 1774 741 mun-

94 760 143 810 di
194 760 343 810 huius
406 760 575 810 volunt
622 776 743 811 vana
798 761 960 810 colere
1017 768 1066 811 et
1120 777 1220 811 non
1276 779 1328 812 se
1382 766 1603 828 permitti
1655 781 1775 829 pue-

93 834 267 884 rilibus
319 833 547 883 sensibus
598 842 999 901 conqueruntur,
1060 835 1137 885 his
1193 838 1410 901 quinque
1464 836 1604 886 libris
1660 840 1776 887 satis

93 907 310 958 arbitror
349 923 457 957 esse
499 924 808 973 responsum.
886 909 1109 967 Quorum
1148 918 1253 959 tres
1290 912 1484 975 priores
1525 926 1638 960 cum
1679 912 1775 960 edi·
1812 923 1864 962 10

92 982 274 1032 dissem
321 988 371 1031 et
414 984 466 1031 111
511 982 782 1032 multorum
828 983 1055 1032 manibus
1102 998 1211 1033 esse
1262 986 1568 1051 coepissent,
1616 986 1778 1034 audivi

92 1055 332 1122 quosdam
355 1058 523 1105 nescio
550 1071 695 1120 quam
721 1057 955 1106 adversus
988 1072 1073 1106 eos
1098 1060 1474 1122 responsionem
1513 1058 1775 1108 scribendo

90 1144 399 1195 praeparare.
476 1129 662 1178 Deinde
703 1131 762 1179 ad
801 1146 879 1179 me
918 1131 1161 1195 perlatum
1203 1138 1299 1198 est,
1347 1132 1481 1196 quod
1519 1134 1615 1181 iam
1656 1135 1775 1182 scri-

89 1205 305 1270 pserint,
353 1203 439 1252 sed
486 1209 683 1268 tempus
732 1211 992 1270 quaerant,
1040 1219 1137 1268 quo
1178 1207 1283 1254 sine
1323 1206 1544 1270 periculo
1584 1209 1776 1271 possint

92 1277 254 1327 edere.
332 1276 467 1334 Quos
499 1277 752 1343 admoneo,
792 1293 891 1326 non
932 1284 1104 1342 optent
1144 1279 1275 1342 quod
1315 1281 1386 1328 eis
1426 1295 1525 1328 non
1565 1280 1775 1344 expedit.
1810 1290 1863 1329 15

90 1350 250 1401 Facile
299 1357 375 1400 est
420 1352 553 1400 enim
603 1353 834 1416 cuiquam
883 1351 1039 1400 videri
1086 1352 1426 1419 respondisse,
1480 1355 1566 1418 qui
1612 1360 1774 1402 tacere

91 1424 318 1474 noluerit.
366 1423 463 1475 Aut
495 1425 612 1490 quid
653 1432 728 1474 est
766 1425 1022 1490 loquacius
1060 1423 1308 1475 vanitate?
1362 1442 1486 1491 quae
1526 1442 1626 1476 11011
1663 1427 1774 1476 ideo

90 1504 254 1564 potest
301 1498 434 1563 quod
480 1501 684 1566 veritaS,
731 1501 868 1565 quia,
915 1501 957 1549 si
996 1499 1229 1566 voluerit,
1277 1501 1423 1550 etiam
1461 1500 1573 1566 plus
1611 1507 1776 1566 potest

91 1572 299 1623 clamare
341 1588 487 1637 quam
524 1575 719 1623 veritas,
798 1572 895 1622 Sed
944 1573 1259 1622 considerent
1299 1575 1461 1623 omnia
1501 1574 1775 1641 diligenter,

92 1653 140 1696 et
179 1648 221 1696 si
271 1646 399 1696 forte
447 1648 552 1696 sine
593 1647 756 1696 studio
794 1648 1009 1712 partium
1047 1647 1324 1697 iudicantes
1363 1648 1475 1697 talia
1515 1663 1623 1697 esse
1662 1664 1772 1713 per-
1808 1659 1862 1698 20

93 1721 370 1786 spexerint,
425 1735 550 1785 quae
603 1723 769 1786 potius
832 1722 1067 1785 exagitari
1122 1736 1267 1786 quam
1322 1721 1530 1771 convelli
1583 1721 1775 1786 pessint

91 1793 378 1859 garrulitate
429 1795 843 1859 inpudentissima
889 1801 938 1843 et
993 1797 1134 1859 quasi
1188 1797 1397 1860 satyrica
1450 1795 1526 1843 vel
1579 1797 1775 1844 mimica

90 1866 310 1933 levitate,
357 1867 618 1917 cohibeant
673 1883 787 1918 suas
841 1883 997 1932 nugas
1054 1875 1102 1916 et
1154 1870 1321 1933 potius
1372 1884 1399 1917 a
1444 1868 1773 1933 prudentibus

90 1941 342 1991 emendari
395 1956 542 2005 quam
592 1942 783 1991 laudari
832 1941 891 1992 ab
942 1941 1324 2006 inprudentibus
1376 1942 1569 2006 eligant.
1652 1942 1772 1991 Nam

90 2016 132 2064 si
169 2030 270 2064 non
301 2015 362 2064 ad
392 2014 672 2066 libertatem
710 2030 826 2064 vera
864 2015 1075 2082 dicendi,
1113 2015 1200 2064 sed
1241 2016 1300 2065 ad
1338 2014 1585 2065 licentiam
1626 2015 1771 2064 male·
1806 2027 1859 2065 25

91 2088 288 2138 dicendi
338 2095 534 2154 tempus
583 2095 868 2156 expectant,
917 2088 1046 2138 absit
1091 2096 1147 2139 ut
1194 2091 1265 2139 eis
1306 2091 1498 2139 eveniat
1535 2090 1666 2154 quod
1707 2091 1774 2138 ait

89 2161 278 2213 Tullius
327 2162 386 2212 de
435 2162 668 2230 quodam,
707 2165 792 2228 qui
829 2162 1068 2228 peccandi
1105 2162 1303 2213 licentia
1348 2163 1464 2212 felix
1502 2163 1772 2228 appellaba-

89 2242 192 2286 tur:
241 2235 280 2286 O
321 2238 580 2304 miserum,
628 2239 708 2286 cui
746 2252 953 2302 peccare
992 2235 1191 2287 licebat!
1238 2237 1376 2287 Unde
1418 2239 1642 2302 quisquis
1684 2243 1773 2302 est,

90 2311 173 2374 qui
212 2310 534 2360 maledicendi
572 2311 770 2360 licentia
809 2310 1003 2360 felicem
1041 2326 1094 2360 se
1134 2318 1299 2378 putat,
1338 2311 1493 2360 multo
1534 2313 1629 2359 erit
1668 2309 1771 2358 feli-

90 2384 215 2451 cior,
262 2386 304 2433 si
348 2383 442 2433 hoc
481 2384 551 2434 illi
598 2387 796 2445 omnino
843 2399 944 2434 non
990 2384 1156 2451 liceat,
1205 2401 1318 2434 cum
1356 2386 1512 2450 possit
1552 2384 1771 2448 deposita
1803 2393 1857 2432 30

89 2457 326 2508 inanitate
381 2459 638 2508 iactantiae
694 2460 842 2508 0113111
890 2460 986 2508 isto
1035 2465 1258 2523 tempore
1310 2466 1558 2523 tamquam
1608 2457 1769 2506 studio

206 2630 279 2685 27)
311 2629 444 2674 Tusc.
477 2633 519 2685 5,
551 2635 606 2674 19
640 2631 697 2686 (22)

206 2809 232 2849 6
263 2806 372 2862 post
399 2805 599 2850 mortem
629 2818 712 2850 om.
745 2805 811 2849 Α1
843 2806 858 2862 ΙΙ
895 2810 950 2849 10
980 2803 1157 2862 priores
1190 2815 1274 2848 om.
1307 2802 1375 2846 ΑΙ
1421 2803 1436 2857 ΙΙ
1482 2806 1535 2845 22
1570 2799 1768 2856 satyrica

89 2861 209 2918 AK,·
240 2863 366 2908 satir.
397 2877 423 2908 v
445 2865 462 2921 ΙΙ
484 2868 542 2908 24
571 2864 731 2920 inpud.
763 2864 831 2908 Α1

175 2953 270 2980 Λυσι.
294 2954 347 2979 nr.
369 2953 448 2980 c1v.
472 2954 552 2980 nn.
589 2945 620 2980 1.
1361 2938 1414 2977 16
