2020 3122
571 133 637 165 DE
662 131 903 166 CIVITATE
924 132 1017 167 DEI
1040 133 1081 165 L.
1105 134 1172 166 Ν.
1197 133 1235 167 c.
1259 135 1312 168 22.
1337 137 1390 168 23.
1686 122 1789 175 173

101 250 153 298 -si
190 262 303 298 vera
339 251 654 310 monstraret,
693 251 742 293 et
774 245 816 293 si
848 258 1003 293 unum
1036 259 1207 294 verum
1231 245 1402 312 Deum,
1435 261 1461 295 a
1494 261 1591 311 quo
1626 254 1792 296 essent

102 314 276 371 omnia
310 318 453 385 bona,
491 316 773 367 hominibus
813 317 1074 367 colendum
1113 316 1349 369 doceret?

738 488 934 544 CAPUT
966 488 1169 544 XXIII.

109 601 192 652 Be
229 600 506 661 Felicitate,
546 612 697 661 quam
736 598 968 658 Romani,
1008 602 1277 648 multorum
1316 606 1640 652 veneratores
1681 604 1793 652 deo-

235 687 362 734 rum,
404 674 491 722 diu
531 687 629 723 non
670 675 940 722 coluerunt
975 673 1166 723 honore
1206 674 1389 734 divino,
1430 689 1543 724 cum
1576 690 1673 739 pro
1829 683 1853 723 5

608 747 836 796 omnibus
873 748 981 796 sola
1019 745 1293 807 sufficeret.

263 850 359 900 Sed
393 844 548 917 (unde
581 864 713 898 nunc
746 843 931 915 agitur)
974 850 1016 898 si
1054 848 1167 898 libri
1207 856 1256 899 et
1295 865 1434 900 sacra
1472 866 1646 900 eorum
1685 867 1799 901 vera

115 932 231 975 sunt
271 932 319 974 et
358 923 586 973 Felicitas
626 923 716 972 dea
756 930 852 989 est,
900 938 991 972 cur
1030 939 1129 972 non
1168 925 1274 988 ipsa
1313 940 1410 973 una
1449 939 1574 989 quae
1614 925 1797 975 colere·

112 1007 199 1050 tur
238 999 505 1048 constituta
544 1003 634 1063 est,
674 1012 797 1061 quae
837 1004 1006 1062 posset
1046 998 1271 1046 universa
1313 992 1540 1048 conferre
1580 1006 1629 1048 et
1669 1015 1799 1050 com-

114 1071 297 1139 pendio
345 1072 507 1121 facere
556 1067 785 1120 felicem?
848 1069 968 1128 Quis
1018 1071 1148 1120 enim
1195 1077 1330 1137 optat
1375 1072 1557 1137 aliquid
1596 1081 1802 1139 propter
1836 1082 1890 1122 10

114 1145 248 1195 aliud
296 1160 442 1210 quam
499 1151 552 1194 ut
606 1144 722 1192 felix
778 1140 896 1192 fiat?
958 1143 1058 1193 Cur
1104 1144 1316 1210 denique
1364 1152 1464 1195 tam
1520 1162 1631 1196 sero
1686 1147 1802 1196 huic

119 1226 282 1270 tantae
330 1218 449 1268 deae
498 1224 610 1283 post
657 1225 729 1267 tot
768 1217 1013 1266 Romanos
1059 1220 1310 1284 principes
1350 1218 1585 1270 Lucullus
1632 1220 1804 1271 aedem

120 1289 413 1343 constituit?
476 1291 575 1341 Cur
629 1293 735 1356 ipse
789 1290 1029 1340 Romulus
1083 1291 1278 1341 felicem
1329 1295 1534 1358 cupiens
1589 1295 1804 1344 condere

112 1369 366 1417 civitatem
409 1381 508 1415 non
547 1364 663 1414 huic
710 1364 949 1429 templum
987 1366 1301 1430 potissimum
1340 1369 1522 1416 struxit
1560 1383 1652 1416 nec
1691 1383 1803 1433 pro-

117 1447 231 1508 pter
270 1440 453 1505 aliquid
501 1439 593 1488 diis
634 1440 815 1488 ceteris
855 1438 1175 1506 supplicavit,
1201 1440 1395 1505 quando
1435 1440 1556 1490 nihil
1596 1442 1805 1509 deesset,
1839 1449 1892 1490 15

120 1516 165 1565 si
202 1513 323 1564 haec
366 1509 595 1563 adesset?
645 1513 768 1563 Nam
793 1515 972 1578 etipse
998 1528 1090 1562 nec
1113 1515 1253 1579 prius
1277 1529 1381 1580 rex,
1420 1530 1512 1564 nec
1538 1522 1594 1565 ut
1630 1522 1806 1580 putant

121 1594 293 1654 postea
332 1587 454 1638 deus
500 1588 663 1654 fieret,
711 1588 752 1636 si
801 1586 927 1636 hanc
968 1586 1109 1636 deam
1146 1589 1410 1653 propitiam
1449 1604 1550 1638 non
1587 1588 1806 1639 haberet.

121 1662 186 1712 Ut
226 1662 344 1727 quid
376 1677 493 1726 ergo
527 1662 785 1710 constituit
808 1660 1041 1710 Romanis
1082 1660 1200 1711 deos
1238 1662 1426 1728 Ianum,
1465 1661 1643 1729 Iovem,
1682 1663 1805 1712 Mar-

119 1735 246 1803 tem,
293 1735 490 1802 Picum,
537 1734 784 1801 Faunum,
831 1734 1145 1802 Tiberinum,
1191 1734 1458 1785 Herculem
1506 1743 1554 1786 et
1602 1738 1643 1785 si
1683 1753 1806 1803 quos

125 1806 282 1859 alios?
336 1809 401 1859 Ut
452 1809 568 1874 quid
625 1808 767 1858 Titus
823 1808 994 1857 Tatius
1050 1808 1235 1859 addidit
1290 1809 1581 1875 Saturnum,
1636 1809 1806 1876 Opem,
1839 1818 1895 1858 20

123 1882 314 1950 Solem,
368 1883 579 1948 Lunam,
632 1881 929 1947 Vulcanum,
982 1882 1167 1932 Lucem
1215 1890 1263 1932 et
1311 1898 1648 1948 quoscumque
1687 1883 1807 1932 alios

127 1956 327 2023 addidit,
366 1959 497 2006 inter
536 1971 660 2020 quos
701 1958 847 2006 etiam
886 1955 1027 2005 deam
1067 1955 1363 2023 Cluacinam,
1402 1956 1652 2007 Felicitate
1691 1973 1806 2023 neg·

127 2027 289 2080 lecta?
365 2030 429 2079 Ut
477 2029 594 2094 quid
645 2029 804 2079 Numa
851 2036 923 2079 tot
975 2030 1093 2079 deos
1147 2037 1197 2079 et
1234 2037 1309 2080 tot
1348 2030 1464 2080 deas
1518 2033 1624 2080 sine
1679 2028 1809 2081 ista?

123 2105 200 2154 An
238 2119 346 2154 eam
378 2106 430 2153 in
464 2111 597 2154 tanta
636 2103 762 2154 forte
803 2102 948 2153 turba
986 2102 1152 2153 videre
1192 2119 1291 2153 non
1330 2101 1531 2169 potuit‘?
1569 2104 1808 2155 Hostilius

129 2184 263 2228 certe
313 2193 401 2228 rex
452 2178 571 2227 deos
622 2184 671 2226 ct
721 2178 826 2242 ipse
878 2192 1031 2226 novos
1080 2177 1318 2227 Pavorem
1369 2185 1516 2243 atque
1568 2178 1810 2228 Pallorem
1843 2187 1897 2226 25

127 2252 465 2317 propitiandos
513 2266 611 2300 non
658 2251 1020 2318 introduceret,
1068 2253 1110 2301 si
1157 2251 1296 2301 deam
1335 2253 1481 2302 istam
1519 2259 1688 2302 nosset
1728 2260 1809 2302 aut

127 2324 329 2375 coleret.
404 2325 672 2374 Praesente
714 2326 895 2390 quippe
934 2325 1186 2375 Felicitate
1238 2327 1398 2375 omnis
1435 2341 1586 2392 pavor
1625 2333 1674 2375 et
1711 2326 1809 2391 pal·

131 2397 208 2447 lor
246 2414 344 2449 non
383 2400 679 2464 propitiatus
719 2398 1021 2466 abscederet,
1061 2399 1147 2448 sed
1186 2399 1359 2465 pulsus
1398 2400 1670 2465 aufugeret.

131 2488 136 2489 ⁷
277 2472 461 2523 Deinde
503 2473 619 2537 quid
661 2479 735 2522 est
774 2472 890 2539 hoc,
930 2473 1060 2538 quod
1099 2475 1197 2523 iam
1235 2473 1510 2523 Romanum
1549 2474 1810 2538 imperium

131 2543 274 2610 longe
313 2546 508 2612 lateque
549 2545 824 2613 crescebat,
870 2553 919 2596 et
959 2547 1118 2596 adhuc
1158 2562 1301 2596 nemo
1341 2547 1644 2597 Felicitatem
1684 2545 1808 2594 cole·
1842 2555 1899 2595 30

133 2616 250 2669 bat?
288 2619 360 2670 An
394 2620 504 2670 ideo
529 2620 762 2686 grandius
802 2622 1065 2686 imperium
1105 2635 1252 2686 quam
1291 2621 1483 2670 felicius
1523 2615 1651 2669 fuit?
1688 2618 1811 2667 Nam

2 2688 3 2697 ’
132 2705 231 2756 quo
271 2693 414 2743 modo
452 2692 521 2743 ibi
561 2701 692 2744 esset
730 2709 843 2743 vera
882 2694 1113 2761 felicitas,
1152 2694 1237 2744 ubi
1275 2709 1390 2743 vera
1429 2709 1527 2743 non
1567 2699 1672 2742 erat
1710 2693 1809 2757 pie-

252 2869 308 2908 24
340 2866 387 2909 in
418 2868 549 2910 tanta
578 2865 697 2910 forte
731 2866 799 2919 A‚·
831 2865 861 2912 f.
894 2865 923 2911 i.
956 2867 988 2909 t.
1021 2865 1262 2922 KRc-1129
1295 2864 1390 2908 iam
1422 2877 1506 2908 om.
1537 2863 1603 2907 A¹
