2038 3152
557 177 624 208 DE
647 175 889 208 οΙἮΤΑΤΕ
910 175 1002 207 DEI
1024 177 1068 209 L.
1093 177 1123 208 1.
1147 177 1185 210 c.
1210 179 1263 211 25.
1286 178 1339 210 26.
1715 170 1785 220 41

104 305 200 353 qua
224 291 513 354 moriantur,
551 287 860 337 inferendam
883 295 1073 352 putant.
1152 289 1383 338 Ceterum
1416 289 1543 339 absit
1573 305 1598 338 a
1624 300 1786 340 mente

105 363 402 430 Christiana,
451 377 574 426 quae
622 361 723 410 Deo
773 376 863 410 suo
910 361 1015 410 fidit
1060 363 1111 410 in
1161 378 1317 427 eoque
1359 379 1445 427 spe
1484 365 1643 428 posita
1682 366 1788 413 eius

103 437 347 486 adiutorio
385 437 575 502 nititur,
615 434 763 500 absit,
802 436 1029 498 inquam,
1067 442 1124 484 ut
1162 451 1302 485 mens
1343 436 1450 485 talis
1490 436 1791 500 quibuslibet

104 511 268 559 carnis
290 508 627 574 voluptatibus
651 508 711 557 ad
736 523 1034 558 consensum
1074 510 1396 574 turpitudinis
1437 510 1590 559 cedat.
1646 510 1788 568 Quod

104 585 146 632 si
168 583 250 632 illa
274 582 735 648 concupiscentialis
767 581 1146 648 inoboedientia,
1186 599 1310 647 quae
1351 583 1508 633 adhuc
1548 586 1599 632 in
1637 599 1787 632 mem-
1821 593 1847 632 5

103 657 207 706 bris
247 656 555 706 moribundis
593 655 799 722 habitat,
845 663 1044 720 praeter
1092 664 1288 705 nostrae
1328 657 1592 706 voluntatis
1631 658 1790 721 legem

104 732 245 796 quasi
282 730 389 795 lege
438 745 526 779 sua
574 735 821 794 movetur,
869 736 1052 794 quanto
1099 732 1253 794 magis
1300 730 1484 794 absque
1534 730 1676 795 culpa
1716 738 1792 779 est

102 806 155 853 in
194 819 401 868 corpore
441 819 541 852 non
582 805 952 869 consentientiS,
992 805 1033 852 si
1073 802 1257 868 absque
1299 803 1441 869 culpa
1481 810 1557 853 est
1595 806 1645 852 in
1685 818 1791 852 cor·

104 893 224 943 pore
266 876 577 927 dormientis!

735 989 932 1044 CAPUT
965 991 1164 1045 XXVI.
1826 1003 1880 1042 10

105 1100 181 1148 De
219 1101 317 1160 his,
365 1114 496 1160 quae
536 1101 660 1158 lieri
702 1113 801 1147 non
848 1101 1020 1158 licent,
1072 1112 1185 1147 cum
1225 1113 1256 1146 a
1294 1101 1484 1147 sancte‘s
1519 1099 1666 1160 facta
1706 1113 1790 1148 no-

329 1179 558 1238 scuntur,
597 1187 699 1233 qua
739 1174 939 1221 ratione
972 1171 1120 1233 sacta
1161 1173 1419 1220 credenda
1457 1175 1569 1221 sint.

255 1274 352 1324 Sed
377 1274 630 1341 quaedam,
670 1275 916 1341 inquiunt,
956 1279 1153 1323 sanctae
1178 1274 1387 1322 feminae
1421 1282 1641 1340 tempore
1681 1290 1791 1340 per·

106 1350 398 1415 secutioniS,
444 1354 500 1397 ut
537 1349 864 1397 insectatores
915 1363 1031 1395 suae
1083 1347 1346 1411 pudicitiae
1398 1348 1696 1415 devitarent,
1742 1350 1794 1397 in

105 1430 367 1488 rapturum
406 1429 552 1486 atque
600 1429 894 1490 necaturum
941 1436 994 1469 se
1033 1421 1236 1470 fluvium
1275 1423 1597 1485 proiecerunt
1635 1436 1791 1486 eoque
1827 1429 1882 1470 15

41 1549 46 1552 ,
105 1495 251 1545 modo
292 1496 552 1546 defunctae
602 1503 718 1545 sunt
765 1510 1035 1559 earumque
1075 1496 1308 1558 martyria
1345 1496 1398 1543 in
1438 1495 1676 1544 catholica
1715 1511 1791 1544 ec-

107 1569 256 1619 clesia
293 1571 611 1618 veneratione
637 1568 960 1618 celeberrima
999 1569 1392 1632 frequentantur.
1448 1568 1516 1618 De
1557 1569 1634 1617 his
1673 1568 1794 1617 nihil

105 1651 292 1693 temere
344 1643 500 1692 audeo
547 1643 780 1692 iudicare.
855 1641 1033 1691 Utrum
1081 1643 1213 1691 enim
1260 1641 1497 1691 ecclesiae
1549 1642 1794 1706 aliquibus

106 1717 201 1766 fide
248 1716 408 1781 dignis
457 1710 908 1783 testificationibuS,
959 1723 1015 1765 ut
1062 1730 1232 1765 earum
1271 1717 1558 1764 memoriam
1598 1718 1668 1765 sic
1707 1715 1791 1763 ho-

106 1798 264 1857 noret,
304 1790 466 1839 divina
504 1792 810 1855 persuaserit
843 1791 1128 1857 auctoritaS,
1168 1791 1357 1855 nesci03
1398 1796 1447 1838 et
1486 1790 1594 1838 fieri
1632 1795 1795 1854 potest
1826 1799 1883 1837 -20

106 1871 162 1914 ut
190 1866 260 1913 ita
294 1865 370 1914 sit.
448 1864 573 1922 Quid
617 1866 658 1913 si
698 1866 828 1913 enim
852 1863 946 1912 hoc
971 1863 1209 1923 fecerunt,
1251 1878 1350 1911 non
1389 1862 1672 1912 humanitus
1712 1863 1793 1911 de·

108 1944 294 2004 ceptae,
334 1938 421 1986 sed
446 1938 679 1987 divinitus
703 1939 881 2003 iussae,
919 1952 1011 1985 nec
1037 1943 1276 2003 erranteS,
1316 1936 1401 1985 sed
1441 1932 1794 1985 oboedientes?

110 2013 240 2061 sicut
278 2011 337 2060 de
379 2010 614 2060 Samsone
655 2011 786 2060 aliud
825 2009 967 2059 nobis
1006 2010 1078 2058 fas
1118 2025 1218 2058 non
1258 2017 1334 2059 est
1372 2010 1590 2059 credere.
1670 2009 1794 2058 Cum

109 2090 274 2134 autem
312 2083 444 2134 Deus
483 2084 621 2134 iubet
659 2100 810 2149 seque
850 2083 1023 2133 iubere
1063 2085 1168 2132 sine
1208 2083 1320 2132 ullis
1359 2082 1645 2168 ambagibus
1682 2084 1793 2131 inti-

110 2165 225 2225 mat,
265 2160 374 2222 quis
415 2157 776 2208 oboedientiam
815 2159 867 2206 in
907 2159 1096 2206 crimen
1134 2154 1311 2206 vocet?
1350 2159 1461 2222 quis
1501 2156 1794 2241 obsequium
1825 2165 1881 2204 25

109 2198 306 2297 pietatis
338 2229 573 2281 accuset?
613 2231 710 2281 Sed
735 2247 835 2280 non
873 2231 984 2280 ideo
1025 2233 1130 2279 sine
1170 2230 1356 2279 scelere
1398 2232 1528 2295 facit,
1569 2231 1792 2294 quisquis

111 2305 212 2354 Deo
252 2305 408 2354 filium
445 2305 698 2354 immolare
739 2305 1036 2371 decreverit,
1081 2306 1195 2369 quia
1234 2304 1328 2353 hoc
1366 2303 1609 2352 Abraham
1649 2306 1795 2352 etiam

110 2378 419 2428 laudabiliter
458 2380 588 2429 fecit.
664 2379 788 2428 Nam
821 2386 870 2428 et
908 2378 1048 2427 miles
1089 2393 1202 2426 cum
1242 2377 1508 2426 oboediens
1547 2377 1794 2442 potestati,

113 2451 204 2501 sub
245 2467 339 2517 qua
384 2452 599 2516 legitime
647 2454 946 2502 constitutus
986 2460 1082 2518 est,
1127 2451 1379 2500 hominem
1417 2450 1615 2515 eccidit,
1662 2449 1794 2498 nulla

113 2527 322 2575 civitatis
361 2541 478 2574 suae
516 2526 623 2591 lege
662 2541 779 2575 reus
819 2532 895 2574 est
933 2525 1206 2590 homicidii,
1256 2526 1427 2590 imm0,
1467 2525 1562 2572 nisi
1601 2523 1787 2587 fecerit,
1820 2530 1878 2568 30

113 2614 231 2648 reus
282 2606 358 2648 est
406 2601 602 2664 imperii
655 2600 839 2650 deserti
886 2605 1032 2663 atque
1084 2599 1375 2662 contempti3
1436 2596 1567 2660 quod
1614 2597 1656 2643 si
1705 2609 1793 2642 sua

115 2679 288 2736 sponte
314 2679 459 2736 atque
485 2675 775 2723 auctoritate
800 2673 1013 2738 fecisset,
1053 2673 1240 2720 crimen
1273 2671 1415 2718 effusi
1446 2669 1644 2717 humani
1685 2682 1790 2715 san-

234 2848 260 2886 3
293 2790 579 2910 quibuslibet
611 2844 716 2896 CA,·
747 2842 997 2887 cuiuslibet
1025 2841 1126 2885 KF
1123 2856 1150 2885 v
1173 2843 1189 2897 ΙΙ
1212 2846 1267 2885 32
1301 2839 1475 2883 crimen
1507 2836 1655 2880 AKF
1680 2837 1731 2889 (l.
1765 2839 1794 2879 3

117 2905 243 2944 <214
272 2902 405 2958 regni
435 2902 660 2947 adfectati
691 2902 864 2946 crimen
894 2900 1127 2956 incurrit);
1159 2899 1208 2942 in
1240 2899 1413 2943 crimen
1444 2911 1469 2940 v
