2020 3122
560 143 626 175 DE
651 141 888 176 01vrrA'rE
911 143 999 175 DEI
1023 144 1066 176 L.
1092 144 1202 178 vm.
1228 144 1266 178 c.
1290 147 1322 177 4.
1678 133 1788 187 325

101 271 217 307 suos
248 255 356 304 loco
390 261 538 304 natus
571 261 619 302 et
657 255 855 318 ingenio
888 253 1098 303 mirabili
1135 256 1279 320 longe
1320 272 1436 306 suos
1477 258 1785 322 condiscipu-

99 331 172 380 los
204 331 430 390 anteiret,
463 342 638 393 parum
662 335 826 376 tamen
864 335 1044 392 putans
1084 330 1409 393 perficiendae
1449 331 1785 396 philosophiae

100 405 328 454 sufficere
370 418 422 451 se
464 403 628 466 ipsum
669 416 724 450 ac
766 400 1068 450 Socraticam
1109 402 1417 467 disciplinam
1456 420 1603 469 quam
1643 405 1785 470 longe

100 494 154 527 ac
186 477 280 527 late
304 477 468 542 potuit
490 476 836 540 peregrinatus
869 481 959 541 est,
1000 490 1392 539 quaquaversum
1426 493 1539 527 eum
1577 479 1783 528 alicuius

98 551 382 601 nobilitatae
436 550 668 598 scientiae
724 548 1069 613 percipiendae
1121 549 1247 598 fama
1298 551 1530 614 rapiebat.
1614 552 1782 616 Itaque
1818 562 1843 602 5

100 634 148 676 et
186 627 237 674 in
277 626 499 688 Aegypto
539 621 711 671 didicit
750 637 1089 686 quaecumque
1130 637 1303 687 magna
1342 623 1441 672 illic
1479 624 1786 675 habebantur

99 707 244 764 atque
294 696 623 762 docebantur,
670 703 720 745 et
764 696 878 745 inde
928 698 980 745 in
1028 711 1109 745 eas
1148 696 1311 746 Italiae
1360 705 1525 762 partes
1570 700 1787 764 veniens,

98 773 184 823 ubi
235 772 659 837 Pythagoreorum
710 770 837 819 fama
887 770 1255 837 celebrabatur,
1306 771 1546 836 quidquid
1593 771 1786 821 Italicae

98 845 438 913 philosophiae
494 851 613 893 tunc
667 843 899 910 florebat,
955 844 1134 893 auditis
1182 844 1592 918 eminentioribus
1641 848 1692 894 in
1732 862 1787 894 ea

101 919 388 970 doctoribus
421 917 649 967 facillime
683 918 1053 983 conprehendit.
1130 918 1193 968 Et
1232 921 1345 983 quia
1384 921 1674 984 magistrum
1700 919 1783 967 So·
1821 930 1874 970 10

101 1002 286 1044 cratem
328 992 645 1057 singulariter
685 991 942 1058 diligebat,
982 1007 1096 1041 eum
1135 992 1420 1057 loquentem
1459 994 1643 1042 faciens
1684 994 1787 1042 sere

99 1071 151 1118 in
191 1066 420 1117 omnibus
462 1065 775 1115 sermonibus
823 1068 926 1115 suis
966 1068 1113 1116 etiam
1151 1066 1254 1133 illa,
1303 1083 1427 1131 quae
1468 1066 1543 1116 vel
1583 1066 1642 1115 ab
1682 1067 1788 1116 aliis

99 1142 351 1207 didicerat,
396 1139 472 1189 vel
533 1141 639 1204 ipse
698 1148 879 1203 quanta
928 1148 1157 1205 potuerat
1203 1140 1536 1205 intellegentia
1587 1141 1788 1208 viderat,

101 1231 214 1265 cum
251 1214 383 1264 illius
423 1213 590 1278 lepore
631 1220 681 1262 et
719 1213 988 1263 moralibus
1029 1213 1443 1278 disputationibus
1485 1217 1785 1279 temperavit.

99 1290 287 1354 Itaque·
318 1303 432 1337 cum
478 1286 699 1336 studium
745 1290 1012 1352 sapientiae
1059 1289 1109 1336 in
1158 1290 1348 1337 actione
1396 1295 1447 1337 et
1485 1288 1785 1353 contempla·
1819 1298 1874 1338 15

99 1365 234 1413 tione
272 1369 514 1427 versetur,
554 1360 684 1409 unde
726 1377 823 1411 una
860 1376 975 1426 pars
1015 1363 1122 1410 eius
1162 1363 1339 1427 activa,
1378 1362 1531 1411 altera
1569 1370 1786 1412 contem-

98 1437 276 1503 plativa
315 1435 412 1484 dici
451 1441 616 1500 potest
663 1428 899 1501 (quarum
948 1437 1102 1484 activa
1142 1435 1201 1484 ad
1241 1436 1479 1500 agendam
1517 1437 1691 1501 vitam,
1738 1436 1788 1484 id

99 1519 177 1560 est
226 1509 286 1559 ad
331 1523 496 1558 mores
541 1509 872 1558 instituendos
920 1511 1159 1575 pertinet,
1207 1509 1583 1574 contemplativa
1623 1518 1787 1559 autem

100 1584 160 1634 ad
207 1581 579 1647 conspiciendas
628 1591 832 1632 naturae
881 1598 1053 1632 causas
1101 1591 1150 1632 et
1189 1585 1572 1633 sincerissimam
1612 1586 1788 1633 verita·

99 1652 249 1725 tem):
298 1656 528 1706 Socrates
588 1658 640 1704 in
690 1659 845 1707 activa
897 1657 1185 1706 excelluisse
1238 1666 1561 1724 memoratur3
1612 1657 1785 1722 Pytha-
1819 1667 1875 1708 20

101 1747 245 1797 goras
284 1745 402 1779 vero
434 1731 587 1794 magis
621 1730 1041 1797 contemplativae,
1081 1731 1263 1795 quibus
1301 1733 1463 1796 potuit
1501 1731 1786 1796 intellegen-

101 1808 196 1855 tiae
239 1803 441 1870 viribUS,
479 1805 734 1854 institisse.
811 1804 1024 1853 Proinde
1055 1804 1193 1854 Plato
1234 1811 1500 1869 utrumque
1541 1804 1788 1869 iungendo

101 1877 463 1944 philosophiam
493 1878 763 1942 perfecisse
787 1878 1030 1944 laudatur,
1071 1893 1216 1942 quam
1254 1880 1306 1927 in
1346 1886 1447 1927 tres
1486 1886 1652 1943 partes
1692 1879 1788 1927 dis-

100 1952 295 2002 tribuit:
334 1966 482 2001 unam
525 1952 774 2018 moralem,
815 1967 940 2016 quae
984 1954 1191 2001 maxime
1235 1954 1285 2000 in
1318 1954 1510 2001 actione
1542 1960 1788 2019 versatur,

105 2026 307 2076 alteram
348 2024 636 2092 naturalem,
676 2041 799 2090 quae
841 2025 1242 2090 contemplationi
1282 2025 1514 2091 deputata
1553 2032 1651 2091 est,
1691 2033 1788 2074 ter·
1822 2035 1884 2076 25

106 2102 221 2149 tiam
262 2098 574 2163 rationalem,
615 2114 710 2164 qua
749 2114 921 2148 verum
961 2099 1334 2149 distermina-tur
1373 2115 1399 2148 a
1439 2100 1576 2148 salso.
1654 2099 1789 2157 Quae

102 2173 218 2223 licet
256 2175 480 2237 utrique,
526 2171 575 2220 id
626 2181 700 2222 est
739 2174 920 2222 actioni
960 2182 1009 2222 et
1049 2173 1472 2239 contemplationi,
1520 2175 1583 2223 sit
1621 2189 1790 2222 neees-

104 2249 244 2314 saria,
284 2248 492 2294 maxime
526 2253 689 2296 tamen
731 2246 1077 2311 contemplatio
1117 2249 1517 2312 perspectionem
1556 2246 1651 2296 sibi
1688 2249 1790 2295 vin-

103 2321 232 2370 dicat
263 2321 495 2368 veritatis
572 2320 687 2370 Ideo
720 2321 840 2369 haec
872 2322 1140 2385 tripertitio
1181 2336 1279 2370 non
1318 2329 1394 2370 est
1433 2322 1679 2370 contraria
1716 2319 1786 2369 illi

102 2393 427 2459 distinctioni,
477 2408 572 2458 qua
618 2394 919 2459 intellegitur
965 2409 1109 2443 omne
1158 2394 1376 2444 studium
1430 2396 1695 2459 sapientiae
1735 2396 1785 2442 in
1818 2404 1877 2443 30

103 2469 292 2516 actione
334 2474 383 2516 et
421 2468 832 2533 contemplatione
887 2469 1173 2517 consistere.
1253 2467 1380 2526 Quid
1421 2476 1584 2517 autem
1622 2469 1674 2515 in
1713 2465 1788 2514 his

103 2540 178 2589 vel
217 2541 276 2590 de
330 2540 407 2589 his
459 2541 664 2606 singulis
711 2541 934 2607 partibus
982 2540 1120 2591 Plato
1170 2543 1405 2607 senserit,
1455 2541 1504 2589 id
1552 2548 1652 2605 est,
1703 2538 1787 2588 ubi

102 2615 249 2663 finem
290 2616 509 2662 omnium
549 2618 821 2681 actionum,
863 2614 949 2664 ubi
989 2630 1186 2664 causam
1226 2617 1444 2663 omnium
1485 2621 1787 2678 naturarum,

103 2687 189 2736 ubi
213 2687 380 2736 lumen
405 2691 624 2738 omnium
659 2691 906 2739 rationum
939 2703 1048 2738 esse
1082 2690 1367 2753 cognoverit
1397 2687 1473 2735 vel
1505 2685 1784 2751 crediderit,

221 2820 249 2858 4
274 2828 328 2858 ac
355 2780 451 2858 late
478 2815 538 2869 0,·
567 2815 754 2871 lateque
771 2814 943 2860 AKFv
967 2817 982 2872 ss
1007 2820 1032 2859 5
1056 2814 1331 2860 nobilitatae
1353 2813 1518 2869 scripsi
1532 2813 1610 2867 (cf.
1630 2815 1788 2867 10,1);

102 2872 350 2918 nobilitate
384 2887 409 2917 v
434 2875 448 2930 ΙΙ
473 2879 527 2918 29
558 2874 814 2931 tripartitio
846 2889 872 2918 υ
