2020 3122
256 127 363 179 540
937 139 970 171 s.
998 138 1273 172 AUGUSTINI

256 254 295 299 si
335 251 403 300 illi
436 253 673 300 circuitus
713 251 1051 316 admittantur,
1086 252 1331 317 inquiunt,
1373 250 1551 315 quibus
1592 252 1666 299 vel
1707 260 1934 301 manente

256 325 437 373 mundo
478 325 551 372 vel
591 327 698 387 ipso
741 339 937 387 quoque
970 323 1265 372 revolubiles
1305 332 1445 374 ortus
1485 340 1601 373 suos
1644 332 1692 374 et
1731 340 1936 374 occasus

256 398 440 446 eisdem
481 397 772 446 circuitibus
804 399 1053 446 inserente
1095 397 1263 446 eadem
1304 398 1588 462 temporalia
1628 405 1938 464 repetuntur,

172 514 181 521 .
255 486 345 519 nec
400 473 628 536 ignavum
682 473 863 536 otium,
917 473 1207 535 praesertim
1264 477 1361 520 tam
1415 471 1586 535 longae
1642 473 1747 520 sine
1797 474 1937 521 initio

196 556 220 592 CJ!

168 927 221 963 lo

169 1294 221 1331 15

169 1660 223 1698 20

171 2394 227 2433 30

255 545 607 611 diuturnitatiS,
639 544 740 594 Deo
765 544 1016 610 tribuitur,
1049 559 1139 593 nec
1177 545 1430 608 inprovida
1454 546 1706 594 temeritas
1731 560 1938 610 operum

255 634 481 684 suorum3
535 621 764 682 quoniam
806 620 847 666 si
886 634 983 666 non
1025 618 1195 666 eadem
1235 624 1545 685 repetantur,
1591 634 1690 666 non
1728 627 1938 682 possunt
2003 682 2008 685 Δ

253 693 441 740 infinita
473 692 755 741 diversitate
796 694 977 740 variata
1017 692 1112 739 ulla
1153 693 1259 739 eius
1300 693 1505 741 scientia
1544 692 1620 740 vel
1659 694 1934 756 praescien—

256 768 321 815 tia
362 766 711 830 conprehendi.

402 838 501 887 Has
533 841 997 904 argumentationeS,
1031 837 1210 902 quibus
1242 840 1379 903 impii
1412 845 1630 887 nostram
1665 839 1937 904 simplicem

254 915 500 978 pietatem,
539 919 594 962 ut
625 928 738 961 cum
769 911 863 960 illis
895 914 946 960 in
979 914 1191 962 circuitu
1224 912 1544 978 ambulemuS,
1584 912 1643 961 de
1684 915 1759 961 via
1797 921 1933 962 recta

255 994 495 1035 conantur
534 992 779 1051 avertere,
827 987 869 1034 si
907 988 1031 1035 ratio
1071 986 1290 1035 refutare
1331 1001 1429 1034 non
1468 993 1658 1053 posset,
1698 987 1818 1036 fides
1858 989 1930 1035 in-

253 1060 431 1108 ridere‘
467 1059 684 1108 deberet.
761 1059 869 1108 Huc
920 1060 1130 1124 accedit,
1184 1059 1314 1124 quod
1367 1062 1418 1108 in
1461 1060 1704 1109 adiutorio
1744 1059 1939 1109 Domini

253 1134 341 1182 Dei
395 1135 552 1182 nostri
607 1133 697 1181 hos
743 1133 981 1182 volubiles
1022 1134 1256 1199 circulOS,
1317 1149 1440 1198 quos
1481 1135 1646 1197 opinio
1686 1135 1935 1199 confingit,

254 1209 377 1256 ratio
411 1208 666 1256 manifesta
699 1207 978 1271 confringit.
1056 1207 1182 1256 Hinc
1217 1209 1347 1256 enim
1386 1209 1593 1256 maxime
1633 1209 1715 1256 isti
1754 1215 1941 1274 errant,

255 1288 308 1329 ut
347 1283 396 1328 in
444 1282 655 1329 circuitu
704 1281 824 1329 falso
864 1280 1112 1330 ambulare
1153 1297 1299 1346 quam
1338 1295 1454 1330 vero
1495 1287 1545 1330 et
1582 1287 1718 1330 recto
1758 1282 1936 1345 itinere

256 1355 439 1419 malint,
479 1354 608 1418 quod
643 1361 859 1403 mentem
892 1354 1103 1403 divinam
1144 1356 1342 1403 omnino
1383 1353 1735 1420 inmutabilem,
1776 1357 1937 1403 cuius-

255 1428 375 1476 libet
420 1428 675 1476 infinitatis
724 1443 953 1492 capacem
1000 1436 1048 1476 et
1095 1431 1352 1477 innumera
1400 1429 1561 1476 omnia
1613 1429 1718 1476 sine
1759 1430 1938 1492 cogita-

256 1504 404 1551 tionis
454 1501 774 1550 alternatione
823 1509 1188 1566 numerantem,
1239 1502 1298 1550 de
1340 1517 1427 1551 sua
1466 1501 1678 1550 humana
1719 1501 1940 1550 mutabili

256 1582 559 1639 angustaque
623 1577 915 1640 metiuntur,
979 1583 1027 1624 et
1089 1576 1142 1623 fit
1202 1575 1298 1624 illis
1358 1575 1488 1639 quod
1543 1577 1610 1624 ait
1664 1575 1936 1639 apostolus:
2002 1589 2004 1591 ’

264 1650 622 1710 Comparantes
677 1651 808 1696 enim
854 1654 1006 1698 semel
1062 1652 1192 1711 ipsos
1237 1651 1433 1698 sibimet
1483 1651 1602 1711 ipsis
1649 1663 1749 1698 non
1797 1651 1937 1698 intel-

256 1726 440 1783 legunt.
517 1721 639 1770 Nam
680 1724 794 1786 quia
833 1721 927 1770 illis
968 1722 1205 1786 quidquid
1245 1725 1358 1771 novi
1396 1722 1674 1771 faciendum
1714 1724 1848 1771 venit
1886 1724 1937 1770 in

256 1805 493 1861 mentem,
542 1811 665 1843 novo
715 1795 918 1844 consilio
966 1796 1153 1845 faciunt
1203 1790 1487 1862 (mutabiles
1529 1797 1708 1860 quippe
1750 1801 1940 1845 mentes

256 1865 480 1935 gerunt):
519 1863 741 1933 profecto
782 1885 879 1917 non
920 1869 1098 1936 Deum,
1139 1885 1285 1934 quem
1325 1871 1540 1934 cogitare
1580 1884 1680 1917 non
1718 1876 1942 1934 possunt,

258 1943 343 1991 sed
396 1950 552 1991 semet
604 1945 738 2007 ipsos
789 1958 878 2007 pro
927 1943 1009 1991 illo
1051 1945 1348 2009 cogitantes,
1404 1958 1503 1991 non
1541 1943 1706 2007 illum,
1761 1943 1847 1991 sed
1888 1957 1940 1991 se

258 2019 405 2082 ipSOS,
446 2032 536 2065 nec
576 2016 659 2081 illi,
700 2017 785 2064 sed
827 2016 920 2064 sibi
961 2024 1258 2081 comparant.
1335 2016 1486 2065 Nobis
1526 2022 1689 2065 autem
1730 2016 1801 2064 fas
1840 2031 1940 2064 non

258 2097 333 2138 est
387 2090 618 2156 credere,
674 2089 815 2138 aliter
868 2090 996 2139 affici
1050 2090 1207 2139 Deum
1263 2106 1375 2139 cum
1422 2097 1584 2156 vacat,
1639 2089 1779 2138 aliter
1827 2105 1940 2138 cum

259 2170 513 2228 operatur3
562 2165 674 2227 quia
723 2179 814 2212 nec
863 2164 992 2212 affici
1033 2164 1270 2213 dicendus
1311 2171 1407 2230 est,
1458 2170 1706 2228 tamquam
1745 2165 1794 2211 in
1835 2165 1942 2212 eius

259 2243 431 2286 natura
473 2237 555 2284 fiat
587 2236 784 2303 aliquid,
826 2237 956 2300 quod
997 2244 1109 2286 ante
1150 2253 1249 2286 non
1289 2238 1452 2286 suerit.
1529 2237 1721 2285 Patitur
1761 2238 1968 2301 quippe

259 2312 345 2373 qui
391 2310 626 2375 afficitur,
675 2317 724 2358 et
771 2310 1002 2359 mutabile
1052 2319 1127 2360 est
1166 2326 1310 2359 omne
1351 2310 1481 2375 quod
1522 2310 1703 2374 aliquid
1741 2311 1942 2374 patitur.

259 2383 367 2432 Non
421 2385 586 2447 itaque
642 2384 693 2431 in
747 2385 853 2432 eius
908 2386 1158 2433 vacatione
1215 2386 1460 2448 cogitetur
1514 2385 1702 2448 ignavia
1758 2383 1943 2442 desidia

258 2458 454 2522 inertia,
502 2458 630 2505 sicut
676 2471 767 2504 nec
815 2458 864 2504 in
918 2458 1023 2506 eius
1072 2473 1222 2522 opere
1262 2457 1399 2506 labor
1439 2463 1643 2506 conatus
1682 2456 1941 2505 industria.

258 2530 401 2579 Novit
428 2532 688 2594 quiescens
714 2545 857 2594 agere
892 2537 941 2579 et
973 2546 1120 2595 agens
1162 2533 1432 2595 quiescere.
1510 2530 1682 2579 Potest
1720 2530 1778 2579 ad
1818 2545 1943 2594 opus

260 2619 439 2652 novum
479 2618 575 2652 non
618 2619 821 2668 novum,
861 2602 946 2652 sed
988 2606 1344 2668 sempiternum
1385 2603 1618 2653 adhibere
1658 2602 1939 2668 consilium3

383 2732 459 2786 10),
484 2730 557 2773 Ps.
594 2735 663 2786 11,
697 2734 736 2775 9.
801 2732 874 2786 21)
908 2734 946 2773 2.
984 2729 1085 2774 Cor.
1120 2735 1189 2786 10,
1224 2735 1290 2774 12.

378 2867 434 2905 28
466 2877 558 2907 non
589 2863 696 2906 ante
728 2875 754 2905 v
