2020 3122
166 1071 219 1110 10

164 1437 218 1476 15

164 1805 218 1844 20

163 2171 218 2211 25

161 2540 216 2579 30

249 149 359 200 446
923 155 956 188 s.
980 153 1256 188 AUGUSTIM

253 287 385 338 sum,
432 271 571 335 quasi
617 284 678 318 ne
727 282 927 332 operam
971 266 1247 332 perdidisse
1286 266 1494 315 videaris
1541 268 1635 316 ista
1683 265 1932 334 discendo,

252 347 406 394 mittis
451 344 676 392 homines
718 341 778 390 ad
828 342 1085 407 theurgoS‚
1134 348 1190 390 ut
1236 356 1325 405 per
1366 355 1450 389 eos
1494 341 1653 389 anima
1699 340 1932 405 spiritalis

251 424 492 483 purgetur
538 416 757 483 illorum,
805 417 890 479 qui
935 430 1035 464 non
1083 413 1356 464 secundum
1402 412 1785 463 intellectualem
1831 415 1931 463 ani-

252 506 380 540 mam
420 487 625 539 vivunt?

850 630 1040 685 CAPUT
1080 629 1336 683 XXVIII.

260 743 450 801 Quibus
474 740 891 803 persuasionibus
917 739 1235 800 Porphyrius
1260 738 1567 787 obcaecatus
1590 752 1689 787 non
1707 740 1936 800 potuerit

372 829 542 864 veram
581 815 900 876 sapientiam,
941 813 1078 872 quoa
1113 816 1188 860 est
1232 811 1481 872 Christus,
1522 824 1814 872 aqnoscere.

399 917 552 966 Mittis
593 931 708 980 ergo
748 915 972 962 homines
1011 915 1063 962 in
1104 929 1326 962 errorem
1366 915 1720 979 certissimum,
1771 929 1933 978 neque

252 991 345 1040 hoc
392 996 582 1039 tantum
626 988 807 1038 malum
853 995 902 1036 te
949 987 1126 1054 pudet,
1174 1002 1288 1036 cum
1326 990 1524 1037 virtutis
1571 994 1621 1037 et
1667 989 1933 1052 sapientiae

250 1065 527 1129 profitearis
567 1068 856 1127 amatorem3
904 1076 1051 1125 quam
1098 1063 1140 1110 si
1178 1076 1292 1110 vere
1340 1076 1396 1110 ac
1446 1061 1656 1111 fideliter
1705 1076 1934 1129 amasseS,

252 1137 503 1187 Christum
541 1135 630 1184 Dei
668 1138 902 1184 virtutem
942 1141 991 1184 et
1029 1134 1119 1183 Dei
1158 1137 1448 1200 sapientiam
1487 1137 1801 1200 cognovisses
1840 1150 1934 1185 nec

251 1211 309 1259 ab
343 1213 448 1260 eius
482 1209 803 1259 saluberrima
833 1208 1107 1258 humilitate
1139 1215 1335 1258 tumore
1367 1208 1566 1259 inflatus
1590 1224 1740 1258 vanae
1774 1211 1930 1258 scien-

251 1287 345 1334 tiae
378 1283 671 1333 resiluisses,
735 1282 996 1331 Confiteris
1035 1288 1201 1331 tamen
1235 1285 1381 1332 etiam
1422 1282 1691 1347 spiritalem
1724 1284 1935 1332 animam

252 1360 356 1407 sine
403 1357 675 1422 theurgicis
715 1355 904 1406 artibus
946 1362 995 1405 et
1034 1358 1139 1405 sine
1187 1356 1372 1424 teletiS,
1419 1355 1599 1421 quibus
1639 1357 1824 1406 frustra
1863 1355 1934 1406 di·

253 1431 447 1481 scendis
480 1430 757 1497 elaborasti,
794 1445 941 1495 posse
975 1431 1306 1480 continentiae
1339 1432 1521 1480 virtute
1559 1432 1775 1495 purgari.
1837 1430 1934 1480 Ali·

251 1504 445 1570 quando
480 1507 625 1554 etiam
657 1505 795 1570 dicis,
835 1503 966 1568 quod
1006 1503 1183 1553 teletae
1216 1519 1316 1552 non
1354 1509 1468 1569 post
1498 1510 1711 1553 mortem
1742 1503 1934 1554 elevant

251 1581 481 1646 animam,
527 1585 583 1627 ut
621 1580 718 1627 iam
758 1593 850 1626 nec
898 1576 1058 1627 eidem
1104 1579 1221 1643 ipsi,
1270 1593 1417 1642 quam
1463 1577 1735 1643 spiritalem
1773 1593 1934 1645 vocaS,

251 1653 430 1717 aliquid
462 1659 575 1717 post
606 1652 754 1701 huius
778 1653 904 1700 vitae
938 1652 1086 1699 finem
1113 1651 1349 1716 prodesse
1374 1651 1654 1717 videantur;
1687 1658 1736 1700 et
1767 1657 1932 1701 tamen

250 1741 417 1775 versas
455 1726 574 1775 haec
615 1725 782 1775 multis
815 1725 974 1774 modis
1006 1732 1056 1774 et
1094 1726 1295 1792 repetiS,
1335 1725 1395 1773 ad
1434 1724 1555 1773 nihil
1595 1725 1741 1792 aliud,
1781 1740 1932 1791 quan·
1978 1781 1984 1789 ,

252 1807 356 1849 tum
396 1802 620 1849 existimo
629 1839 643 1865 ‚
683 1800 779 1848 nisi
817 1806 874 1848 ut
912 1798 1082 1848 talium
1122 1813 1320 1863 quoque
1353 1814 1522 1847 rerum
1562 1800 1703 1863 quasi
1740 1800 1932 1864 peritus

250 1889 484 1938 appareas
517 1879 566 1922 et
603 1873 798 1938 placeas
836 1872 1136 1922 inlicitarum
1168 1874 1349 1921 artium
1382 1874 1613 1939 curiosiS,
1651 1871 1728 1921 vel
1759 1872 1818 1922 ad
1851 1887 1933 1922 eas

250 1948 398 1995 facias
445 1949 549 2012 ipse
600 1948 836 1996 curiosos.
924 1945 1021 1995 Sed
1066 1945 1215 2012 bene,
1273 1946 1404 2010 quod
1449 1945 1766 1995 metuendam
1811 1946 1934 1995 dicis

250 2019 374 2069 hanc
407 2027 564 2069 artem
595 2020 671 2068 vel
710 2020 873 2084 legum
911 2020 1147 2085 periculis
1179 2019 1255 2068 vel
1293 2021 1450 2084 ipsius
1489 2021 1711 2069 actionis,
1772 2019 1932 2084 Atque

251 2095 440 2142 utinam
478 2093 571 2142 hoc
605 2093 777 2142 saltem
816 2093 902 2142 abs
942 2100 990 2143 te
1023 2095 1193 2142 miseri
1233 2093 1431 2142 audiant
1471 2100 1519 2142 et
1557 2093 1693 2155 inde,
1733 2108 1794 2142 ne
1833 2093 1932 2142 illic

251 2166 630 2232 absorbeantur,
692 2166 957 2216 abscedant
1011 2174 1095 2216 aut
1149 2182 1206 2216 eo
1262 2169 1462 2232 penitus
1523 2182 1623 2216 non
1685 2166 1933 2216 accedant.

249 2239 581 2304 Ignorantiam
627 2247 760 2289 certe
810 2247 858 2289 et
903 2247 1108 2305 propter
1148 2256 1255 2289 eam
1294 2240 1446 2290 multa
1484 2242 1599 2289 vitia
1643 2255 1734 2304 per
1772 2240 1931 2290 nullas

249 2313 423 2363 teletas
461 2315 662 2378 purgari
701 2313 846 2379 dicis,
886 2314 972 2362 sed
1010 2330 1101 2379 per
1134 2314 1294 2363 solum
1324 2309 1559 2379 πατρικὸν
1590 2316 1732 2377 νοῦν,
1771 2314 1817 2363 id
1856 2321 1932 2364 est

249 2393 504 2451 paternam
543 2393 758 2436 mentem
799 2388 899 2435 sive
938 2387 1266 2454 intellectum,
1307 2389 1393 2452 qui
1430 2394 1664 2453 paternae
1698 2394 1773 2436 est
1813 2403 1926 2436 con-

251 2462 382 2510 scius
421 2460 697 2510 voluntatis,
774 2459 917 2509 Hunc
957 2467 1120 2510 autem
1161 2461 1412 2510 Christum
1453 2475 1561 2510 esse
1601 2476 1701 2509 non
1741 2460 1926 2527 credis3

250 2536 523 2583 contemnis
563 2535 694 2582 enim
733 2548 846 2582 eum
885 2540 1090 2598 propter
1130 2549 1310 2599 corpus
1351 2550 1411 2583 ex
1453 2535 1634 2583 femina
1673 2541 1930 2599 acceptum

250 2614 299 2656 et
343 2614 547 2672 propter
587 2608 751 2656 crucis
791 2606 1133 2674 opprobrium,
1181 2608 1426 2656 excelsam
1463 2606 1693 2656 videlicet
1741 2609 1930 2672 sapien-

249 2683 366 2729 tiam
398 2683 578 2746 spretis
611 2687 756 2745 atque
790 2680 994 2730 abiectis
1033 2681 1213 2730 infimis
1251 2681 1459 2730 idoneus
1498 2680 1557 2729 de
1591 2680 1966 2745 superioribus*

371 2828 423 2867 10
455 2822 683 2879 profiteris
715 2823 760 2867 A
783 2824 798 2879 ΙΙ
822 2827 877 2867 27
909 2836 993 2879 per
1024 2835 1106 2867 om.
1139 2822 1206 2865 Α1
1230 2824 1245 2878 Η
1267 2821 1500 2878 patricum
1530 2837 1623 2878 nyn
1655 2823 1723 2876 A,·
1761 2837 1804 2878 p.
1837 2836 1930 2867 non

248 2881 343 2935 K¹,·
373 2897 417 2938 p.
450 2896 571 2926 nunc
603 2881 727 2925 ΚΒΓ
