2020 3122
514 144 581 175 DE
606 142 843 175 01V1'rA'rE
867 144 957 175 DEI
979 145 1020 176 L.
1046 146 1113 178 xi.
1138 146 1175 179 c.
1200 147 1254 179 24.
1279 148 1332 180 25.
1667 134 1775 187 495

94 263 257 305 tamen
312 255 568 305 amborum
623 271 738 304 eum
792 256 956 304 dicere
1018 259 1327 307 sanctitatem
1382 258 1573 307 facilius
1627 274 1776 308 ausus

94 330 258 396 fuere,
297 345 396 378 non
437 328 692 378 amborum
733 332 874 393 quasi
914 330 1211 397 qualitatem,
1251 332 1337 380 sed
1376 334 1538 396 ipsum
1580 348 1775 397 quoque

92 403 418 453 substantiam
474 409 522 451 et
576 404 775 451 tertiam
829 405 880 451 in
933 405 1154 453 trinitate
1208 420 1484 469 personam.
1560 406 1632 455 Ad
1684 407 1776 455 hoc

84 481 218 528 enim
250 493 328 526 me
359 475 664 542 probabilius
697 476 846 542 ducit,
887 477 1032 541 quod,
1073 493 1186 526 cum
1219 480 1283 527 sit
1315 485 1364 527 et
1394 479 1540 528 Pater
1573 482 1776 544 spiritus

88 560 140 602 et
170 551 325 600 Filius
365 552 583 616 spirituS‚
623 557 671 598 et
702 549 849 599 Pater
889 558 1089 599 sanctus
1129 558 1179 599 et
1217 551 1370 601 Filius
1411 561 1625 618 sanctim,
1663 569 1774 618 pro·

91 628 198 691 prie
230 631 394 674 tamen
433 627 538 689 ipse
578 631 781 673 vocatur
814 623 1028 688 Spiritus
1070 632 1269 674 sanctus
1309 633 1558 690 tamquam
1598 630 1774 676 sancti-

91 707 167 749 tas
230 698 564 748 substantialis
627 704 676 747 et
741 697 1173 747 consubstantialis
1234 698 1506 748 amborum.
1585 700 1680 749 Sed
1736 703 1778 749 si

95 773 216 822 nihil
256 780 332 821 est
378 772 506 821 aliud
547 771 739 821 bonitas
779 772 940 820 divina
980 787 1126 836 quam
1166 775 1399 822 sanctitas
1412 813 1425 838 ‚
1465 773 1687 836 profecto
1729 782 1776 822 et

94 847 174 896 illa
213 846 463 910 diligentia
502 847 706 894 rationis
746 852 836 912 est,
875 861 972 894 non
1013 848 1428 911 praesumptionis
1468 847 1683 912 audacia,
1722 855 1776 896 ut

94 923 143 969 in
199 919 434 984 operibus
483 919 572 968 Dei
631 927 823 968 secreto
886 919 1097 984 quodam
1151 920 1385 984 loquendi
1439 921 1583 969 modo
1599 961 1613 986 ‚
1676 936 1773 984 quo

94 1002 262 1044 nostra
309 1001 600 1042 exerceatur
646 995 880 1059 intenti0‚
929 994 1100 1042 eadem
1146 993 1288 1042 nobis
1338 996 1585 1043 insinuata
1634 995 1775 1044 intel-

92 1069 284 1133 legatur
315 1070 524 1134 trinitaS,
563 1082 959 1131 unamquamque
993 1074 1269 1116 creaturam
1310 1070 1420 1132 quis
1460 1069 1648 1134 fecerit,
1686 1084 1776 1132 per

96 1142 213 1206 quid
245 1142 432 1207 fecerit,
472 1148 677 1206 propter
709 1141 827 1206 quid
867 1142 1054 1190 fecerit.
1130 1141 1278 1190 Pater
1317 1143 1497 1206 quippe
1537 1142 1774 1206 intellegi-

93 1225 176 1265 tur
199 1215 362 1281 Verbi,
403 1217 487 1279 qui
511 1215 634 1263 dixit
664 1222 720 1264 ut
751 1215 855 1279 fiat3
889 1215 1020 1278 quod
1053 1222 1216 1264 autem
1249 1215 1331 1263 illo
1365 1216 1559 1266 dicente
1592 1216 1775 1264 factum

90 1298 193 1354 est,
247 1289 422 1353 procul
475 1288 624 1338 (lubio
679 1304 768 1353 per
818 1288 1030 1337 Verbum
1085 1289 1267 1338 factum
1320 1296 1415 1354 est3
1470 1291 1519 1337 in
1562 1305 1619 1337 eo
1659 1305 1775 1337 vero

88 1363 219 1428 quod
247 1363 449 1412 dicitur:
495 1364 629 1411 Vidit
652 1364 802 1423 Deus,
836 1367 957 1423 quia
990 1364 1171 1411 bonum
1204 1370 1290 1423 est,
1323 1366 1440 1412 satis
1474 1364 1777 1427 significatur

92 1437 250 1486 Deum
281 1436 414 1485 nulla
445 1438 755 1501 necessitate,
795 1436 927 1485 nulla
961 1451 1076 1484 suae
1112 1439 1403 1500 cuiusquam
1440 1436 1664 1486 utilitatis
1704 1439 1775 1485 in-

94 1512 329 1576 digentia,
380 1511 467 1559 sed
519 1510 620 1559 sola
673 1510 892 1559 bonitate
940 1511 1116 1559 fecisse
1165 1511 1294 1574 quod
1344 1511 1527 1559 factum
1575 1518 1671 1571 est,
1727 1511 1775 1558 id

88 1593 184 1651 est,
234 1586 346 1649 quia
386 1584 572 1633 bonum
612 1593 711 1650 est3
760 1583 889 1648 quod
930 1583 1040 1632 ideo
1081 1591 1251 1648 postea
1292 1599 1439 1648 quam
1479 1585 1662 1633 factum
1702 1591 1776 1633 est

89 1660 284 1722 dicitur,
326 1665 382 1706 ut
413 1674 510 1724 res,
551 1673 674 1722 quae
707 1659 834 1706 facta
873 1665 963 1723 est,
1004 1673 1278 1721 congruere
1312 1657 1533 1723 bonitati,
1572 1665 1776 1722 propter

93 1747 240 1797 quam
280 1732 404 1780 sacta
448 1738 543 1798 est,
584 1731 844 1781 indicetur.
924 1731 1058 1789 Quae
1100 1731 1292 1780 bonitas
1333 1733 1373 1780 si
1414 1731 1628 1796 Spiritus
1668 1747 1775 1780 san-

93 1814 204 1855 ctus
254 1812 390 1854 recte
442 1806 770 1870 intellegitur,
826 1807 1054 1854 universa
1115 1804 1258 1853 nobis
1319 1807 1514 1854 trinitas
1567 1807 1618 1853 in
1674 1807 1776 1854 suis

97 1879 330 1945 operibus
384 1881 653 1929 intimatur.
731 1879 847 1927 Inde
905 1886 980 1927 est
1019 1880 1228 1942 civitatis
1269 1886 1491 1944 sanctae,
1547 1894 1670 1943 quae
1725 1881 1775 1927 in

93 1955 277 2002 sanctis
317 1953 501 2016 angelis
534 1968 733 2002 sursum
773 1961 863 2018 est,
902 1960 951 2001 et
989 1954 1126 2015 origo
1169 1959 1217 2001 et
1256 1953 1536 2002 informatio
1577 1960 1626 2001 et
1665 1952 1775 2001 bea-

93 2027 266 2076 titudo.
342 2026 463 2074 Nam
512 2028 553 2075 si
601 2033 866 2090 quaeratur
912 2026 1042 2074 unde
1085 2027 1170 2075 sit:
1216 2025 1348 2074 Deus
1389 2041 1497 2075 eam
1536 2026 1775 2091 condidit3

94 2103 136 2150 si
174 2100 306 2149 unde
347 2101 410 2148 sit
442 2102 658 2164 sapiens:
698 2115 723 2147 a
755 2099 857 2148 Deo
897 2099 1241 2165 inluminatur3
1282 2101 1323 2148 si
1363 2100 1493 2149 unde
1535 2102 1599 2148 sit
1638 2065 1775 2149 felix:

91 2174 191 2223 Deo
231 2175 434 2239 fruitur3
483 2173 758 2222 subsistens
798 2173 1131 2239 modificatur,
1170 2139 1508 2238 cohtemplans
1546 2173 1775 2223 inlustla-

96 2256 192 2314 tur,
229 2212 493 2296 inhaerens
532 2247 852 2312 iucundatur3
893 2254 982 2312 est,
1020 2246 1167 2312 videt
1206 2254 1354 2312 amat3
1394 2249 1445 2295 in
1486 2249 1774 2296 aeternitate

91 2321 179 2370 Dei
215 2323 360 2387 viget,
398 2323 450 2369 in
489 2323 694 2370 veritate
735 2321 823 2369 Dei
862 2321 1009 2386 lucet,
1048 2322 1099 2368 in
1138 2320 1356 2370 bonitate
1396 2321 1484 2370 Dei
1524 2321 1715 2386 gaudet.

738 2477 934 2532 CAPUT
965 2479 1132 2533 XXV.

296 2573 371 2620 De
411 2573 668 2633 tripertita
708 2574 857 2620 totius
891 2573 1241 2634 philosophiae
1281 2573 1564 2633 disciplina.

240 2673 488 2731 Quantum
541 2674 759 2739 intellegi
806 2675 972 2740 datur,
1019 2674 1134 2722 hinc
1179 2673 1459 2738 philosophi
1507 2674 1712 2742 sapienti
1736 2688 1772 2720 ⁴e

97 2747 402 2812 disciplinam
452 2749 748 2812 tripertitam
799 2763 907 2797 esse
955 2747 1242 2812 voluerunt,
1289 2749 1436 2795 immo
1477 2748 1774 2810 tripertitam

207 2878 234 2918 7
266 2886 328 2930 sq.
362 2875 484 2919 locus
515 2876 746 2920 obscurior
768 2877 783 2931 Η
811 2881 865 2919 14
898 2878 950 2919 ut
981 2889 1063 2919 om.
1095 2888 1120 2918 v

1810 931 1863 970 10

1810 1299 1864 1338 15

1809 1666 1865 1705 20

1809 2035 1863 2074 25

1807 2491 1862 2531 30
