2020 3122
170 162 175 165 -
253 140 361 193 400
946 150 981 184 S.
1005 151 1280 185 AUGUSTIM

254 279 353 313 non
402 264 519 313 deos
561 263 838 313 sublimiter
878 263 1159 314 conlocatos
1208 271 1257 314 et
1296 264 1355 313 ab
1402 265 1616 314 humana
1664 273 1935 316 contrecta-

255 340 387 387 tione
422 344 637 387 semotos
646 377 660 405 ,
701 339 922 402 quamvis
962 339 1175 387 nominis
1217 340 1552 387 controversia
1582 339 1827 406 videatur,
1866 347 1936 390 ta-

254 427 368 460 men
407 413 473 460 ita
513 410 801 461 detestabile
843 418 918 460 est
957 427 1138 461 nomen
1178 411 1496 477 daemonum,
1543 418 1599 461 ut
1643 412 1738 462 hoc
1777 414 1935 463 modis

170 538 180 546 ⁴
255 484 483 535 omnibus
523 501 550 534 a
581 487 765 535 sanctis
804 485 989 550 angelis
1027 501 1118 534 nos
1158 500 1412 534 removere
1454 484 1732 536 debeamus
1794 487 1937 536 Nunc

170 934 225 975 10

169 1298 223 1338 15

170 1665 226 1706 20

170 2178 224 2218 25

172 2576 227 2616 30

256 574 371 622 ergo
405 561 472 608 ita
502 558 628 608 liber
659 561 752 608 iste
787 559 1056 624 claudatur,
1093 565 1148 608 ut
1180 560 1394 607 sciamus
1425 559 1710 608 inmortales
1744 566 1794 609 et
1824 559 1936 609 bea·

254 638 353 699 tOS,
409 632 664 697 quodlibet
711 639 973 698 vocentur,
1020 634 1106 696 qui
1152 639 1317 681 tamen
1364 632 1480 681 facti
1519 639 1569 682 et
1615 635 1768 682 creati
1807 639 1939 700 sunt,

255 706 443 756 medios
483 723 581 756 non
623 722 732 756 esse
773 707 832 756 ad
872 705 1274 755 inmortalitatem
1319 704 1775 771 beatitudinemque
1825 722 1936 772 per-

255 779 494 829 ducendis
533 780 822 830 mortalibus
862 781 1080 844 miseriS,
1125 795 1151 827 a
1191 778 1371 843 quibus
1410 785 1621 844 utraque
1663 780 1940 830 differentia

256 861 562 919 separantur.
641 853 737 912 Qui
783 859 948 903 autem
995 852 1144 902 medii
1193 859 1308 902 sunt
1355 868 1666 903 communem
1711 853 1936 903 hahendo

255 928 658 977 inmortalitatem
706 943 819 977 cum
867 926 1231 993 superioribus,
1281 928 1532 976 miseriam
1579 943 1692 977 cum
1738 928 1939 977 inferio·

255 1000 416 1066 ribus,
457 1004 688 1066 quoniam
729 1002 906 1050 merito
938 999 1149 1050 malitiae
1183 1001 1353 1049 miseri
1391 1008 1529 1067 sunt,
1567 1000 1961 1068 beatitudinem,'

256 1090 419 1138 quam‘
448 1090 547 1123 non
592 1074 797 1141 habent,
851 1074 1071 1124 invidere
1120 1073 1262 1123 nobis
1316 1081 1527 1139 possunt
1579 1077 1746 1140 potius
1794 1089 1940 1139 quam

254 1147 509 1212 praebere.
550 1148 710 1198 *Unde
744 1148 866 1198 nihil
903 1148 1086 1197 habent
1118 1149 1261 1197 amici
1301 1147 1595 1197 daemonum
1628 1148 1759 1213 quod
1795 1147 1938 1197 nobis

255 1221 457 1286 dignum
505 1223 748 1290 adferant,
797 1238 887 1272 cur
926 1238 1011 1271 eos
1058 1229 1307 1286 tamquam
1347 1221 1596 1294 adiutores
1644 1221 1806 1271 colere
1855 1221 1941 1271 de-

257 1295 477 1363 beamus,
509 1312 633 1361 quos
665 1299 831 1361 potius
865 1303 920 1346 ut
952 1297 1244 1361 deceptores
1278 1297 1462 1344 evitare
1495 1295 1746 1345 debemus.
1804 1295 1940 1354 Quos

256 1376 419 1418 autem
459 1370 615 1419 bonos
657 1377 705 1419 et
743 1370 853 1419 ideo
893 1385 993 1419 non
1033 1369 1193 1419 solum
1231 1369 1540 1434 inmortaleS,
1579 1385 1753 1418 verum
1793 1370 1942 1418 etiam

255 1442 424 1492 beatos
465 1443 671 1493 deorum
718 1446 915 1502 nomine
957 1445 1109 1492 sacris
1150 1449 1200 1491 et
1247 1443 1501 1492 sacrificiis
1547 1449 1753 1508 propter
1792 1444 1941 1492 vitam

255 1515 446 1565 beatam
493 1525 605 1582 post
644 1525 855 1567 mortem
895 1516 1259 1582 adipiscendam
1300 1515 1532 1565 colendos
1579 1522 1778 1583 putant,
1825 1531 1940 1580 qua-

259 1589 544 1655 lescumque
578 1591 648 1640 illi
681 1594 779 1640 sint
813 1598 861 1640 et
893 1589 1114 1656 quolibet
1146 1588 1383 1639 vocabulo
1417 1589 1554 1654 digni
1586 1591 1699 1656 sint,
1731 1605 1831 1639 non
1856 1604 1941 1638 eos

258 1663 378 1712 velle
418 1680 508 1729 per
547 1665 642 1714 tale
682 1665 933 1730 religionis
974 1663 1268 1728 obsequium
1308 1665 1404 1712 nisi
1442 1679 1598 1713 unum
1638 1663 1795 1713 Deum
1834 1662 1942 1729 coli,

257 1753 283 1785 a
323 1753 419 1801 quo
457 1741 609 1788 creati
650 1745 699 1788 et
739 1741 879 1788 cuius
918 1739 1294 1803 participatione
1334 1737 1466 1786 beati
1505 1744 1642 1804 sunt,
1682 1737 1938 1787 adiuvante

256 1812 362 1875 ipso
401 1813 452 1860 in
493 1815 723 1877 sequenti
761 1812 886 1862 libro
927 1811 1215 1877 diligentius
1256 1811 1572 1861 disseremus,

886 2085 1184 2139 LIBER
1230 2085 1295 2138 X.

959 2232 1152 2286 CAPUT
1195 2232 1236 2285 I.

269 2343 450 2392 Veram
482 2343 842 2391 beatitudinem
866 2342 968 2390 sive
994 2342 1187 2401 anyelis
1217 2341 1321 2388 sive
1350 2339 1633 2387 hominibus
1659 2353 1757 2400 per
1788 2351 1942 2386 anam

294 2418 455 2465 Deam
495 2416 655 2464 tribui
688 2417 837 2463 etiam
872 2415 1160 2463 Platonicos
1201 2415 1463 2471 definisse;
1501 2414 1593 2461 sed
1629 2417 1799 2461 utrum
1838 2412 1904 2470 hi,

325 2505 447 2551 quos
479 2490 539 2538 ab
579 2490 674 2537 hoe
707 2490 866 2549 ipsum
898 2489 1131 2536 colendos
1166 2491 1365 2548 patant,
1406 2487 1498 2534 uni
1528 2490 1722 2534 tantam
1754 2485 1873 2544 Dea,

363 2579 430 2612 an
470 2565 620 2611 etiam
659 2563 759 2610 sibi
794 2563 1090 2619 sacrificari
1126 2562 1299 2619 velint,
1341 2574 1446 2608 esse
1485 2560 1846 2619 quaerendum.

407 2665 639 2714 Omnium
668 2670 802 2713 certa
835 2664 1076 2712 sententia
1103 2669 1192 2728 est,
1226 2663 1310 2725 qui
1341 2663 1530 2710 ratione
1565 2675 1762 2724 quoquo
1795 2659 1939 2708 modo
1963 2708 1970 2709 a

259 2741 332 2788 uti
371 2745 593 2803 possunt,
632 2737 801 2787 beatos
842 2752 949 2786 esse
982 2751 1151 2785 omnes
1191 2735 1415 2783 homines
1447 2733 1585 2783 velle.
1649 2734 1745 2791 Qui
1776 2739 1940 2782 autem

1921 2827 1954 2847 ι.

377 2886 431 2924 22
465 2881 711 2938 diligenter
741 2881 785 2924 A
