2020 3122
588 129 654 160 DE
681 128 917 161 CIVITATE
940 130 1030 161 DEI
1054 130 1095 161 L.
1121 131 1165 161 x.
1192 129 1228 161 c.
1255 131 1306 162 18.
1675 118 1778 168 431

724 293 921 348 CAPUT
960 294 1160 348 XVIII.

111 405 296 454 Contra
328 418 424 464 eos,
457 405 546 464 qui
575 404 637 452 de
668 405 944 463 miraeum,
976 405 1155 464 quibus
1187 406 1286 453 Dei
1306 408 1523 467 populus
1555 407 1784 454 eruditus

237 478 329 539 est,
369 483 559 539 neqcmt
596 479 952 526 ecclesiasticis
991 479 1135 526 libris
1175 493 1280 527 esse
1319 481 1642 528 credendum.

250 580 324 629 An
363 580 492 629 dicet
534 579 709 644 aliquis
756 581 849 629 ista
900 579 1018 627 falsa
1060 595 1167 629 esse
1208 582 1442 630 miracula
1489 597 1581 630 nec
1629 582 1782 631 fuisse

103 655 249 722 facta,
292 654 377 704 sed
417 654 720 703 mendaciter
760 650 978 717 scripta?
1056 653 1290 719 Quisquis
1330 654 1423 703 hoc
1463 655 1601 719 dicit,
1642 658 1679 704 si
1722 655 1781 704 de

102 729 178 779 his
210 728 360 778 rebus
391 735 537 792 negat
577 730 775 776 omnino
807 727 920 776 ullis
959 727 1137 776 litteris
1171 743 1278 777 esse
1312 728 1636 795 credendum,
1677 735 1782 793 pot-

104 810 178 853 est
231 805 377 852 etiam
431 802 595 851 dicere
644 817 735 850 nec
791 802 909 850 deos
956 801 1081 849 ullos
1131 817 1304 850 curare
1353 802 1590 851 mortalia.
1675 802 1783 850 Non

103 879 234 927 enim
273 893 324 926 se
366 875 507 924 aliter
540 875 771 924 colendos
805 891 913 924 esse
953 884 1310 940 persuaserunt
1350 878 1445 925 nisi
1485 876 1784 925 mirabilium

102 966 306 1016 operum
347 949 628 1015 effectibUS,
668 964 880 1013 quorum
921 955 969 998 et
1007 948 1212 998 historia
1252 953 1473 1014 gentium
1513 952 1653 999 testis
1694 955 1784 1015 est,

103 1040 310 1090 quarum
341 1024 410 1072 dii
440 1039 491 1073 se
518 1029 766 1072 ostentare
798 1022 1047 1071 mirabiles
1077 1025 1243 1088 potius
1276 1039 1424 1088 quam
1448 1024 1594 1073 utiles
1620 1030 1782 1073 osten-

102 1100 217 1148 dere
258 1103 542 1163 potuerunt.
605 1096 743 1146 Unde
784 1095 878 1145 hoc
919 1112 1067 1161 opere
1101 1105 1294 1163 nostr0,
1334 1100 1475 1147 cuius
1515 1098 1647 1147 hunc
1687 1100 1783 1146 iam

102 1173 346 1222 decimum
378 1170 560 1221 librum
590 1170 829 1220 habemus
860 1172 912 1219 in
943 1170 1185 1238 manibUS,
1224 1187 1323 1219 non
1357 1187 1441 1220 eos
1474 1174 1782 1236 suscepimus

100 1245 418 1312 refellendOS,
469 1247 554 1309 qui
599 1244 675 1293 vel
721 1244 870 1294 ullam
916 1260 1024 1293 esse
1071 1247 1169 1293 vim
1217 1245 1428 1294 divinam
1476 1252 1657 1310 negant
1703 1245 1779 1293 vel

100 1320 311 1369 humana
350 1335 450 1368 non
490 1334 664 1368 curare
707 1318 1033 1384 contendunt,
1073 1318 1158 1367 sed
1200 1334 1305 1385 eOS,
1347 1321 1431 1383 qui
1470 1325 1639 1368 nostro
1681 1318 1780 1367 Deo

101 1394 343 1443 conditori
376 1399 570 1442 sanctae
605 1398 654 1441 et
685 1392 1066 1456 gloriosissimae
1101 1394 1310 1441 civitatis
1343 1392 1462 1441 deos
1495 1409 1611 1442 suos
1642 1408 1779 1458 prae-

101 1468 280 1529 ferunt,
314 1469 593 1516 nescientes
626 1482 740 1516 eum
770 1469 934 1531 ipsum
967 1481 1075 1515 esse
1109 1467 1256 1515 etiam
1287 1467 1459 1516 mundi
1490 1467 1638 1516 huius
1670 1469 1781 1515 visi-

100 1541 211 1591 bilis
259 1548 308 1591 et
361 1539 609 1590 mutabilis
662 1539 956 1590 invisibilem
1006 1546 1055 1589 et
1108 1540 1560 1590 incommutabilem
1616 1541 1781 1590 condi-

102 1621 259 1665 torem
292 1622 342 1664 et
372 1617 496 1664 vitae
529 1614 699 1664 beatae
732 1629 831 1663 non
864 1613 923 1662 de
956 1614 1048 1681 his,
1089 1629 1212 1678 quae
1247 1614 1479 1680 condidit,
1517 1614 1602 1663 sed
1636 1615 1694 1663 de
1729 1630 1780 1663 se

100 1690 206 1754 ipso
246 1690 557 1738 verissimum
596 1688 893 1753 largitorem.
963 1687 1083 1737 Eius
1123 1689 1254 1737 enim
1293 1689 1534 1753 propheta
1572 1689 1780 1737 veracis-

101 1765 253 1813 simus
287 1765 374 1812 ait:
406 1763 540 1812 Mihi
569 1768 738 1812 autem
770 1764 1059 1811 adhaerere
1090 1762 1195 1811 Deo
1229 1763 1410 1811 bonum
1443 1768 1527 1812 est.
1583 1762 1651 1810 De
1684 1762 1780 1810 fine

100 1835 215 1886 boni
256 1852 466 1901 namque
506 1838 637 1886 inter
675 1835 994 1901 philosophos
1035 1837 1311 1902 quaeritur,
1360 1835 1419 1884 ad
1460 1836 1591 1900 quod
1631 1835 1790 1899 adipi<

101 1910 337 1960 scendum
386 1912 547 1958 omnia
599 1910 759 1958 officia
813 1909 1074 1958 referenda
1122 1916 1250 1958 sunt.
1335 1910 1436 1959 Nec
1492 1910 1614 1959 dixit
1666 1911 1782 1958 iste:

100 1983 218 2033 Mihi
272 1990 436 2033 autem
491 1984 672 2033 divitiis
726 1982 976 2033 abundare
1031 1982 1214 2031 bonum
1267 1990 1364 2050 est,
1419 1991 1502 2033 aut
1555 1984 1782 2047 insigniri

100 2073 320 2123 purpura
374 2065 424 2107 et
475 2065 670 2122 sceptro
718 2056 794 2105 vel
842 2056 1113 2105 diademate
1173 2057 1436 2124 excellere,
1491 2063 1596 2123 aut,
1652 2055 1781 2121 quod

101 2131 323 2181 nonnulli
386 2133 531 2180 etiam
593 2129 1000 2196 philosophorum
1062 2130 1227 2179 dicere
1290 2147 1388 2180 non
1451 2130 1782 2180 erubuerunt:

100 2204 217 2254 Mihi
255 2205 478 2270 voluptas
519 2206 743 2270 corporis
782 2203 968 2253 bonum
1008 2210 1104 2268 est,
1145 2210 1228 2253 aut
1269 2205 1400 2269 quod
1439 2205 1618 2254 melius
1649 2204 1783 2253 velut

102 2278 329 2328 meliores
376 2279 542 2328 dicere
582 2280 675 2327 visi
721 2283 858 2327 sunt:
902 2277 1021 2326 Mihi
1059 2279 1217 2327 virtus
1257 2281 1405 2329 animi
1454 2280 1551 2327 mei
1597 2278 1782 2327 honum

102 2358 196 2417 est3
245 2354 354 2402 sed:
402 2353 553 2419 Mihi,
600 2354 783 2417 inquit,
822 2353 1110 2402 adhaerere
1148 2353 1253 2402 Deo
1294 2355 1476 2402 bonum
1517 2359 1601 2401 est.
1678 2351 1782 2399 Hoc

101 2440 214 2474 eum
252 2426 512 2493 docuerat,
570 2427 650 2475 cui
691 2428 778 2475 uni
827 2425 1162 2474 tantummodo
1215 2426 1587 2475 sacrificandum
1627 2425 1782 2473 sancti

102 2514 296 2564 quoque
322 2499 480 2565 angeli
512 2503 618 2549 eius
642 2499 994 2549 miraculorum
1018 2500 1164 2548 etiam
1191 2502 1546 2549 contestatione
1580 2513 1779 2547 monue-

102 2579 230 2622 runt.
294 2573 430 2622 Unde
466 2580 515 2623 et
545 2576 650 2640 ipse
684 2573 979 2622 sacrificium
1013 2575 1119 2621 eius
1152 2573 1310 2622 factus
1343 2581 1462 2638 erat,
1496 2575 1636 2622 cuius
1668 2574 1780 2635 igne

102 2646 404 2711 intellegibili
437 2654 698 2713 correptus
731 2646 946 2713 ardebat,
988 2653 1036 2696 et
1071 2648 1122 2695 in
1156 2649 1262 2696 eius
1294 2646 1589 2696 ineffabilem
1620 2647 1779 2693 incor-

102 2734 405 2784 poreumque
446 2721 756 2786 complexum
796 2727 964 2770 sancto
1005 2718 1251 2770 desiderio
1292 2720 1556 2769 ferebatur.
1624 2719 1780 2767 Porro

218 2863 292 2918 20)
322 2863 394 2907 Ps.
430 2868 502 2919 72,
533 2867 603 2907 28.

1818 1034 1872 1073 10

1818 1402 1870 1441 15

1816 2139 1871 2178 25

1814 2507 1869 2546 30
