2020 3122
520 170 586 201 DE
611 168 850 202 CIVITATE
873 169 962 201 Dm
984 170 1026 202 L.
1050 171 1101 203 11.
1127 171 1164 204 c.
1188 173 1243 204 21.
1267 173 1322 206 22.
1688 163 1759 216 83

78 283 388 333 definitiones
434 283 591 346 ipsius
633 280 908 349 Ciceronis,
956 282 1135 347 quihus
1183 285 1300 348 quid
1341 286 1403 334 sit
1441 300 1523 334 res
1562 285 1758 350 publica

77 364 127 407 et
165 355 283 421 quid
324 357 388 405 sit
410 354 623 420 populus
662 355 894 419 loquente
921 355 1151 420 Scipione
1191 357 1407 407 breviter
1446 361 1612 423 posuit
1651 355 1757 427 (ad-

75 429 372 481 testantibus
413 431 559 478 etiam
582 429 751 478 multis
776 431 876 478 sive
916 432 1072 494 ipsius
1113 433 1213 479 sive
1255 447 1426 481 eorum
1465 448 1590 497 quos
1623 433 1759 498 loqui

75 505 193 554 fecit
229 505 282 552 in
330 503 501 552 eadem
553 502 885 567 disputatione
946 499 1257 572 sententiis),
1308 521 1575 571 numquam
1625 507 1757 556 illam

75 579 227 628 fuisse
252 593 359 626 rem
383 576 645 643 publicam,
685 578 799 641 quia
823 593 1092 642 numquam
1116 580 1168 627 in
1194 592 1249 627 ea
1274 580 1368 628 fuit
1406 595 1519 628 vera
1557 583 1757 631 iustitia.
1790 589 1817 630 5

77 651 361 701 Secundum
398 650 757 716 probabiliores
796 658 961 700 autem
1001 652 1312 701 definitiones
1351 669 1441 718 pro
1482 669 1571 703 suo
1610 655 1756 704 modo

74 725 286 790 quodam
326 740 407 774 res
445 724 643 790 publica
682 725 796 791 fuit,
846 732 895 775 et
934 725 1111 775 melius
1159 725 1220 774 ab
1260 727 1622 791 antiquioribus
1661 729 1754 776 Ro-

77 802 235 848 manis
275 814 422 864 quam
461 814 487 848 a
525 798 887 864 posterioribus
927 799 1263 849 administrata
1303 807 1400 867 est3
1444 816 1559 850 vera
1597 808 1761 850 autem

73 875 262 923 iustitia
316 889 416 922 non
472 880 549 922 est
602 875 698 922 nisi
752 875 803 922 in
856 889 912 922 ea
963 889 1017 922 re
1069 873 1286 940 publica,
1338 877 1480 924 cuius
1535 875 1760 924 conditor

73 955 339 1012 rectorque
381 946 607 996 Christus
649 954 745 1013 est,
797 949 837 996 si
885 954 934 996 et
971 949 1129 1012 ipsam
1168 963 1274 997 rem
1313 947 1559 1014 publicam
1598 948 1758 1014 placet
1793 958 1846 998 10

73 1021 265 1088 dicere,
305 1023 536 1086 quoniam
576 1036 684 1070 eam
722 1036 828 1070 rem
867 1021 1036 1086 populi
1077 1037 1185 1071 esse
1226 1037 1405 1087 negare
1446 1038 1546 1072 non
1584 1039 1757 1088 possu-

72 1111 196 1145 mus,
276 1094 328 1143 Si
354 1101 518 1144 autem
541 1095 634 1143 hoc
668 1110 863 1161 nomen,
904 1095 1033 1159 quod
1075 1095 1189 1144 alibi
1227 1095 1468 1161 aliterque
1507 1097 1757 1162 vulgatum

72 1176 169 1235 est,
221 1168 281 1217 ab
332 1184 428 1217 usu
468 1175 666 1217 nostrae
714 1168 978 1217 locutionis
1018 1176 1094 1218 est
1134 1171 1261 1219 forte
1293 1172 1533 1220 remotius
1546 1211 1560 1238 ‚
1609 1173 1660 1220 in
1700 1186 1757 1220 ea

72 1249 207 1292 certe
261 1244 456 1291 civitate
508 1248 583 1291 est
632 1257 748 1290 vera
786 1244 997 1309 iustitia,
1047 1243 1107 1291 de
1155 1259 1249 1307 qua
1296 1246 1542 1310 scriptura
1587 1251 1756 1294 sancta

71 1316 211 1366 dicit:
257 1317 488 1366 Gloriosa
533 1318 672 1366 dieta
709 1322 830 1365 sunt
861 1318 923 1365 de
962 1322 1024 1377 te,
1064 1319 1244 1366 civitas
1284 1319 1392 1367 Dei.
1790 1325 1843 1366 15

701 1473 898 1528 CAPUT
932 1475 1103 1527 XXII.

114 1583 262 1642 Quod
299 1584 396 1632 diis
435 1583 780 1632 Romanorum
819 1585 959 1631 nulla
999 1596 1236 1643 umquam
1276 1598 1406 1632 eura
1440 1582 1616 1645 fuerit,
1658 1600 1720 1634 ne

373 1659 518 1706 malis
556 1658 780 1705 moribus
819 1671 902 1706 res
935 1657 1144 1718 publica
1185 1659 1452 1722 deperiret.

220 1758 321 1808 Sed·
350 1759 482 1824 quod
512 1761 730 1824 pertinet
762 1759 821 1808 ad
853 1765 1167 1824 praesentem
1200 1762 1552 1826 quaestionem,
1585 1776 1751 1824 quam·
1787 1769 1843 1809 20

69 1832 190 1883 libet
226 1833 520 1883 laudabilem
567 1833 732 1882 dicant
778 1835 923 1882 istam
970 1833 1123 1882 fuisse
1170 1833 1246 1882 vel
1295 1849 1403 1882 esse
1451 1849 1557 1882 rem
1595 1834 1754 1899 publi-

71 1923 191 1974 cam,
231 1907 504 1965 secundum
530 1922 702 1956 eorum
728 1914 956 1956 auctores
981 1907 1291 1956 doctissimos
1330 1909 1426 1956 iam
1458 1907 1601 1972 longe
1642 1914 1754 1958 ante

70 1980 254 2030 Christi
313 1981 577 2030 adventum
634 1983 847 2045 pessima
905 1996 960 2029 ac
1010 1980 1394 2044 flagitiosissima
1447 1982 1570 2031 facta
1628 1988 1754 2048 erat3

67 2056 216 2104 immo
256 2070 373 2104 vero
413 2054 545 2104 nulla
585 2063 690 2103 erat
730 2061 876 2119 atque
917 2056 1115 2103 omnino
1154 2056 1371 2119 perierat
1407 2055 1754 2120 perditissimis

69 2128 304 2178 moribus,
382 2128 447 2178 Ut
494 2144 612 2193 ergo
659 2143 758 2177 non
797 2130 1006 2194 periret,
1046 2128 1113 2177 dii
1153 2128 1385 2178 custodes
1425 2131 1530 2178 eius
1570 2129 1751 2194 populo
1785 2137 1838 2178 25

69 2202 246 2252 cultori
285 2218 374 2252 suo
415 2202 531 2251 dare
570 2204 836 2267 praecipue
876 2204 1002 2252 vitae
1042 2217 1097 2250 ac
1137 2217 1332 2251 morum
1370 2209 1632 2267 praecepta
1671 2203 1752 2252 de—

24 2311 26 2313 >
67 2274 298 2343 buerunt,
333 2292 360 2325 a
386 2291 482 2340 quo
507 2282 581 2325 tot
612 2275 823 2342 templiS,
854 2282 928 2325 tot
961 2275 1300 2325 sacerdotibus
1325 2282 1375 2325 et
1400 2277 1752 2326 sacrificiorum

69 2349 363 2416 generibuS,
416 2356 516 2399 tam
566 2349 922 2414 multiplicibus
972 2351 1218 2414 variisque
1268 2352 1447 2416 sacriS,
1501 2357 1574 2398 tot
1613 2351 1751 2398 festis

69 2422 508 2488 sollemnitatibus,
562 2431 636 2472 tot
693 2431 1042 2488 tantorumque
1098 2423 1330 2472 ludorum
1385 2422 1748 2475 celebritatibus

70 2496 378 2563 colebantur3
425 2497 511 2546 ubi
558 2497 681 2546 nihil
721 2497 984 2547 daemones
1025 2499 1122 2546 nisi
1160 2498 1414 2562 negotium
1453 2511 1596 2545 suum
1638 2511 1746 2559 ege·
1778 2505 1835 2545 30

69 2576 206 2636 runt,
251 2586 352 2619 non
399 2577 631 2621 curantes
681 2586 828 2635 quem
868 2571 926 2620 ad
967 2571 1167 2620 modum
1205 2570 1275 2619 illi
1313 2572 1552 2635 viverent,
1598 2571 1745 2618 immo

188 2698 258 2753 15)
291 2698 364 2741 Ps.
398 2701 469 2753 86,
502 2703 542 2741 3.

93 2898 103 2907 ¹
158 2846 206 2908 ‘5
238 2842 379 2888 fuerit
401 2844 446 2888 A
469 2846 485 2901 ΙΙ
509 2850 532 2889 7
569 2844 804 2901 quondam
819 2844 937 2888 ΑΚ2
959 2846 975 2901 ΙΙ
1001 2848 1054 2888 15
1079 2842 1286 2900 gloriosa
1311 2839 1543 2894 0AKFv‚·
1574 2838 1743 2896 glorio=

68 2913 250 2946 memma
281 2903 418 2948 Parr.
451 2904 546 2948 rell.

1392 2973 1452 3016 6*
