2020 3122
82 1014 135 1054 10

81 1382 135 1422 15

79 1751 134 1790 20

81 2118 136 2157 25

78 2487 134 2526 30

169 131 239 183 58
848 143 883 178 s.
908 144 1183 179 AUGUSTINI

860 295 1056 350 CAPUT
1089 296 1155 351 V.

167 389 244 437 De
283 389 695 449 obscenitatibus,
743 390 925 450 quibus
970 395 1135 439 mater
1173 391 1320 439 deum
1359 403 1392 438 a
1431 390 1710 439 cultoribus
1748 393 1857 440 suis·

827 464 1191 513 honorabatur.

317 563 636 629 Nequaquam
690 567 833 632 istoS,
889 567 973 630 qui
1019 565 1424 631 flagitiosissimae
1478 564 1850 615 consuetudinis

168 639 297 686 vitiis
345 637 581 688 oblectari
627 641 780 704 magis
828 654 975 704 quam
1021 639 1263 689 obluctari
1313 640 1535 706 student,
1583 639 1670 688 sed
1710 638 1850 688 illum

166 713 329 776 ipsum
360 710 584 761 Nasicam
611 712 906 779 Scipionem,
940 715 1024 777 qui
1055 714 1129 762 vir
1160 715 1374 779 optimus
1407 729 1432 762 a
1465 720 1637 763 senatu
1663 712 1850 762 electus

167 792 263 852 est,
311 788 452 835 cuius
498 786 724 836 manibus
775 787 996 836 eiusdem
1034 786 1286 836 daemonis
1326 786 1642 836 simulacrum
1683 802 1850 836 susce-

166 865 305 923 ptum
346 866 422 909 est
459 862 509 908 in
548 859 831 925 Urbemque
871 867 1179 925 pervectum,
1229 859 1411 909 habere
1452 861 1511 910 de
1551 860 1642 909 hac
1683 875 1735 909 re
1776 862 1848 909 iu-

167 932 326 982 dicem
372 933 559 982 vellem.
637 932 834 982 Diceret
880 933 1044 999 nobiS,
1095 939 1264 982 utrum
1310 940 1516 982 matrem
1563 948 1703 982 suam
1751 939 1852 983 tam

167 1008 349 1071 optime
398 1006 458 1055 de
505 1022 559 1055 re
598 1005 793 1071 publica
833 1006 980 1055 vellet
1018 1008 1226 1073 mereri,
1265 1014 1321 1056 ut
1359 1008 1405 1056 ei
1444 1006 1596 1056 divini
1634 1007 1850 1056 honores

167 1078 578 1145 decernerentur3
619 1081 747 1129 sicut
779 1086 827 1129 et
859 1079 1072 1129 Graecos
1113 1086 1162 1130 et
1194 1080 1439 1129 Romanos
1479 1081 1693 1145 aliasque
1735 1096 1850 1145 gen-

165 1160 240 1202 tes
273 1160 466 1203 constat
497 1152 791 1217 quibusdam
831 1154 1108 1203 decrevisse
1141 1153 1453 1220 mortalihuS,
1493 1169 1704 1219 quorum
1736 1169 1852 1219 erga

168 1242 220 1275 se
274 1226 513 1276 beneficia
575 1227 1037 1293 magnipenderant,
1102 1243 1285 1292 eosque
1347 1226 1633 1277 inmortales
1695 1227 1851 1277 factos

168 1306 313 1364 atque
364 1303 415 1349 in
478 1300 684 1350 deorum
747 1316 1010 1350 numerum
1063 1308 1291 1366 receptos
1354 1316 1461 1350 esse
1525 1300 1850 1350 crediderant.

167 1373 396 1423 Profecto
429 1373 510 1423 ille
550 1380 736 1423 tantam
770 1374 1054 1423 felicitatem
1094 1390 1211 1423 suae
1243 1376 1403 1441 matri,
1442 1376 1484 1423 si
1523 1375 1631 1423 fieri
1669 1381 1852 1441 posset,

168 1453 373 1512 optaret.
435 1446 591 1496 Porro
625 1449 672 1496 si·
698 1447 757 1496 ab
789 1447 872 1496 illo
904 1447 1081 1497 deinde
1115 1463 1482 1515 quaereremuS,
1520 1455 1690 1498 utrum
1719 1450 1851 1498 inter

169 1522 274 1570 eius
314 1520 503 1570 divinos
541 1521 756 1570 honores
789 1521 932 1571 vellet
971 1521 1050 1570 illa
1088 1523 1253 1587 turpia
1292 1521 1554 1571 celebrari:
1593 1537 1756 1570 nonne
1798 1537 1850 1571 se

168 1594 309 1643 malle
334 1594 581 1660 clamaret,
620 1602 676 1644 ut
701 1610 789 1644 sua
819 1601 976 1644 mater
1016 1597 1121 1644 sine
1162 1595 1260 1644 ullo
1302 1611 1451 1644 sensu
1492 1602 1683 1644 mortua
1723 1598 1848 1644 iace-

168 1674 265 1735 ret,
313 1683 458 1732 quam
507 1668 564 1716 ad
611 1668 704 1717 hoc
753 1667 843 1717 dea
888 1670 1096 1736 viveret,
1144 1676 1199 1718 ut
1248 1668 1328 1717 illa
1368 1668 1579 1718 libenter
1619 1665 1850 1725 audiret?

168 1740 319 1809 Absit,
358 1748 413 1791 ut
459 1749 657 1790 senator
695 1742 864 1807 populi
903 1742 1109 1791 Romani
1150 1757 1205 1791 ea
1244 1749 1408 1791 mente
1447 1743 1714 1809 praedituS,
1755 1757 1851 1807 qua

165 1815 414 1864 theatrum
447 1815 693 1864 aedificari
730 1817 781 1864 in
821 1815 945 1865 urbe
978 1817 1182 1865 fortium
1213 1818 1433 1865 virorum
1463 1814 1737 1882 prohibuit,
1777 1818 1853 1865 sic

165 1887 310 1938 vellet
335 1888 430 1937 coli
454 1895 659 1938 matrem
693 1903 846 1955 suam,
878 1896 933 1938 ut
963 1889 1142 1938 talibus
1176 1889 1265 1939 dea
1298 1891 1450 1938 sacris
1481 1891 1849 1956 propitiaretur,

166 1962 391 2026 qualibus
446 1968 667 2011 matrona
723 1962 884 2011 verbis
946 1962 1293 2012 offenderetur.
1377 1962 1478 2012 Nec
1540 1963 1641 2012 ullo
1703 1963 1847 2012 modo

167 2035 392 2084 crederet
423 2037 770 2085 verecundiam
809 2035 1063 2086 laudabilis
1102 2037 1310 2086 feminae
1350 2038 1418 2085 ita
1460 2038 1512 2085 in
1546 2038 1848 2088 contrarium

169 2109 419 2158 divinitate
475 2111 677 2174 mutari,
732 2115 788 2158 ut
841 2109 1112 2158 honoribus
1168 2126 1274 2158 eam
1325 2110 1503 2159 talibus
1554 2109 1850 2159 advocarent

167 2182 384 2231 cultores
409 2184 501 2248 sui,
539 2182 765 2247 qualibus
798 2185 1031 2232 conviciis
1063 2185 1114 2232 in
1139 2185 1418 2248 quempiam
1458 2183 1695 2250 iaculatiS,
1735 2198 1848 2232 cum

166 2257 296 2304 inter
326 2255 551 2304 homines
574 2257 775 2322 viveret,
813 2258 908 2306 nisi
932 2272 1077 2306 aures
1116 2256 1367 2306 clauderet
1406 2271 1613 2320 seseque
1654 2256 1846 2306 subtra-

165 2329 327 2395 heret,
383 2328 735 2378 erubescerent
783 2345 872 2394 pro
919 2330 999 2379 illa
1044 2337 1096 2394 et
1141 2331 1407 2395 propinqui
1454 2336 1502 2379 et
1551 2331 1757 2379 maritus
1798 2335 1847 2378 et

165 2402 320 2451 liberi.
383 2402 595 2451 Proinde
636 2403 746 2452 talis
786 2410 942 2452 mater
982 2404 1141 2465 deum,
1183 2403 1377 2468 qualem
1415 2402 1597 2452 habere
1639 2409 1847 2453 matrem

165 2475 375 2540 puderet
422 2475 689 2540 quemlibet
738 2479 882 2526 etiam
928 2479 1198 2542 pessimum
1246 2479 1426 2543 virum,
1474 2476 1716 2525 Romanas
1765 2492 1844 2526 oc-

142 2557 402 2614 cupatura
456 2555 646 2598 mentes
702 2552 941 2614 quaesivit
995 2553 1234 2615 optimum
1275 2552 1479 2615 virum,
1542 2565 1641 2598 non
1699 2565 1847 2614 quem

166 2622 409 2671 monendo
450 2629 499 2671 et
538 2623 807 2672 adiuvando
847 2624 1046 2690 faceret,
1086 2623 1169 2672 sed
1213 2638 1359 2688 quem
1398 2623 1608 2672 fallendo
1650 2623 1843 2688 decipe-

165 2703 262 2762 ret,
311 2698 355 2745 ei
395 2696 565 2745 similis
613 2697 672 2746 de
714 2713 809 2762 qua
848 2699 1088 2762 scriptum
1128 2704 1223 2746 est:
1272 2697 1460 2746 Mulier
1501 2702 1667 2746 autem
1709 2699 1842 2747 viro-

285 2872 339 2910 14
369 2881 560 2912 numero
594 2868 637 2911 A
660 2870 676 2925 ss
701 2873 754 2911 29
789 2868 977 2912 deorum
1009 2867 1178 2911 A²KF
