2020 3122
143 927 195 966 10

140 1294 192 1332 15

139 2026 193 2066 25

229 133 333 185 146
905 140 940 174 s,
964 139 1238 174 Auenszrm1

228 272 351 321 quae
404 256 506 305 suis
555 253 862 318 temporibus
911 253 1107 302 insolite
1156 251 1451 317 acciderint,
1505 265 1596 314 per
1643 249 1734 300 alia
1774 256 1913 302 retro

227 339 449 395 tempora
495 328 718 377 accidere
759 342 858 375 non
897 326 1081 393 solere,
1128 339 1399 388 eorumque
1440 325 1724 388 opinionem
1763 326 1911 375 etiam

226 404 318 470 his,
359 405 443 468 qui
483 417 589 451 eam
614 400 783 450 salsam
809 415 916 450 esse
956 405 1216 465 noverunt,
1254 403 1311 447 ut
1349 396 1611 446 adversum
1649 413 1740 448 nos
1778 399 1910 448 iusta

227 491 482 526 murmura
520 474 704 524 habere
753 474 1035 539 videantur,
1085 487 1201 521 suae
1243 472 1478 520 scientiae
1518 470 1910 522 dissimulatione

227 549 561 615 firmantibus:
600 548 659 598 de
684 547 838 614 libris,
879 562 1002 612 quos
1035 553 1263 595 auctores
1303 559 1477 594 eorum
1516 545 1575 594 ad
1608 560 1911 610 cognoscen-

229 624 339 673 dam
387 624 770 688 praeteritorum
823 629 1102 685 temporum
1155 618 1412 668 historiam
1458 621 1724 669 memoriae
1774 635 1911 668 man·

228 697 488 762 daverunt,
535 696 678 760 longe
726 695 867 743 aliter
914 708 1020 742 esse
1070 707 1214 756 quam
1252 698 1429 757 putant
1467 692 1906 743 demonstrandum

229 771 322 820 fuit
362 778 411 820 et
451 769 595 819 simul
634 768 908 817 docendum
950 766 1066 814 deos
1106 765 1270 832 falsoS‚
1309 780 1433 831 quos
1472 765 1549 815 vel
1587 767 1745 832 palam
1784 767 1911 816 cole-

231 844 350 893 bant
394 843 471 892 vel
518 842 708 891 occulte
764 841 922 890 adhuc
969 839 1160 906 colunt,
1215 854 1300 888 eos
1347 855 1456 888 esse
1507 841 1913 891 inmundissimos

229 919 432 982 spiritus
465 923 514 965 et
552 915 928 980 malignissimos
968 928 1024 962 ac
1055 912 1393 962 fallacissimos
1433 913 1712 981 daemonem,
1749 929 1911 980 usque

227 992 362 1056 eadee,
400 996 456 1039 ut
494 995 578 1038 aut
615 989 744 1037 veris
778 994 861 1037 aut
899 987 1026 1036 fictis
1066 988 1228 1053 etiam,
1268 988 1371 1036 suis
1411 992 1575 1037 tamen
1615 987 1906 1038 criminibus

227 1063 555 1128 delectentur,
602 1077 726 1125 quae
774 1061 869 1110 sihi
916 1059 1155 1110 celebrari
1199 1076 1291 1126 per
1339 1075 1426 1110 sua
1466 1061 1591 1110 festa
1627 1061 1908 1130 voluerunt,

225 1144 281 1186 ut
334 1152 360 1185 a
411 1136 756 1202 perpetrandis
811 1133 1169 1184 damnabilibus
1225 1135 1367 1184 factis
1419 1134 1633 1184 humana
1686 1138 1909 1185 revocari

226 1226 324 1259 non
361 1211 518 1274 possit
553 1210 833 1271 infirmitas,
890 1209 1006 1258 dum
1045 1208 1106 1257 ad
1144 1208 1266 1258 haec
1304 1208 1538 1258 imitanda
1577 1209 1711 1259 velut
1749 1209 1911 1259 divina

224 1283 491 1349 praebetur
515 1285 794 1332 auctoritas.
870 1281 1002 1331 Haec
1027 1298 1124 1331 non
1166 1298 1226 1332 ex
1258 1289 1427 1332 nostra
1467 1285 1750 1332 coniectura
1789 1298 1903 1349 pro·

225 1357 460 1423 bavimus‚
499 1356 584 1406 sed
623 1359 802 1421 partim
843 1371 902 1405 ex
940 1358 1130 1406 recenti
1169 1357 1419 1422 memoria,
1461 1358 1574 1421 quia
1614 1364 1663 1406 et
1701 1359 1796 1423 ipsi
1834 1359 1904 1406 vi-

226 1432 386 1480 dimus
433 1430 546 1479 talia
585 1446 639 1479 ac
678 1430 859 1479 talibus
898 1430 1185 1480 numinibus
1225 1429 1467 1497 exhiheri,
1513 1432 1694 1495 partim
1733 1446 1793 1480 ex
1830 1430 1908 1481 lit-

225 1506 346 1553 teris
387 1519 581 1570 eorum,
622 1506 706 1569 qui
745 1519 844 1553 non
883 1510 1133 1569 tamquam
1171 1506 1223 1553 in
1262 1504 1625 1571 contumeliam,
1664 1504 1750 1554 sed
1790 1511 1910 1555 tam-

228 1593 373 1642 quam
403 1580 454 1626 in
485 1578 724 1626 honorem
756 1578 963 1627 deorum
1003 1593 1209 1627 suorum
1247 1579 1340 1628 ista
1380 1580 1659 1643 conscripta
1696 1580 1912 1643 posteris

226 1651 549 1717 reliquerunt,
587 1653 654 1700 ita
685 1659 740 1700 ut
771 1653 845 1700 vir
890 1652 1205 1702 doctissimus
1237 1651 1365 1716 apud
1405 1667 1490 1701 eos
1521 1651 1675 1700 Varro
1716 1659 1765 1701 et
1803 1667 1911 1716 gra-

227 1726 448 1773 vissimae
497 1727 824 1791 auctoritatiS‚
875 1741 989 1775 cum
1028 1741 1198 1775 rerum
1235 1725 1564 1775 humanarum
1603 1732 1748 1790 atque
1789 1725 1908 1775 divi-

225 1813 400 1847 narum
439 1798 725 1863 dispertitos
757 1799 942 1849 faceret
979 1799 1150 1866 libros,
1189 1799 1310 1848 alios
1348 1799 1592 1866 humaniS‚
1631 1798 1750 1848 alios
1790 1798 1908 1848 divi·

225 1873 300 1920 nis
339 1887 429 1936 pro
471 1887 557 1920 sua
598 1874 837 1937 cuiusque
870 1874 943 1922 rei
975 1872 1212 1938 dignitate
1253 1872 1558 1922 distribuens
1597 1888 1697 1922 non
1738 1872 1910 1922 saltem

226 1946 275 1992 in
324 1944 474 1994 rebus
525 1945 775 2013 humaniS,
830 1947 915 1995 sed
964 1949 1015 1996 in
1066 1946 1217 1997 rebus
1258 1947 1435 1996 divinis
1474 1946 1617 1997 ludos
1657 1947 1910 1996 scaenicos

226 2025 455 2084 poneret,
510 2034 623 2067 cum
677 2021 870 2086 utique,
932 2022 974 2069 si
1036 2020 1375 2070 tantummodo
1421 2019 1541 2069 honi
1606 2027 1656 2070 et
1708 2020 1905 2069 honesti

226 2091 450 2140 homines
504 2093 555 2140 in
610 2094 805 2142 civitate
859 2101 1051 2161 essent,
1105 2110 1198 2144 nec
1243 2096 1295 2143 in
1342 2093 1492 2143 rebus
1539 2093 1766 2144 humanis
1803 2093 1909 2143 ludi

230 2166 441 2213 scaenici
489 2180 596 2214 esse
644 2165 943 2216 debuissent.
1021 2168 1164 2226 Quod
1214 2168 1438 2233 profecto
1478 2182 1577 2216 non
1617 2168 1909 2216 auctoritate

228 2253 315 2286 sua
355 2238 492 2304 fecit,
540 2238 626 2287 sed
674 2242 902 2304 quoniam
951 2257 1035 2290 eos
1073 2241 1257 2291 Romae
1305 2248 1450 2291 natus
1492 2247 1542 2290 et
1581 2240 1819 2290 educatus
1857 2242 1910 2289 in

229 2311 405 2360 divinis
462 2311 612 2361 rebus
665 2315 864 2363 invenit.
940 2313 1004 2364 Et
1055 2317 1287 2380 quoniam
1339 2317 1391 2366 in
1441 2315 1538 2364 fine
1588 2316 1737 2380 primi
1781 2312 1911 2381 libri,

142 2395 199 2435 30
232 2400 355 2449 quae
396 2385 628 2451 deinceps
682 2387 887 2436 dicenda
943 2396 1133 2450 essent,
1187 2388 1406 2439 breviter
1453 2389 1710 2453 posuimus
1761 2393 1811 2436 et
1850 2401 1910 2436 ex

226 2458 303 2507 his
344 2458 582 2523 quaedam
619 2461 671 2508 in
711 2460 904 2510 duobus
944 2462 1362 2527 consequentibus
1402 2462 1636 2528 diximUS,
1685 2467 1909 2526 expecta—

228 2534 351 2581 tioni
389 2531 657 2596 legentium
697 2549 821 2598 quae
860 2542 1050 2584 restant
1087 2535 1336 2586 reddenda
1376 2537 1732 2601 cognoscimus,

348 2709 369 2746 1
404 2704 657 2748 acciderint
686 2703 808 2759 KR·
847 2705 1112 2750 acciderent
1142 2707 1213 2760 A‚·
1256 2706 1527 2751 acciderunt
1557 2720 1583 2750 v
1631 2708 1646 2763 u
1692 2711 1718 2750 3
1748 2705 1806 2749 iis
1837 2718 1863 2749 v
1893 2704 1911 2763 Η

226 2761 397 2806 iustum
427 2777 635 2806 murmur
666 2764 710 2806 A
