2020 3122
588 147 655 178 DE
680 147 918 180 (ΠἮΤΑΤΕ
941 150 1030 182 DEI
1053 150 1096 184 L.
1122 151 1227 184 vm.
1254 151 1290 184 c,
1315 155 1369 186 10.
1725 142 1830 195 335

149 259 377 309 mundus
454 258 759 309 Admonetur
808 262 938 309 enim
983 270 1246 327 praecepto
1294 265 1560 329 apostolico
1600 266 1829 316 fideliter-

150 349 245 398 que
287 332 421 382 audit
468 333 599 397 quod
640 332 828 382 dictum
867 340 966 382 est:
1020 336 1198 385 Cavete
1237 353 1299 387 ne
1337 341 1448 399 quis
1486 354 1570 388 vos
1609 342 1834 403 decipiat

142 422 242 470 per
282 409 647 469 philosophiam
695 414 743 456 et
789 409 990 456 inanem
1035 411 1374 459 seductionem
1420 415 1695 462 seeundum
1735 418 1828 464 ele-

148 487 316 530 menta
370 483 557 530 mundi.
642 479 828 529 Deinde
878 495 940 528 ne
993 495 1163 530 omnes
1213 483 1334 532 tales
1385 500 1493 534 esse
1548 486 1829 554 arbitretur,

148 554 284 604 audit
330 553 389 602 ab
441 554 614 603 eodem
662 553 882 618 apostolo
923 554 1020 602 dici
1060 554 1119 602 de
1161 556 1474 619 quibusdam:
1528 561 1657 618 Quia
1697 564 1832 621 quod

147 635 318 678 notum
357 635 431 678 est
468 629 589 690 Dei,
637 627 957 690 manifestum
1005 635 1079 677 est
1116 631 1168 677 in
1209 632 1335 687 illis;
1386 632 1522 681 Deus
1562 636 1691 682 enim
1732 638 1828 683 illis

146 701 500 764 manifestavit.
572 703 854 751 Invisibilia
879 704 1010 750 enim
1048 704 1157 750 eius
1197 717 1230 751 a
1268 707 1618 755 constitutione
1656 711 1832 757 mundi

140 791 239 839 per
278 792 354 837 ea,
394 791 524 838 quae
557 775 705 838 faeta
743 782 882 842 sunt,
922 778 1175 825 intellecta
1215 780 1614 844 conspiciuntur,
1652 784 1826 842 sempi-

148 856 296 900 terna
335 865 532 912 quoque
569 853 730 899 virtus
769 852 877 899 eius
915 855 964 898 et
1002 851 1260 911 divinitas,
1312 858 1360 900 et
1398 851 1484 900 ubi
1522 852 1828 902 Atheniensi·

147 923 240 973 bus
278 924 508 990 loquens,
556 938 669 973 cum
716 938 822 971 rem
870 937 1093 987 magnam
1133 923 1194 972 de
1234 924 1334 974 Deo
1374 925 1578 974 dixisset
1617 934 1666 975 et
1705 942 1827 991 quae

147 1013 172 1046 a
211 1000 381 1062 paucis
427 999 584 1062 possit
622 997 863 1064 intellegi,
911 997 1042 1060 quod
1083 1000 1134 1046 in
1176 1001 1257 1048 illo
1297 1002 1524 1058 vivimuS,
1576 1014 1829 1050 movemur

147 1078 197 1121 et
231 1081 415 1133 samua,
455 1071 632 1121 adiecit
657 1077 706 1120 et
744 1073 832 1120 ait:
872 1071 1019 1120 Sicut
1048 1077 1098 1119 et
1135 1075 1290 1121 vestri
1326 1075 1531 1133 quidam
1571 1076 1826 1123 dixerunt.

145 1145 289 1195 Novit
343 1161 459 1194 sane
514 1147 661 1195 etiam
713 1147 870 1211 iPSOS,
924 1146 976 1192 in
1023 1144 1202 1208 quibus
1251 1153 1439 1212 errant,
1495 1162 1688 1213 cavere3
1742 1147 1828 1196 ubi

146 1221 277 1268 enim
309 1219 496 1268 dictum
528 1226 618 1285 est,
657 1219 788 1283 quod
820 1233 911 1283 per
950 1233 1020 1284 ea,
1061 1233 1184 1282 quae
1226 1220 1352 1268 facta
1391 1227 1520 1287 sunt,
1559 1220 1690 1269 Deus
1729 1221 1824 1270 illis

128 1293 473 1342 >manifestavit
532 1292 787 1342 intellectu
850 1292 1198 1356 conspicienda
1268 1293 1528 1342 invisibilia
1590 1310 1699 1344 sua:
1760 1294 1828 1343 ibi

145 1369 291 1416 etiam
346 1367 532 1416 dictum
586 1374 662 1416 est
714 1381 814 1415 non
853 1366 961 1415 illos
1000 1367 1164 1430 ipsum
1212 1366 1368 1416 Deum
1415 1374 1550 1416 recte
1603 1368 1827 1434 coluisse,

145 1442 259 1504 quia
291 1447 340 1490 et
371 1440 478 1490 aliis
509 1439 676 1506 rebuS,
715 1439 896 1504 quibus
935 1455 1034 1488 non
1074 1440 1347 1506 oportebat,
1387 1441 1576 1490 divinos
1614 1441 1827 1490 honores

142 1513 212 1563 illi
250 1516 338 1564 uni
368 1522 559 1564 tantum
599 1514 792 1563 debitos
832 1513 1139 1563 detulerunt:
1188 1516 1433 1574 Quoniam
1472 1522 1827 1576 coynoscentes

144 1589 304 1638 Deum
350 1603 450 1638 non
496 1591 630 1638 sicut
674 1589 836 1638 Deum
878 1591 1303 1649 qlorificaverunt
1348 1595 1439 1638 aut
1471 1592 1674 1650 ,qratias
1714 1604 1823 1650 eye-

143 1668 278 1723 runt,
316 1665 410 1712 sed
430 1668 746 1712 evanuerunt
771 1665 823 1711 in
855 1664 1245 1723 eoqitationibus
1274 1666 1380 1711 suis
1419 1668 1468 1712 et
1504 1664 1825 1712 obscuratum

144 1742 218 1785 est
255 1739 495 1799 insipiens
541 1751 633 1785 eor
682 1751 870 1786 eorum.
948 1736 1184 1785 Dicentes
1224 1739 1354 1785 enim
1392 1752 1446 1786 se
1485 1752 1591 1786 esse
1628 1739 1823 1798 sapien-

144 1816 222 1859 tes
253 1809 560 1871 stultifacti
594 1816 714 1859 sunt
759 1816 808 1859 et
845 1813 1223 1858 inmutaverunt
1257 1813 1477 1871 qloriam
1517 1812 1823 1872 incorrupti-

143 1884 255 1933 bilis
294 1885 394 1933 Dei
441 1887 493 1932 in
538 1886 914 1933 similitudinem
953 1885 1189 1944 imayinis
1228 1885 1573 1946 corruptibilis
1611 1886 1823 1933 hominis

143 1963 194 2007 et
228 1960 489 2007 voluerum
529 1963 578 2006 et
614 1959 1002 2019 quadrupedum
1041 1963 1090 2006 et
1125 1960 1434 2019 serpentium
1442 1975 1462 2016 ;
1515 1956 1601 2006 ubi
1642 1963 1690 2005 et
1728 1956 1822 2004 Ro-

143 2045 312 2080 manos
353 2038 402 2080 et
442 2030 654 2079 Graecos
695 2037 745 2079 et
774 2030 1053 2096 AegyptiOS,
1093 2032 1178 2094 qui
1217 2031 1277 2079 de
1318 2033 1585 2095 sapientiae
1625 2031 1821 2079 nomine

143 2103 334 2168 gloriati
374 2111 512 2170 sunt,
558 2105 675 2153 fecit
722 2104 955 2168 intellegi.
983 2115 995 2124 ·
1035 2103 1130 2152 Sed
1179 2104 1240 2153 de
1279 2104 1374 2153 hoc
1414 2119 1527 2153 cum
1565 2105 1673 2153 istis
1711 2110 1824 2168 post

141 2178 343 2227 modum
393 2177 767 2243 disputabimus,
843 2177 898 2226 In
951 2192 1049 2242 quo
1101 2185 1265 2227 autem
1315 2177 1458 2227 nobis
1509 2179 1823 2226 consentiunt

143 2251 203 2300 de
255 2266 356 2301 uno
412 2251 511 2301 Deo
551 2251 698 2301 huius
737 2252 1070 2300 universitatis
1121 2258 1348 2316 auctore,
1396 2253 1479 2315 qui
1526 2266 1625 2299 non
1665 2250 1822 2299 solum

143 2339 292 2390 super
330 2327 493 2374 omnia
533 2340 739 2390 corpora
779 2331 854 2374 est
892 2327 1238 2392 incorporeuS,
1276 2340 1449 2374 verum
1489 2326 1632 2373 etiam
1673 2337 1822 2387 super

143 2413 312 2448 omnes
351 2401 536 2448 animas
574 2398 988 2464 incorruptibiliS,
1027 2400 1326 2464 principium
1364 2405 1616 2461 nostrum,
1654 2397 1819 2444 lumen

142 2478 381 2533 nostrum,
420 2472 606 2522 bonum
638 2480 878 2538 nostrum,
916 2474 968 2521 in
999 2471 1093 2521 hoc
1126 2488 1211 2522 eos
1245 2474 1423 2521 ceteris
1463 2470 1816 2534 anteponimus

143 2543 266 2612 Nec,
305 2549 347 2596 si
392 2547 582 2595 litteras
629 2562 800 2596 eorum
843 2545 1149 2595 Christianus
1189 2548 1420 2610 ignorans
1458 2542 1646 2607 verhiS,
1694 2555 1816 2604 quae

144 2633 242 2667 non
267 2619 470 2693 didicit,
516 2622 568 2669 in
608 2621 938 2685 disputatione
978 2634 1077 2668 non
1116 2621 1299 2684 utitur,
1337 2624 1393 2666 ut
1430 2616 1506 2664 vel
1545 2613 1817 2663 naturalem

141 2675 310 2742 Latine
350 2693 426 2742 vel
463 2693 715 2758 physicam
755 2693 939 2742 Graece
980 2692 1190 2757 appellet
1230 2706 1335 2740 eam
1373 2695 1586 2755 partem,
1631 2689 1682 2734 in
1722 2701 1815 2750 qua

144 2882 165 2920 1
216 2822 305 2921 214)
332 2819 428 2864 Col.
456 2825 496 2877 2,
515 2825 556 2865 8.
619 2822 662 2877 9)
687 2821 818 2865 Rom.
845 2825 885 2877 1,
915 2825 967 2864 19
994 2834 1060 2875 sq.
1125 2821 1197 2874 12)
1222 2819 1323 2861 Act.
1353 2821 1420 2871 17,
1448 2820 1519 2860 28.
1581 2814 1654 2868 24)
1685 2812 1815 2856 Rom.

172 2912 183 2933 ²
306 2892 402 2934 sqq·

1860 570 1886 611 5

1863 938 1916 977 10

1861 1303 1914 1344 15

1857 1671 1912 1711 20

1853 2037 1908 2078 25

1851 2404 1908 2443 30
