2020 3122
507 135 509 139 ·
581 130 648 162 DE
672 128 911 163 CIVITATE
935 130 1024 162 Dm
1047 130 1089 163 L.
1115 130 1220 163 xm.
1246 130 1283 164 c.
1308 132 1361 164 24.
1716 120 1822 173 597

139 249 198 292 ut
229 240 431 291 adderet
463 244 611 307 vitae,
652 255 765 290 cum
804 240 1009 290 dixisset
1045 244 1310 304 spiritum?
1359 241 1454 291 Sed
1494 242 1823 307 intellegimus

140 318 363 364 animam
402 317 641 364 viventem
691 321 741 363 et
777 316 1010 377 spiritum
1049 317 1183 364 vitae
1222 317 1515 380 scripturam
1557 331 1646 365 suo
1687 332 1822 364 more

139 388 345 454 dixisse,
395 403 508 437 cum
548 387 795 451 animalia,
845 387 894 436 id
935 396 1009 437 est
1049 389 1257 437 animata
1298 404 1530 455 corpora,
1569 389 1713 438 vellet
1751 392 1821 438 in-

141 461 329 527 tellegi,
375 461 556 526 quibus
603 464 793 510 inesset
831 476 921 526 per
962 463 1169 510 animam
1210 464 1503 527 perspicuus
1542 465 1634 512 iste
1675 465 1820 512 etiam

141 537 364 600 corporis
412 551 603 585 sensus.
680 535 734 583 In
783 534 995 583 hominis
1042 543 1204 584 autem
1255 536 1532 585 conditione
1580 535 1820 585 oblivisci·
1854 546 1880 586 5

139 624 274 670 mur,
322 624 468 673 quem
524 608 582 658 ad
623 607 823 657 modum
870 608 1005 672 loqui
1052 610 1296 673 scriptura
1336 612 1671 676 consueverit,
1711 625 1824 659 cum

139 698 230 732 suo
286 698 492 747 prorsus
546 698 684 732 more
738 682 900 731 locuta
960 683 1044 748 sit,
1099 697 1196 746 quo
1250 684 1523 731 insinuaret
1575 683 1822 732 hominem

140 758 286 805 etiam
342 756 566 805 rationali
623 757 780 805 anima
836 762 1057 821 accepta,
1110 770 1255 820 quam
1302 771 1399 804 non
1448 758 1576 804 sicut
1622 756 1823 805 aliarum

139 831 363 879 carnium
396 832 535 895 aquis
568 838 617 879 et
649 837 781 879 terra
813 829 1218 895 producentibus,
1259 828 1344 877 sed
1379 829 1476 877 Deo
1509 829 1655 878 flante
1690 844 1821 878 crea-

139 911 238 952 tam
277 903 432 953 voluit
463 904 697 970 intellegi,
737 906 808 952 sic
847 911 1011 954 tamen
1051 903 1249 969 factum,
1289 909 1344 951 ut
1383 905 1432 950 in
1474 918 1680 967 corpore
1721 904 1820 951 ani·
1857 912 1911 952 10

137 977 277 1043 mali,
334 977 463 1042 quod
514 979 568 1026 tit
620 979 777 1026 anima
824 979 874 1026 in
926 991 983 1025 eo
1033 978 1250 1042 vivente,
1305 978 1434 1025 sicut
1479 975 1558 1024 illa
1599 975 1824 1024 animalia

139 1053 346 1117 viveret,
396 1051 454 1100 de
505 1051 684 1115 quibus
724 1051 866 1100 dixit:
916 1052 1179 1100 Producat
1217 1057 1360 1099 terra
1401 1053 1620 1099 {mimam
1660 1053 1821 1099 viven-

139 1132 257 1185 tem,
306 1131 356 1174 et
394 1140 518 1189 quae
565 1125 734 1174 itidem
783 1124 904 1174 dixit
955 1123 1183 1173 habuisse
1223 1125 1274 1171 in
1316 1139 1366 1172 se
1409 1125 1633 1188 spiritum
1677 1125 1820 1188 vitae3

138 1197 225 1247 uhi
280 1200 427 1247 etiam
480 1201 531 1247 in
571 1197 756 1247 Graeco
805 1213 903 1246 non
951 1197 1073 1246 dixit
1118 1201 1326 1263 πνεῦμα,
1373 1197 1459 1246 sed
1497 1193 1684 1282 πνοήνς
1724 1212 1822 1245 non

138 1273 309 1336 utique
353 1272 590 1336 Spiritum
638 1278 886 1338 sanctum,
936 1271 1020 1320 sed
1070 1286 1242 1320 eorum
1290 1273 1498 1319 animam
1538 1270 1621 1320 tall
1662 1272 1820 1335 expri-
1858 1279 1910 1320 15

138 1354 279 1394 mens
319 1348 531 1395 nomine.

289 1419 384 1468 Sed
425 1421 555 1468 enim
596 1418 682 1467 Dei
722 1419 888 1485 ssatuS,
936 1419 1190 1484 inquiunt,
1230 1417 1318 1466 Dei
1358 1432 1443 1466 ore
1485 1419 1643 1466 exisse
1683 1416 1823 1466 intel-

138 1491 333 1559 legitur,
374 1508 520 1556 quem
553 1494 594 1540 si
627 1493 835 1541 animam
869 1491 1240 1556 crediderimus,
1272 1506 1581 1554 consequens
1622 1493 1730 1556 erit,
1770 1499 1825 1540 ut

139 1565 361 1615 eiusdem
397 1567 637 1615 fateamur
662 1581 771 1614 esse
803 1564 1105 1614 substantiae
1139 1572 1427 1629 partemque
1459 1564 1592 1613 illius
1632 1566 1821 1628 sapien-

139 1641 262 1706 tiae,
302 1655 425 1703 quae
466 1639 606 1688 dicit:
654 1640 762 1700 qu
802 1654 867 1689 ex
907 1654 995 1688 ore
1033 1639 1274 1687 Altissimz'
1305 1640 1492 1700 prodii.
1569 1637 1676 1685 Non
1717 1639 1821 1701 qui·
1856 1647 1912 1686 20

139 1712 251 1762 dem
307 1712 429 1762 dixit
476 1714 711 1778 sapientia
767 1727 852 1760 ore
900 1711 987 1760 Dei
1034 1711 1247 1760 efflatam
1295 1726 1347 1759 se
1396 1711 1572 1776 fuisse,
1625 1710 1708 1758 sed
1762 1726 1823 1759 ex

139 1788 246 1835 eius
301 1802 386 1835 ore
438 1786 678 1851 prodisse.
756 1785 895 1834 Sicut
949 1792 1111 1834 autem
1161 1799 1249 1832 nos
1299 1799 1563 1848 possumus
1615 1799 1712 1832 non
1761 1785 1820 1833 de

140 1866 308 1909 nostra
348 1866 552 1924 natura,
593 1874 686 1923 qua
725 1858 950 1907 homines
990 1873 1176 1924 sumuS,
1216 1857 1301 1906 sed
1341 1857 1401 1906 de
1440 1859 1535 1906 isto
1576 1873 1688 1906 aere
1729 1859 1820 1906 cir-

140 1934 390 1998 cumfuso,
436 1947 584 1996 quem
632 1931 862 1996 spirando
911 1947 966 1980 ac
1012 1931 1300 1995 respirando
1351 1930 1578 1979 ducimus
1618 1946 1673 1979 ac
1713 1930 1820 1979 red-

139 2006 317 2072 dimus,
355 2006 523 2055 flatum
564 2006 726 2054 facere
767 2020 881 2054 cum
920 2004 1195 2054 sufflamus:
1234 2006 1300 2053 ita
1340 2006 1651 2069 omnipotens
1692 2004 1822 2053 Deus
1855 2012 1910 2052 25

139 2095 239 2128 non
279 2079 338 2128 de
380 2094 466 2128 sua
515 2086 687 2128 natura
737 2093 896 2142 neque
938 2077 1211 2127 subiacenti
1251 2084 1499 2143 creatura,
1549 2077 1635 2126 sed
1677 2079 1822 2126 etiam

140 2153 201 2202 de
241 2152 392 2202 nihilo
432 2153 594 2217 potuit
633 2153 793 2201 facere
834 2151 1023 2217 flatum,
1076 2166 1224 2215 quem
1264 2152 1461 2216 corpori
1499 2151 1711 2200 hominis
1750 2153 1822 2199 in-

142 2226 352 2275 serendo
399 2227 667 2290 inspirasse
716 2224 791 2273 vel
841 2225 1119 2274 insufflasse
1161 2225 1621 2273 convenientissime
1662 2225 1822 2273 dictus

141 2307 232 2366 est,
270 2302 595 2365 incorporeus
641 2300 1012 2365 incorporeum,
1060 2298 1143 2347 sed
1184 2297 1483 2347 inmutabilis
1524 2297 1821 2362 mutabilem,

142 2375 255 2438 quia
308 2389 405 2422 non
453 2380 649 2422 creatus
701 2378 934 2421 creatum.
1011 2371 1193 2421 Verum
1234 2379 1395 2421 tamen
1437 2378 1491 2420 ut
1530 2372 1685 2419 sciant
1724 2371 1820 2436 isti,
1853 2379 1910 2419 30

260 2516 334 2570 20)
366 2513 507 2558 Eccli.
539 2517 612 2568 24,
646 2518 687 2556 3.

260 2679 286 2718 2
319 2674 426 2731 spir.
460 2674 539 2719 vit.
573 2676 621 2718 et
651 2687 723 2717 an.
755 2673 846 2717 viv.
878 2687 904 2718 v
936 2675 952 2730 ΙΙ
987 2679 1039 2718 13
1073 2673 1190 2717 dixit
1230 2672 1340 2725 VA‚·
1379 2671 1492 2716 dicit
1521 2686 1547 2715 υ
1578 2674 1594 2728 ss
1629 2676 1679 2715 19
1719 2685 1821 2727 par-

140 2734 330 2788 temque
372 2733 563 2787 VAabf;
609 2745 862 2789 paremque
894 2732 990 2776 Fev
1021 2734 1038 2785 ΙΙ
1068 2738 1124 2776 20
1155 2731 1339 2788 prodivi
1368 2744 1393 2774 v
1438 2732 1454 2787 ΙῙ
1500 2735 1556 2774 24
1595 2729 1819 2785 inspiran-

144 2792 203 2835 do
230 2806 286 2836 ac
309 2805 427 2848 resp.
463 2792 539 2847 Vll
562 2790 795 2835 reddimus
811 2791 989 2835 AFabe
1009 2792 1086 2845 (cf.
1113 2790 1206 2835 Cic.
1237 2791 1355 2835 deor.
1386 2794 1483 2833 nat.
1510 2789 1591 2842 II,
1621 2788 1655 2846 5
1686 2791 1822 2842 136);

142 2849 406 2894 reducimus
446 2850 512 2894 Vv
545 2851 561 2907 ΙΙ
590 2854 646 2893 26
676 2863 825 2905 neque
867 2849 952 2894 VA
982 2852 1112 2904 (402,
1143 2853 1250 2905 29),·
1280 2861 1428 2904 neque
1461 2847 1516 2892 de
1548 2861 1574 2891 v
