2020 3122
177 923 232 963 10

179 1408 233 1446 15

182 1806 238 1844 20

182 2173 237 2212 25

183 2541 240 2579 30

262 127 370 180 482
933 136 966 169 S.
992 136 1268 171 AUGUS'rmI

266 253 420 300 tisset.
497 249 774 298 Locutione
825 254 990 297 autem
1036 249 1222 298 dietum
1270 255 1346 298 est
1390 251 1553 298 minus
1602 252 1792 299 usitata.
1873 249 1982 304 Sic,

267 326 398 373 enim
429 323 623 372 videtur
660 337 863 371 sonare:
926 323 988 372 In
1027 327 1241 373 veritate
1279 338 1378 372 non
1416 326 1564 383 stetit,
1605 326 1725 384 quia
1765 327 1955 373 veritas

269 412 368 447 non
409 402 482 446 est
520 399 570 445 in
611 411 696 457 ea,
739 402 987 460 tamquam
1027 411 1082 445 ea
1123 399 1187 446 sit
1227 411 1396 462 causa,
1435 402 1490 444 ut
1529 398 1579 445 in
1611 398 1815 446 veritate
1856 411 1955 446 non
1998 395 2002 400 ’

269 472 481 536 steterit,
531 469 661 534 quod
714 471 764 518 in
812 484 869 518 eo
916 472 1095 519 veritas
1141 486 1240 519 non
1288 471 1375 534 sit3
1423 485 1535 518 eum
1581 471 1746 534 potius
1796 485 1852 519 ea
1891 472 1955 520 sit

271 559 432 609 eausa,
471 550 526 592 ut
557 545 608 592 in
641 558 700 591 eo
736 545 915 592 veritas
948 559 1046 592 non
1080 546 1157 609 sit7
1190 543 1320 608 quod
1352 546 1403 591 in
1435 545 1640 592 veritate
1672 559 1771 592 non
1804 546 1954 594 stetit.

269 617 367 667 Ista
421 617 603 666 locutio
662 624 740 666 est
795 623 845 665 et
897 618 948 665 in
1001 618 1210 682 psalmo:
1264 618 1373 678 qu
1428 620 1664 678 clamavi,
1720 621 1955 679 quoniam

269 693 529 742 exaudisti
557 706 635 740 me
668 692 838 748 Beus;
878 705 991 740 eum
1023 691 1286 739 dicendum
1326 691 1477 739 fuisse
1510 690 1758 740 videatur:
1795 691 1953 740 Exau-

269 765 385 814 disti
423 779 500 812 me
533 763 689 830 Beue,
733 766 965 827 quoniam
998 764 1211 813 clamavi.
1277 763 1372 812 Sed
1406 779 1518 812 eum
1550 763 1777 813 dixisset:
1814 765 1954 826 „qu

269 838 528 899 clamavi“,
569 843 823 901 tamquam
864 837 922 885 ab
964 853 1020 886 eo
1063 843 1409 903 quaereretur,
1456 837 1586 886 unde
1627 853 1680 887 se
1720 838 1953 887 clamasse

270 918 583 976 monstraret,
623 910 682 959 ab
717 911 898 959 effectu
933 911 1258 960 exauditionis
1290 911 1378 959 Dei
1418 910 1645 960 clamoris
1685 913 1761 961 sui
1791 918 1953 961 osten·

269 986 341 1034 dit
372 986 622 1050 affec-tum3
656 993 903 1047 tamquam
937 985 1144 1034 diceret:
1174 985 1331 1051 „Hine
1363 985 1568 1034 ostendo
1595 985 1829 1034 clamasse
1861 1001 1955 1051 me,

271 1061 502 1124 quoniam
543 1058 784 1106 exaudisti
824 1054 949 1106 me.“

935 1215 1130 1270 CAPUT
1161 1216 1277 1269 XV.

276 1325 409 1383 Quid
443 1325 756 1372 sentiendum
795 1326 862 1372 sii·
903 1326 967 1372 de
1006 1339 1084 1385 eo,
1132 1326 1268 1385 quod
1317 1327 1506 1374 (lictum-
1545 1331 1641 1374 est:
1688 1326 1764 1374 Ab
1813 1327 1954 1374 initio

887 1399 1116 1446 diabolus
1147 1405 1347 1460 peccat.

413 1499 534 1548 Illud
577 1502 738 1565 etiam,
782 1500 914 1564 quod
954 1502 1020 1549 ait
1059 1499 1119 1548 de
1160 1500 1354 1548 diabolo
1394 1500 1657 1550 Iohannes:
1697 1503 1772 1550 Ab
1814 1504 1956 1550 initio

272 1575 503 1623 diabolas
534 1580 734 1636 peccat,
774 1589 873 1621 non
908 1573 1214 1639 intellegunt,
1257 1576 1298 1622 si
1330 1581 1504 1623 natura
1543 1574 1652 1623 talis
1692 1582 1781 1641 est,
1821 1574 1956 1624 nullo

272 1647 416 1696 modo
468 1662 575 1695 esse
621 1654 892 1712 peceatum.
973 1647 1068 1696 Sed
1118 1647 1234 1711 quid
1282 1648 1612 1712 respondetur
1655 1648 1957 1713 propheticis

276 1722 586 1786 testimoniis,
624 1722 723 1769 sive
758 1720 889 1784 quod
922 1722 987 1769 ait
1019 1720 1186 1770 Esaias
1221 1720 1312 1770 sub
1345 1722 1551 1785 figurata
1581 1737 1791 1786 persona
1823 1724 1956 1786 prin-

277 1796 399 1860 cipis
438 1793 730 1858 Babyloniae
772 1793 1017 1842 diabolum
1056 1801 1253 1844 notans:
1307 1797 1414 1854 Quo
1453 1798 1595 1845 modo
1636 1798 1822 1845 cecidit
1858 1796 1956 1844 Lu-

278 1868 423 1929 cifer,
464 1871 553 1928 qui
582 1883 730 1917 mane
762 1869 1052 1926 oriebatur;
1092 1870 1191 1916 sive
1234 1869 1364 1932 quod
1397 1867 1694 1918 Hiezeehiel:
1735 1870 1797 1918 In
1838 1872 1956 1919 deli-
1995 1932 1997 1934 v

274 1944 368 1990 ciis
394 1943 634 2003 paradisi
663 1943 761 1991 Dei
786 1941 946 2002 fuisti,
987 1945 1122 1990 omni
1159 1945 1328 2004 lapide
1360 1945 1583 2004 pretioso
1622 1949 1834 1992 ornatas
1873 1945 1958 1992 es?

279 2014 369 2062 Ubi
419 2014 721 2078 intellegitur
770 2017 922 2063 fuisse
972 2015 1230 2079 aliquando
1272 2018 1378 2064 sine
1423 2023 1640 2080 peceato,
1716 2015 1838 2064 Nam
1878 2031 1955 2064 ex-

275 2090 496 2152 pressius
549 2090 594 2136 ei
640 2089 783 2152 paulo
837 2096 949 2152 post
988 2089 1189 2138 dieitur:
1236 2090 1520 2138 Ambulasti
1556 2093 1608 2138 in
1648 2091 1822 2138 diebus
1860 2092 1959 2138 tais

278 2164 387 2210 sine
418 2164 550 2209 vitio.
628 2161 763 2219 Quae
790 2164 831 2210 si
863 2162 1004 2210 aliter
1037 2165 1408 2212 convenientius
1441 2162 1658 2227 intellegi
1689 2169 1958 2228 nequeunt,

273 2241 470 2299 oportet
502 2236 647 2282 etiam
672 2235 807 2300 illud,
847 2235 977 2299 quod
1011 2235 1194 2284 dietum
1236 2243 1332 2285 est:
1373 2237 1434 2284 In
1473 2239 1686 2285 veritate
1724 2251 1824 2285 non
1862 2243 1955 2285 ste-

275 2311 349 2369 tit,
390 2309 460 2356 sie
501 2309 822 2373 accipiamuS‚
863 2310 991 2372 quod
1033 2311 1084 2358 in
1125 2312 1328 2358 veritate
1368 2310 1543 2374 fuerit,
1583 2309 1667 2358 sed
1708 2325 1807 2358 non
1846 2324 1955 2374 per-

275 2382 530 2446 manserit3
579 2389 628 2430 et
676 2381 820 2447 illud,
867 2383 995 2446 quod
1046 2385 1109 2432 ab
1160 2386 1301 2432 initio
1351 2384 1579 2432 diabolus
1611 2389 1819 2445 peccat,
1859 2397 1957 2432 uon

276 2454 335 2504 ab
375 2456 536 2520 initio,
578 2469 636 2502 ex
677 2470 773 2518 quo
817 2462 1010 2504 creatus
1051 2464 1147 2522 est,
1186 2471 1392 2521 peceare
1431 2456 1679 2520 putandus
1719 2464 1815 2522 est,
1871 2453 1957 2504 sed

277 2528 336 2577 ab
383 2530 522 2577 initio
576 2530 793 2593 peceati,
845 2529 975 2591 quod
1023 2529 1081 2577 ab
1128 2531 1283 2593 ipsius
1323 2529 1552 2594 superbia
1593 2531 1811 2594 coeperit
1850 2543 1956 2578 esse

392 2658 436 2709 7)
468 2656 542 2700 Ps.
580 2661 648 2709 16,
682 2661 722 2699 6.
786 2657 860 2710 21)
892 2654 1015 2699 Esai.
1052 2660 1120 2711 14,
1157 2661 1222 2698 12.
1289 2658 1362 2712 25)
1394 2656 1608 2700 Hiezeeh.
1642 2660 1714 2711 28,
1751 2662 1803 2700 13
1838 2670 1903 2711 sq.
1953 2700 1970 2704 *-

392 2809 417 2845 5
443 2770 632 2846 steterit
663 2817 688 2845 v
735 2805 750 2858 ss
799 2807 853 2845 14
886 2802 1059 2846 dietum
1102 2802 1212 2855 VA,-
1248 2802 1469 2859 seriptum
1501 2816 1526 2846 v
1571 2804 1586 2859 ΙΙ
1636 2807 1686 2846 17
1722 2804 1818 2847 nala.
1851 2801 1956 2846 talis

281 2861 371 2903 VF
402 2861 539 2905 Parr.
571 2862 712 2913 mell.‚·
744 2861 968 2905 naturalis
1000 2864 1064 2916 233
1098 2861 1307 2905 naturale
1339 2875 1363 2905 υ
