2020 3122
210 122 318 174 342
888 133 923 167 s.
948 132 1221 168 AUGUsTmr

208 248 465 295 numinum
504 246 732 295 Socrates
772 244 982 295 habebat
1020 246 1304 295 adiunctum
1345 252 1394 294 et
1433 246 1643 294 amicitia
1684 245 1893 309 quadam

209 320 543 385 conciliatum,
591 336 617 368 a
665 335 762 384 quo
802 319 1093 385 perhibetur
1132 320 1306 369 solitus
1346 318 1621 384 admoneri,
1669 324 1724 368 ut
1763 318 1890 368 desi-

209 399 363 442 steret
394 393 453 442 ab
486 393 688 459 agendo,
729 393 923 458 quando
955 394 1003 442 id
1037 393 1167 458 quod
1210 408 1354 457 agere
1394 391 1601 458 volebat,
1640 407 1739 441 non
1778 408 1890 457 pro-

210 482 352 531 spere
393 468 552 516 fuerat
593 473 912 533 eventurum3
961 467 1079 516 dicit
1118 468 1249 516 enim
1290 467 1598 530 apertissime
1639 472 1689 515 et
1728 467 1891 531 copio—

149 544 175 589 5
209 542 400 589 sissime
453 543 631 591 asserit
683 557 782 590 non
835 541 971 590 illum
1026 541 1172 590 deum
1221 541 1395 605 fuisse,
1452 539 1537 588 sed
1590 539 1891 606 daemonem,

207 614 428 679 diligenti
459 614 789 680 disputatione
823 620 1132 679 pertractans
1165 615 1308 662 istam
1333 613 1550 662 Platonis
1584 613 1644 662 de
1684 613 1889 663 deorum

207 687 505 738 sublimitate
539 695 588 738 et
619 688 872 738 hominum
903 688 1178 737 humilitate
1221 694 1270 736 et
1302 687 1595 736 daemonum
1628 687 1889 736 medietate

206 758 525 828 sententiam)
556 790 617 796 —-
646 762 766 811 haec
799 777 916 826 ergo
949 763 991 810 si
1022 763 1089 810 ita
1129 767 1260 828 sunt,
1301 776 1514 825 quonam
1554 759 1699 809 modo
1739 776 1888 811 ausus

206 841 281 884 est
319 835 478 902 Plato,
534 837 723 885 etiamsi
763 851 862 884 non
901 836 1019 901 diis,
1075 850 1199 899 quos
1248 833 1307 883 ab
1347 836 1481 884 omni
1519 834 1731 884 humana
1771 850 1884 884 con-

118 918 172 957 10
204 910 397 972 tagione
437 911 663 974 semovit,
711 915 846 958 certe
892 910 1013 973 ipsis
1053 907 1374 957 daemonibus
1413 915 1583 973 poetas
1623 907 1746 957 urbe
1785 908 1886 973 pel-

203 981 346 1030 lendo
397 983 591 1031 auferre
642 982 907 1031 theatricas
957 981 1229 1048 voluptates
1242 1022 1255 1047 ,
1304 983 1399 1031 nisi
1434 983 1562 1048 quia
1615 982 1708 1031 hoc
1747 989 1890 1047 pacto

203 1055 456 1104 admonuit
494 1058 708 1105 animum
748 1056 1032 1121 humanum,
1073 1058 1292 1120 quamvis
1334 1055 1492 1105 adhuc
1532 1058 1582 1104 in
1623 1055 1699 1105 his
1739 1058 1886 1105 mori-

201 1128 381 1178 bundis
412 1129 646 1178 membris
678 1131 909 1195 positum,
949 1145 1039 1194 pro
1080 1129 1341 1194 splendore
1381 1129 1654 1179 honestatis
1692 1131 1886 1194 impura

202 1202 495 1252 daemonum
533 1205 665 1252 iussa
698 1210 1016 1252 contemnere
1056 1219 1329 1268 eorumque
1369 1203 1713 1252 inmunditiam
1753 1203 1888 1253 dete-

115 1285 169 1325 15
202 1273 356 1324 stari‘?
395 1276 516 1325 Nam
549 1279 590 1326 si
613 1277 750 1326 Plato
783 1277 902 1326 haec
942 1277 1288 1327 honestissime
1329 1279 1490 1342 arguit
1529 1283 1579 1326 et
1617 1277 1887 1343 prohibuit,

200 1350 423 1414 profecto
457 1350 719 1400 daemones
744 1352 1029 1415 turpissime
1061 1358 1397 1416 poposcerunt
1429 1357 1574 1415 atque
1615 1352 1883 1400 iusserunt.

200 1421 296 1472 Aut
335 1439 452 1488 ergo
485 1424 667 1474 fallitur
692 1425 925 1489 Apuleius
958 1432 1007 1474 et
1039 1441 1138 1474 nou
1170 1441 1229 1474 ex
1268 1427 1363 1474 isto
1403 1440 1583 1490 genere
1625 1426 1884 1474 numinum

200 1496 370 1546 hahuit
401 1499 611 1547 amicum
637 1498 865 1548 Socrates
896 1506 981 1549 aut
1019 1501 1265 1548 contraria
1304 1500 1433 1548 inter
1474 1514 1526 1547 se
1566 1500 1720 1547 sentit
1743 1497 1882 1547 Plato

200 1571 344 1619 modo
392 1571 652 1621 daemones
700 1572 1008 1639 honorando,
1055 1573 1199 1622 modo
1249 1587 1421 1622 eorum
1461 1571 1660 1621 delicias
1700 1587 1726 1620 a
1766 1573 1880 1620 civi-

112 1653 168 1693 20
201 1650 298 1693 tate
330 1643 455 1693 bene
488 1653 674 1695 morata
706 1646 1019 1713 removendo,
1058 1653 1142 1696 aut
1180 1661 1279 1695 non
1320 1653 1396 1695 est
1436 1646 1626 1695 Socrati
1667 1647 1878 1695 amicitia

199 1716 448 1767 daemonis
487 1719 787 1785 gratulanda,
826 1721 886 1769 de
928 1736 1023 1785 qua
1061 1735 1221 1784 usque
1261 1720 1380 1769 adeo
1422 1725 1472 1769 et
1509 1721 1614 1784 ipse
1648 1718 1883 1784 Apuleius

199 1791 413 1858 erubuit,
452 1799 507 1841 ut
546 1794 604 1842 de
646 1794 736 1842 (leo
772 1794 989 1844 Socratis
1028 1800 1345 1859 praenotaret
1383 1792 1580 1859 librum,
1620 1807 1768 1857 quem
1808 1808 1882 1842 se·

200 1866 415 1914 cundum
456 1881 593 1915 suam
625 1867 1023 1934 disputationem,
1063 1883 1158 1932 qua
1199 1867 1316 1917 deos
1357 1883 1381 1915 a
1423 1866 1745 1916 daemonibus
1785 1872 1884 1915 tam

199 1937 460 2002 diligenter
500 1942 796 2005 copioseque
836 1942 1089 2007 discernit,
1130 1957 1228 1990 non
1269 1941 1512 2006 appellare
1553 1939 1613 1988 de
1654 1940 1761 2006 dec,
1802 1939 1886 1988 sed

114 2019 170 2059 25
204 2010 262 2059 de
315 2011 549 2061 daemone
599 2014 815 2063 Socratis
863 2015 1046 2065 debuit.
1122 2015 1292 2064 Maluit
1338 2021 1503 2064 autem
1551 2013 1646 2062 hoc
1693 2015 1744 2062 in
1783 2014 1888 2078 ipsa

205 2084 532 2149 disputatione
587 2103 732 2151 quam
786 2090 836 2136 in
885 2089 1028 2138 titulo
1075 2088 1190 2138 libri
1238 2104 1438 2153 ponere.
1515 2087 1587 2136 Ita
1627 2088 1758 2136 enim
1797 2102 1887 2151 per

204 2172 370 2207 sanam
410 2159 707 2227 doctrinam,
749 2177 873 2225 quae
913 2162 1140 2211 humanis
1180 2161 1331 2211 rebus
1371 2161 1562 2226 inluxit,
1602 2175 1773 2209 omnes
1812 2159 1887 2208 vel

201 2246 356 2296 paene
405 2247 575 2282 omnes
623 2235 917 2284 daemonum
963 2251 1143 2285 nomen
1192 2236 1482 2301 exhorrent,
1535 2240 1614 2300 ut,
1662 2235 1886 2298 quisquis

202 2311 313 2354 ante
361 2305 743 2370 disputationem
782 2308 977 2374 Apulei,
1025 2325 1121 2373 qua
1172 2310 1466 2358 daemonum
1506 2308 1716 2372 dignitas
1756 2322 1885 2356 com-

115 2387 171 2427 30
204 2379 486 2445 mendatur,
526 2381 724 2430 titulum
764 2381 877 2430 libri
916 2382 976 2431 de
1016 2383 1253 2432 daemone
1295 2383 1511 2432 Socratis
1550 2381 1764 2445 legeret,
1803 2396 1886 2428 ne-

203 2467 449 2517 quaquam
488 2453 624 2503 illum
663 2455 913 2504 hominem
953 2471 1126 2505 sanum
1166 2458 1318 2505 fuisse
1359 2457 1579 2505 sentiret.
1636 2453 1764 2511 Quid
1804 2469 1886 2502 au-

200 2533 301 2574 tem
348 2529 495 2576 etiam
546 2529 651 2592 ipse
704 2527 938 2592 Apuleius
997 2530 1129 2593 quod
1183 2531 1234 2578 in
1290 2527 1609 2578 daemonibus
1666 2527 1886 2576 laudaret

200 2601 387 2649 invenit
440 2608 637 2665 praeter
691 2601 1012 2651 subtilitatem
1076 2610 1125 2652 et
1178 2604 1460 2651 firmitatem
1515 2616 1780 2665 corporum
1837 2606 1886 2648 et

198 2672 512 2723 habitationis
538 2675 761 2724 altiorem
784 2673 983 2725 locum?
1023 2676 1144 2724 Nam
1182 2675 1241 2726 de
1283 2675 1504 2725 moribus
1545 2689 1732 2739 eorum,
1772 2688 1885 2722 cum

115 2755 172 2795 35
205 2746 265 2795 de
307 2747 535 2797 omnibus
582 2748 875 2812 generaliter
915 2749 1223 2815 loqueretur,
1271 2765 1369 2798 non
1410 2749 1567 2798 solum
1608 2747 1729 2796 nihil
1768 2746 1898 2795 honi*

201 2820 344 2884 dixit,
385 2822 471 2870 sed
512 2824 659 2872 etiam
697 2822 965 2888 plurimum
1005 2823 1130 2872 mali.
1209 2823 1429 2887 Denique
1469 2823 1596 2871 lecto
1634 2820 1718 2870 illo
1757 2819 1883 2869 libro
