2020 3122
226 126 329 179 132
895 133 929 167 s.
954 132 1229 168 mensum

869 299 1078 355 'CAPUT
1109 299 1252 352 XXI.

232 411 393 470 Quam
434 412 641 471 inarata
674 407 840 470 fuerit
877 408 1111 458 Romana
1157 410 1337 458 civitas
1376 407 1608 469 Scipioni
1645 407 1914 455 liberatori

283 498 374 533 suo
415 489 464 533 et
502 486 554 533 in
593 484 775 545 quibus
813 483 1036 532 moribus
1076 484 1253 546 merit,
1292 483 1496 542 quando
1536 494 1647 530 eam
1687 479 1850 529 Sallu-

627 558 754 606 stius
792 557 1028 619 optimam
1062 554 1223 616 fuisse
1262 556 1518 604 describit.

169 669 195 711 5
377 659 533 708 Porro
574 661 704 709 inter
745 658 1017 708 secundum
1059 665 1107 708 et
1145 664 1453 723 postremum
1493 656 1675 706 bellum
1717 655 1914 707 Cartha-

229 734 474 798 giniense,
525 732 721 798 quando
771 732 1032 782 Sallustius
1083 733 1282 796 optimis
1336 730 1558 781 moribus
1609 737 1658 780 et
1707 733 1916 781 maxima

230 806 493 856 concordia
549 806 672 856 dixit
729 808 889 871 egisse
940 805 1187 855 Romanos
1241 799 1417 871 (multa
1471 806 1603 854 enim
1656 811 1915 871 praetereo

229 881 450 945 suscepti
499 882 664 945 operis
712 880 912 929 modum
961 873 1229 945 cogitans),
1276 878 1449 927 eodem
1489 893 1608 943 ergo
1646 880 1754 944 ipso
1795 885 1915 929 tem-

229 969 349 1019 pore
405 969 599 1003 morum
655 955 956 1018 optimorum
1010 954 1347 1016 maximaeque
1403 951 1697 1001 concordiae
1752 951 1917 1019 Scipio

146 1037 199 1077 10
232 1026 313 1076 ille
366 1026 550 1083 Romae
590 1026 857 1091 Italiaeque
897 1025 1134 1075 liberator
1198 1025 1518 1090 eiusdemque
1572 1025 1688 1075 belli
1741 1025 1918 1077 Punici

231 1099 438 1150 secundi
477 1106 576 1150 tam
626 1099 885 1166 horrendi,
932 1106 1032 1149 tam
1072 1101 1289 1166 exitiosi,
1337 1106 1436 1149 tam
1473 1099 1740 1165 periculosi
1778 1116 1917 1166 prae-

232 1173 394 1223 clarus
427 1173 761 1238 mirabilisque
795 1174 1064 1240 confector,
1103 1175 1260 1223 victor
1283 1172 1568 1223 Hannibalis
1608 1174 1918 1240 domitorque

232 1245 566 1313 Carthaginis,
622 1249 764 1297 cuius
815 1247 875 1296 ab
931 1247 1266 1298 adulescentia
1319 1249 1418 1298 vita
1471 1247 1771 1298 describitur
1826 1249 1918 1298 diis

233 1320 396 1370 dedita
436 1321 732 1386 templisque
772 1323 985 1387 nutrita,
1025 1323 1339 1371 inimicorum
1378 1321 1775 1372 accusationibus
1814 1338 1919 1372 ces-

147 1404 202 1444 15
236 1396 300 1445 sit
338 1410 614 1459 carensque
654 1397 834 1461 patria,
873 1411 1019 1459 quam
1060 1411 1148 1445 sua
1187 1397 1368 1445 virtute
1409 1396 1590 1446 salvam
1628 1403 1679 1445 et
1715 1395 1920 1446 liberam

234 1468 471 1534 reddidit,
517 1471 569 1517 in
616 1469 795 1534 oppido
843 1468 1158 1519 Linternensi
1204 1470 1305 1534 egit
1350 1469 1591 1534 reliquam
1638 1469 1919 1535 complevit-

235 1557 330 1606 que
382 1544 555 1608 vitam‚
609 1549 722 1607 post
770 1544 1015 1607 insignem
1067 1558 1212 1592 suum
1263 1543 1570 1608 triumphum
1616 1543 1750 1593 nullo
1789 1543 1919 1593 illius

235 1614 374 1665 urbis
414 1622 587 1681 captus
612 1616 874 1682 desiderio,
913 1618 980 1666 ita
1020 1623 1076 1666 ut
1107 1618 1310 1666 iussisse
1350 1617 1687 1683 perhibeatur,
1726 1633 1787 1667 ne
1829 1617 1919 1667 sal-

236 1696 336 1738 tem
375 1696 570 1739 mortuo
618 1692 670 1739 in
716 1691 906 1754 ingrata
958 1692 1117 1755 patria
1155 1691 1304 1740 funus
1343 1691 1500 1740 fieret.
1576 1690 1762 1740 Deinde
1802 1696 1920 1740 tunc

147 1772 204 1812 20
236 1764 452 1828 primum
490 1779 580 1828 per
621 1763 814 1813 Gneum
836 1763 1069 1814 Manlium
1106 1763 1455 1829 proconsulem
1494 1765 1553 1814 de
1594 1764 1921 1829 Gallograecis

236 1837 623 1902 triumphantem
663 1837 875 1887 Asiatica
919 1837 1115 1888 luxuria
1160 1837 1364 1887 Romam
1415 1840 1549 1887 omni
1595 1837 1735 1887 hoste
1782 1839 1922 1903 peior

239 1911 463 1975 inrepsit.
541 1910 682 1960 Tunc
707 1913 838 1960 enim
862 1913 1078 1976 primum
1117 1911 1233 1961 lecti
1264 1913 1416 1960 aerati
1456 1918 1505 1960 et
1542 1914 1759 1976 pretiosa
1799 1918 1921 1960 stra-

239 1982 351 2047 gula
390 1985 491 2031 visa
530 1984 877 2051 perhibentur3
918 1992 1036 2034 tunc
1076 1985 1305 2035 inductae
1345 1987 1396 2034 in
1436 1987 1655 2034 convivia
1692 1984 1921 2050 psaltriae

239 2062 289 2104 et
328 2055 418 2104 alia
458 2056 713 2106 licentiosa
753 2060 985 2122 nequitia.
1066 2059 1163 2108 Sed
1203 2074 1335 2108 nunc
1375 2058 1435 2108 de
1475 2060 1552 2108 his
1592 2058 1731 2107 malis
1743 2098 1757 2123 ‚
1797 2074 1921 2123 quae

148 2139 206 2179 25
238 2128 614 2179 intolerabiliter
638 2130 863 2194 homines
887 2134 1158 2199 patiuntur,
1197 2148 1297 2180 non
1322 2132 1381 2181 de
1415 2133 1507 2199 his,
1547 2147 1672 2197 quae
1712 2131 1922 2181 libenter

238 2202 451 2268 faciunt,
502 2203 668 2252 dicere
708 2206 914 2254 institui.
992 2204 1130 2254 Unde
1170 2205 1290 2254 illud
1329 2208 1506 2273 magis,
1545 2205 1676 2270 quod
1717 2205 1777 2254 de
1819 2204 1920 2254 Sci-

235 2278 385 2341 pione
426 2279 824 2343 commemoravi,
874 2278 1002 2342 quod
1052 2280 1231 2328 cedens
1271 2280 1482 2329 inimicis
1524 2285 1662 2329 extra
1699 2281 1922 2344 patriam,

238 2364 385 2413 quam
423 2348 668 2415 liberavit,
708 2357 935 2400 mortuus
975 2359 1073 2417 est,
1121 2352 1180 2400 ad
1219 2360 1531 2416 praesentem
1569 2354 1788 2418 pertinet
1825 2352 1920 2401 dis·

236 2424 567 2487 putationem,
619 2423 749 2487 quod
801 2426 846 2472 ei
886 2424 1103 2473 Romana
1142 2427 1364 2491 numina,
1411 2442 1437 2475 a
1477 2441 1689 2491 quorum
1727 2425 1922 2490 templis

150 2506 206 2548 30
240 2497 416 2545 avertit
454 2496 797 2561 Hannibalem,
837 2513 934 2546 non
975 2498 1298 2547 reddiderunt
1338 2501 1515 2565 vicem,
1556 2515 1678 2563 quae
1718 2505 1923 2564 propter

358 2639 401 2694 6)
434 2638 555 2682 Hist.
587 2639 619 2682 Ι.
683 2640 757 2694 23)
790 2638 888 2684 Liv.
922 2643 992 2695 39,
1026 2645 1065 2684 6.

241 2863 295 2903 22
353 2806 414 2902 ἕο
428 2815 616 2903 tgng'um
642 2801 742 2845 ΑΚ
746 2818 762 2854 ,·
795 2815 925 2846 ceum
950 2801 1022 2854 F;
1054 2815 1217 2845 cneum
1251 2801 1427 2846 Para?
1460 2815 1484 2846 v
1509 2804 1524 2859 Η
1548 2801 1760 2847 mallium
1790 2815 1877 2846 mss
1907 2800 1920 2859 Η

330 2874 350 2902 S
370 2874 425 2902 ΥΒ,
449 2875 465 2902 1
