2020 3122
126 1166 179 1206 10

123 1534 176 1573 15

120 1902 177 1941 20

123 2268 178 2309 25

214 148 318 200 134
879 155 914 189 S.
939 154 1213 191 Aueusvmr

210 271 462 320 adflixerat
509 271 700 334 ipsique
741 269 985 319 Romanae
1033 271 1108 319 rei
1152 268 1376 334 publicae
1426 271 1606 318 terrori
1645 284 1752 318 esse
1794 270 1891 319 iam

211 351 454 410 coeperat,
494 343 574 392 alii
614 350 784 392 contra
824 351 932 392 eam
970 342 1061 392 alio
1101 344 1306 407 augurio
1346 350 1712 407 processerunt.

853 543 1047 600 CAPUT
1080 545 1251 598 XXII.

247 669 324 718 De
364 667 681 717 Mithrzdatis
721 669 905 727 edicto,
946 681 1043 728 quo
1083 681 1251 716 omnes
1290 681 1423 716 caves
1463 667 1732 733 Romanoa,
1771 669 1860 728 qui

471 744 609 790 intra
647 741 819 790 Asiam
860 743 1230 797 invenire-ntur,
1273 742 1417 790 zussz‘t
1454 741 1633 790 occidi.

360 859 456 908 Sed
496 859 632 923 haec,
670 860 886 924 inquam,
926 860 1119 924 omitto,
1161 860 1382 922 quamvis
1422 858 1542 907 illud
1583 870 1894 923 nequaquam

210 935 464 998 tacuerim,
503 932 633 996 quod
667 931 973 981 Mithridates
1005 947 1092 980 rex
1125 931 1264 980 Asiae
1306 931 1487 996 ubique
1528 934 1579 981 in
1603 932 1715 981 Asia
1753 947 1914 998 pere-.

210 1008 462 1072 grinantes
517 1007 646 1054 cives
698 1005 944 1054 Romanos
995 1012 1142 1069 atque
1196 1004 1543 1055 innumerabili
1598 1008 1739 1071 copia
1790 1009 1894 1056 suis

211 1076 431 1144 negotiis
475 1081 694 1128 intentos
750 1094 848 1128 uno
904 1078 981 1127 die
1037 1078 1195 1128 occidi
1248 1080 1413 1144 iussit;
1469 1086 1517 1129 et
1571 1080 1756 1129 factum
1803 1087 1893 1130 est.1

214 1153 371 1212 Quam
408 1152 490 1202 illa
527 1151 821 1202 miserabilis
860 1168 1029 1202 rerum
1070 1153 1220 1201 facies
1261 1159 1387 1219 erat,
1428 1152 1591 1202 subito
1632 1169 1895 1220 quemque,

212 1226 511 1291 ubicumque
552 1227 728 1275 fuisset
766 1228 1022 1292 iuvenum,
1059 1228 1111 1275 in
1150 1241 1267 1290 agro
1306 1228 1358 1275 in
1398 1228 1471 1275 via
1510 1229 1562 1276 in
1601 1227 1804 1294 oppido,
1842 1229 1896 1277 in

210 1302 354 1350 domo
393 1303 445 1349 in
484 1302 590 1349 vico
630 1301 680 1348 in
721 1300 853 1365 for0‚
899 1301 950 1349 in
990 1300 1171 1365 templo
1210 1301 1261 1348 in
1300 1299 1427 1349 lecto
1466 1302 1519 1349 in
1559 1303 1781 1350 convivio
1821 1303 1892 1350 in-

211 1377 406 1439 opinate
432 1380 577 1438 atque
603 1375 751 1438 impie
770 1374 922 1422 fuisse
948 1372 1270 1423 trucidatum!
1297 1373 1418 1431 Quis
1443 1375 1655 1438 gemitus
1680 1376 1892 1424 morien-

211 1450 350 1514 tium,
387 1462 512 1512 quae
544 1447 773 1496 lacrimae
806 1450 1150 1513 spectantium,
1176 1447 1391 1496 fortasse
1425 1450 1572 1497 etiam
1605 1449 1894 1499 ferientium

211 1520 434 1571 fuerunt!
512 1521 667 1579 Quam
720 1521 843 1570 dura
890 1523 1158 1571 necessitas
1197 1521 1450 1586 hospitum
1489 1537 1588 1570 non
1627 1522 1787 1571 solum
1825 1525 1893 1571 vi-

210 1595 358 1646 dendi
403 1596 614 1644 nefarias
661 1594 767 1643 illas
815 1595 988 1644 caedes
1029 1595 1160 1643 domi
1200 1610 1339 1661 suae,
1386 1611 1556 1645 verum
1597 1598 1744 1645 etiam
1782 1611 1892 1661 per-

207 1670 449 1734 petrandi,
489 1668 548 1717 ab
588 1667 666 1717 illa
707 1668 881 1718 blanda
920 1671 1148 1718 comitate
1188 1668 1504 1719 humanitatis
1544 1676 1747 1734 repente
1788 1685 1892 1719 mu-

208 1744 323 1792 tatis
375 1742 591 1792 vultibus
643 1742 700 1791 ad
752 1742 929 1791 hostile
981 1744 1233 1807 negotium
1279 1744 1330 1792 in
1375 1757 1494 1808 pace
1542 1743 1892 1810 peragendum,

207 1817 393 1865 mutuis
434 1816 590 1865 dicam
632 1817 830 1865 omnino
879 1815 1189 1881 vulneribuS‚
1237 1831 1349 1866 cum
1387 1832 1656 1881 percussus
1694 1818 1746 1866 in
1785 1832 1891 1866 cor-

208 1905 329 1955 pore
369 1896 419 1939 et
455 1905 723 1954 percussor
762 1891 811 1938 in
845 1891 1006 1939 animo
1046 1889 1301 1940 feriretur!
1342 1889 1471 1939 Num
1512 1896 1561 1939 et
1599 1892 1682 1940 isti
1721 1905 1892 1940 omnes

208 1965 411 2027 auguria
437 1960 871 2028 contempserant?
909 1962 1038 2013 Num
1070 1964 1188 2012 deos
1219 1969 1270 2012 et
1308 1963 1606 2013 domesticos
1647 1970 1696 2013 et
1733 1963 1891 2029 publi-

210 2051 316 2102 cOS‚
356 2052 470 2086 cum
510 2036 568 2085 de
617 2036 816 2086 sedibus
857 2038 960 2086 suis
1001 2037 1059 2086 ad
1098 2037 1229 2086 illam
1268 2036 1635 2087 inremeabilem
1673 2034 1890 2103 peregri-

209 2111 458 2159 nationem
495 2110 705 2174 profecti
744 2117 879 2176 sunt,
928 2126 1051 2174 quos
1092 2111 1434 2177 consulerent,
1474 2126 1572 2160 non
1611 2109 1892 2162 habebant?

208 2182 312 2232 Hoc
353 2185 394 2232 si
418 2185 484 2231 ita
509 2190 600 2248 est,
639 2199 737 2232 non
762 2183 944 2232 habent
976 2199 1065 2233 cur
1098 2186 1179 2234 isti
1218 2186 1269 2233 in
1300 2184 1391 2233 hac
1424 2199 1570 2235 causa
1609 2185 1668 2234 de
1709 2187 1891 2234 nostris

210 2256 516 2321 temporibus
574 2262 963 2322 conquerantur3
1019 2257 1134 2306 olim
1181 2257 1388 2307 Romani
1440 2258 1560 2307 haec
1608 2274 1730 2308 vana
1775 2274 1889 2308 con-

209 2335 452 2379 temnunt.
531 2329 582 2378 Si
617 2335 781 2379 autem
820 2330 1191 2396 consuluerunt,
1230 2332 1602 2396 respondeatur,
1643 2331 1758 2396 quid
1801 2333 1893 2381 ista

209 2403 525 2468 profuerunt,
566 2403 760 2467 quando
807 2419 897 2468 per
943 2403 1178 2453 humanas
1226 2404 1476 2454 dumtaxat
1523 2405 1655 2470 leges
1696 2407 1890 2455 nemine

208 2476 502 2542 prohibente
543 2476 804 2526 licuerunt.

327 2682 352 2720 2
394 2676 485 2721 alio
525 2678 689 2733 scripsi
729 2679 900 2734 (proqr.
927 2691 976 2733 Ρ.
1011 2681 1114 2732 19),·
1162 2678 1285 2721 malo
1320 2691 1406 2721 mss
1437 2692 1463 2721 v
1509 2680 1524 2734 ΙΙ
1568 2681 1893 2734 processerunt

202 2734 768 2792 0AKF,·processe1-int
797 2751 822 2781 v
861 2738 877 2793 ΙΙ
917 2741 969 2780 19
1003 2735 1174 2780 mutuis
1207 2738 1394 2794 repente
1428 2735 1580 2780 dicam
1611 2737 1735 2780 K2F
1776 2739 1791 2793 Η
1836 2742 1890 2781 21

209 2795 589 2852 contempserunt
621 2796 665 2839 A
