2020 3122
508 145 577 176 m]
602 142 840 177 CIVITATE
865 143 954 175 DEI
976 143 1018 175 L.
1043 144 1115 175 111.
1141 143 1179 177 c.
1203 145 1257 177 28.
1286 145 1339 177 29.
1664 130 1766 182 141

87 257 337 308 timebant.
417 256 514 305 Sed
538 257 591 304 in
616 254 910 319 quibusdam
944 270 1131 321 eorum,
1172 257 1253 319 qui
1287 257 1414 304 mori
1452 256 1574 305 iussi
1613 263 1768 321 erant,

88 333 235 381 etiam
265 333 369 396 ipsa
409 330 526 379 licet
566 328 781 378 crudelis
822 334 1105 378 ceterorum
1145 330 1386 378 securitas
1425 344 1607 394 genera
1637 343 1766 378 mor-

87 406 212 455 tium
274 405 517 469 exquisita
580 403 875 467 congemuit.
967 402 1224 460 Quendam
1288 404 1421 453 enim
1475 404 1582 452 sine
1637 403 1770 452 ferro

87 477 379 528 laniantium
424 492 600 527 manus
647 476 983 541 diripuerunt,
1038 477 1285 525 inmanius
1339 476 1563 526 homines
1617 476 1770 526 homi-

88 567 203 603 nem
248 553 434 617 vivum,
482 565 628 615 quam
675 549 860 599 bestiae
909 549 1069 599 solent
1115 550 1399 614 discerpere
1447 550 1652 600 cadaver
1691 550 1771 600 ab·

87 627 287 676 iectum.
363 625 500 674 Alius
533 623 688 674 oculis
715 625 908 673 effossis
941 630 991 673 et
1027 623 1359 689 particulatim
1399 624 1635 674 membris
1675 641 1773 674 am-

89 702 273 766 putatis
327 701 378 748 in
434 699 583 748 tantis
639 697 942 748 cruciatibus
997 697 1081 748 diu
1135 699 1298 747 vivere
1344 697 1420 746 vel
1469 699 1635 763 potius
1690 699 1774 748 diu

89 776 218 823 mori
249 779 450 823 coactus
482 778 571 822 est.
635 770 958 822 Subhastatae
992 779 1109 822 sunt
1140 773 1302 838 etiam,
1341 777 1590 836 tamquam
1621 772 1774 838 villae,

89 847 329 912 quaedam
382 846 572 896 nobiles
626 847 874 912 civitates3
928 861 1026 896 una
1080 862 1196 895 vero
1206 886 1220 912 ,
1274 845 1407 895 velut
1468 861 1599 896 unus
1657 862 1774 896 reus

90 921 205 971 duci
268 920 549 987 iuberetur,
628 920 703 969 sic
774 926 878 969 tota
938 922 1072 970 iussa
1142 926 1217 970 est
1286 919 1536 970 trucidari.
1642 919 1774 969 Haec

90 994 218 1045 facta
258 1001 376 1045 sunt
413 996 463 1043 in
502 1010 621 1059 pace
660 1000 773 1059 post
811 993 1019 1060 bellum,
1059 1010 1158 1043 non
1197 1003 1252 1043 ut
1290 994 1652 1044 acceleraretur
1691 994 1774 1043 ob-

98 1069 296 1119 tinenda
328 1070 546 1134 victoria,
586 1068 672 1117 sed
712 1083 774 1116 ne
808 1074 1211 1118 contemneretur
1251 1067 1463 1117 obtenta.
1524 1067 1624 1117 Pax
1663 1084 1775 1118 cum

94 1142 224 1192 bello
251 1143 310 1192 de
337 1142 628 1192 crudelitate
654 1143 860 1191 certavit
899 1149 948 1191 et
986 1143 1116 1191 vicit.
1177 1141 1301 1191 Illud
1342 1144 1474 1190 enim
1511 1144 1777 1207 prostravit

92 1222 321 1282 armatoS‚
361 1217 454 1265 ista
494 1215 718 1265 nudatos,
794 1214 986 1264 Bellum
1026 1221 1153 1282 erat,
1193 1223 1247 1265 ut
1287 1217 1372 1280 qui
1410 1214 1694 1281 feriebatur,
1735 1218 1777 1265 si

91 1298 281 1356 posset,
321 1291 515 1355 feriret3
562 1304 655 1354 pax
695 1294 880 1355 autem,
928 1304 1027 1337 non
1074 1295 1130 1338 ut
1177 1290 1262 1354 qui
1302 1295 1523 1338 evaserat
1576 1291 1776 1355 viveret,

90 1364 178 1414 sed
218 1370 274 1414 ut
311 1365 529 1413 moriens
568 1379 667 1412 non
707 1369 1020 1428 repugnaret.

722 1550 920 1605 CAPUT
953 1551 1149 1604 XXIX.

92 1662 168 1710 De
205 1661 585 1723 comparatione
628 1659 871 1709 Gothicae
917 1660 1220 1720 inruptionis
1268 1673 1383 1708 cum
1422 1661 1494 1708 eis
1533 1661 1778 1718 οῖαᾱὶὸιιε,

181 1749 307 1796 quas
347 1734 570 1783 Romam·
605 1736 684 1783 vel
719 1748 752 1782 a
797 1733 953 1782 Gallis
992 1735 1071 1782 vel
1107 1747 1139 1780 a
1180 1732 1422 1782 bellorum
1462 1734 1682 1782 civilium

604 1808 901 1857 auctoribus
940 1811 1265 1868 acceperunt.

243 1911 379 1968 Quae
427 1909 590 1959 rabies
638 1916 921 1958 exterarum
968 1910 1212 1974 gentium,
1259 1923 1384 1972 quae
1433 1909 1632 1957 saevitia
1671 1908 1779 1957 bar-

96 1983 331 2034 barorum
377 1983 493 2033 huic
534 1983 595 2032 de
636 1982 824 2031 civibus
864 1984 1096 2031 victoriae
1139 1983 1319 2031 civium
1359 1984 1634 2047 comparari
1672 1989 1779 2047 pot-

99 2055 211 2108 est?
304 2057 432 2115 Quid
487 2056 641 2105 Roma
706 2056 952 2105 funestius
1007 2058 1215 2105 taetrius
1281 2057 1592 2120 amariusque
1647 2056 1781 2122 vidit,

95 2137 262 2181 utrum
290 2130 406 2179 olim
432 2129 681 2179 Gallorum
715 2136 764 2179 et
793 2129 939 2195 paulo
979 2136 1092 2179 ante
1133 2129 1407 2179 Gothorum
1445 2131 1782 2194 inruptionem

96 2220 159 2254 an
190 2204 331 2254 Marii
363 2211 412 2253 et
445 2203 608 2253 Sullae
648 2203 957 2268 aliorumque
995 2205 1046 2252 in
1087 2219 1261 2252 eorum
1298 2202 1523 2268 partibus
1563 2205 1780 2252 virorum

96 2277 487 2327 clarissimorum
538 2284 787 2341 tamquam
819 2293 1024 2327 suorum
1063 2277 1306 2328 luminum
1344 2279 1396 2326 in
1436 2292 1524 2326 sua
1563 2276 1783 2327 membra

98 2349 443 2401 ferocitatem?
498 2351 619 2400 Galli
674 2350 872 2415 quidem
923 2351 1296 2400 trucidaverunt
1342 2357 1589 2418 senatum,
1644 2350 1782 2416 quid-

96 2425 219 2490 quid
266 2427 373 2475 eius
412 2427 464 2474 in
503 2423 635 2474 Urbe
685 2431 788 2474 tota
826 2432 1024 2490 praeter
1063 2440 1228 2474 arcem
1268 2424 1610 2491 Capitolinam,
1658 2439 1781 2489 quae

100 2499 201 2547 sola
234 2505 503 2563 utcumque
530 2499 731 2547 defensa
763 2505 853 2565 est,
891 2501 1112 2563 reperire
1151 2505 1444 2564 potuerunt3
1485 2499 1572 2548 sed
1611 2500 1662 2547 in
1701 2497 1782 2547 illo

94 2572 222 2621 colle
249 2574 533 2621 constitutis
573 2587 692 2621 auro
725 2573 874 2621 vitam
911 2572 1085 2621 saltem
1123 2572 1466 2638 vendiderunt,
1505 2587 1651 2636 quam
1691 2572 1783 2619 etsi

101 2645 234 2694 ferro
282 2661 456 2711 rapere
505 2661 604 2695 non
643 2653 868 2711 possent,
916 2651 1120 2710 possent
1167 2652 1332 2695 tamen
1371 2645 1626 2694 obsidione
1666 2659 1780 2692 con-

101 2733 319 2768 sumere:
367 2718 514 2768 Gothi
553 2735 668 2768 vero
717 2726 816 2768 tam
862 2719 1030 2768 multis
1078 2718 1389 2769 senatoribus
1434 2724 1782 2783 pepercerunt,

102 2798 158 2840 ut
203 2795 356 2857 magis
404 2794 587 2842 mirum
634 2794 698 2841 sit
745 2793 876 2858 quod
923 2793 1111 2858 aliquos
1156 2798 1491 2858 peremerunt.
1567 2791 1628 2840 At
1669 2806 1782 2839 vero

96 2863 236 2914 Sulla
291 2867 397 2915 vivo
438 2865 596 2916 adhuc
635 2866 786 2915 Mario
834 2869 997 2932 ipsum
1037 2865 1351 2932 Capitolium,
1400 2864 1530 2930 quod
1570 2881 1596 2914 a
1636 2864 1783 2914 Gallis

1806 560 1830 600 5

1810 930 1863 969 10

1812 1299 1864 1339 15

1811 1815 1867 1855 20

1815 2211 1869 2251 25

1815 2579 1871 2618 30
