2020 3122
212 152 240 201 1
251 151 315 202 18
899 159 933 193 s.
958 158 1232 214 Ausus‘rmr

210 281 299 325 est.
377 274 477 323 Nec
516 273 827 339 „discessere
869 271 1025 337 adytis
1073 273 1269 336 arisque
1316 270 1501 320 relictis
1541 265 1629 319 di“
1667 276 1804 320 tanto
1843 273 1895 320 in

210 351 450 413 optimum
497 347 628 396 illius
676 346 845 412 populi
892 362 1058 411 regem
1106 345 1370 410 parricidio
1409 351 1716 411 perpetrate,
1772 360 1895 410 quos

212 423 405 488 dicunt,
452 428 508 470 ut
554 421 647 470 hoc
694 423 902 470 miserae
950 421 1124 469 Troiae
1173 420 1394 468 facerent
1440 434 1645 483 eamque
1695 418 1895 468 Graecis

210 495 497 546 diruendam
548 495 947 559 exurendamque
996 494 1363 559 relinquerent,
1414 492 1655 542 adulterio
1705 492 1896 542 Paridis

150 579 175 617 5
209 571 361 619 fuisse
402 576 695 635 commotos3
735 569 820 618 sed
860 570 1064 633 insuper
1102 568 1365 617 interfecto
1405 582 1432 615 a
1472 582 1524 616 se
1565 582 1737 616 socero
1777 566 1896 616 Tar—

210 645 409 708 quinius
448 645 553 708 ipse
594 645 851 693 successit.
928 642 1070 691 Hunc
1103 641 1173 691 illi
1213 641 1280 690 dii
1319 641 1563 690 nefarium
1602 640 1895 706 parricidam

208 719 369 766 soceri
386 717 731 767 interfectione
749 723 1052 782 regnantem,
1076 717 1281 780 insuper
1297 715 1466 764 multis
1489 714 1631 764 hellis
1655 716 1895 765 victoriis-

209 806 303 855 que
330 790 622 855 gloriantem
647 798 697 840 et
732 791 791 839 de
833 790 1076 840 manubiis
1101 789 1395 854 Capitolium
1435 788 1756 838 fabricantem
1796 804 1895 838 non

208 864 552 931 abscedenteS,
600 864 686 914 sed
737 871 1023 929 praesentes
1064 869 1418 926 manentesque
1457 862 1689 912 viderunt
1729 869 1778 912 et
1818 878 1893 912 re-

122 948 177 987 10
210 954 321 1004 gem
375 954 521 988 suum
575 938 736 987 Iovem
792 940 843 986 in
897 938 979 986 illo
1034 937 1271 986 altissimo
1319 936 1525 1002 temple,
1580 936 1674 985 hoc
1721 942 1797 986 est
1845 938 1896 985 in

210 1028 359 1077 opere
407 1013 706 1084 parricidae,
754 1011 847 1060 sibi
898 1011 1179 1076 praesidere
1228 1016 1373 1074 atque
1426 1025 1634 1075 regnare
1673 1013 1898 1075 perpessi

210 1093 339 1135 sunt.
415 1086 587 1150 Neque
629 1087 760 1134 enim
809 1085 967 1134 adhuc
1014 1087 1253 1134 innocens
1295 1083 1588 1149 Capitolium
1628 1086 1809 1133 struxit
1847 1091 1897 1133 et

208 1167 380 1224 postea
434 1159 574 1208 malis
626 1161 815 1208 meritis
856 1158 987 1208 Urbe
1029 1159 1201 1223 pulsus
1242 1164 1338 1223 est,
1389 1157 1475 1207 sed
1515 1157 1573 1206 ad
1613 1160 1776 1222 ipsum
1815 1173 1891 1207 re-

209 1249 386 1300 gnum,
436 1235 487 1282 in
540 1248 637 1298 quo
677 1233 970 1298 Capitolium
1010 1232 1289 1299 fabricaret,
1328 1233 1651 1281 inmanissimi
1691 1232 1893 1281 sceleris

122 1317 175 1356 15
208 1309 574 1372 perpetratione
626 1309 865 1372 pervenit.
951 1307 1093 1364 Quod
1143 1321 1260 1355 vero
1311 1321 1425 1355 eum
1479 1321 1632 1370 regno
1687 1306 1895 1355 Romani

209 1388 379 1446 postea
418 1381 717 1446 depulerunt
762 1397 818 1430 ac
867 1380 1180 1430 secluserunt
1218 1379 1477 1429 moenibus
1517 1381 1749 1440 civitatiS,
1798 1395 1897 1428 non

207 1457 363 1519 ipsius
403 1455 463 1504 de
488 1454 746 1504 Lucretiae
788 1462 975 1521 stupro,
1015 1455 1101 1503 sed
1126 1454 1212 1503 filii
1246 1460 1505 1518 peccatum
1543 1454 1637 1502 fuit
1674 1454 1756 1502 illo
1796 1469 1896 1502 non

209 1528 368 1578 solum
408 1531 683 1594 nesciente,
723 1529 808 1578 sed
851 1531 998 1578 etiam
1036 1528 1237 1577 absente
1279 1529 1609 1577 commissum.
1687 1527 1897 1576 Ardeam

211 1604 460 1652 civitatem
501 1609 619 1652 tunc
660 1602 974 1667 oppugnabat
1013 1609 1063 1651 et
1100 1618 1192 1667 pro
1231 1601 1413 1667 populo
1454 1601 1673 1650 Romano
1714 1601 1896 1651 bellum

121 1686 178 1726 20
211 1677 434 1742 gerebat3
483 1678 731 1726 nescimus
780 1677 897 1741 quid
946 1678 1152 1742 faceret,
1201 1678 1242 1725 si
1290 1677 1348 1725 ad
1403 1677 1510 1724 eius
1550 1677 1774 1724 notitiam
1812 1675 1894 1724 ssa-

209 1752 381 1815 gitium
430 1751 515 1800 filii
563 1750 866 1816 deferretur3
915 1758 963 1800 et
1009 1758 1172 1800 tamen
1222 1749 1526 1814 inexplorato
1567 1749 1748 1798 iudicio
1789 1750 1896 1797 eius

210 1831 259 1874 et
289 1827 547 1889 inexperto
587 1827 633 1874 ei
671 1825 884 1890 populus
909 1824 1090 1873 ademit
1128 1825 1390 1888 imperium
1430 1829 1479 1872 et
1517 1829 1717 1887 recepto
1758 1838 1894 1871 exer-

210 1900 336 1964 citu,
382 1914 408 1947 a
456 1914 554 1963 quo
602 1899 763 1948 deseri
811 1901 975 1948 iussus
1017 1905 1114 1964 est,
1164 1898 1342 1947 clausis
1382 1896 1558 1946 deinde
1599 1898 1757 1961 portis
1796 1911 1895 1944 non

210 1974 322 2020 sivit
375 1974 560 2022 intrare
616 1972 922 2022 redeuntem.
999 1972 1062 2021 At
1114 1972 1194 2020 ille
1253 1977 1366 2036 post
1414 1970 1542 2019 bella
1596 1971 1895 2035 gravissima,

120 2055 176 2095 25
211 2045 390 2110 quibus
417 2046 615 2094 eosdem
640 2046 885 2095 Romanos
919 2048 1176 2095 concitatis
1215 2046 1435 2094 finitimis
1476 2044 1687 2109 adtrivit,
1725 2050 1896 2108 postea

210 2134 356 2183 quam
397 2119 622 2168 desertus
672 2120 730 2168 ab
771 2122 842 2169 eis
884 2135 1097 2184 quorum
1135 2119 1315 2167 fidebat
1354 2118 1532 2167 auxilio
1572 2133 1779 2181 regnum
1819 2132 1894 2165 re-

210 2195 374 2257 cipere
417 2209 515 2241 non
555 2194 748 2259 evaluit,
788 2195 839 2241 in
878 2194 1057 2258 oppido
1091 2193 1306 2242 Tusculo
1331 2192 1514 2240 Romae
1553 2193 1714 2239 vicino
1756 2197 1893 2254 quat-

209 2266 499 2332 tuordecim,
540 2273 594 2315 ut
619 2268 792 2332 fertur,
832 2283 985 2316 annos
1023 2269 1261 2331 privatam
1300 2267 1448 2314 vitam
1487 2266 1685 2329 quietus
1725 2263 1896 2312 habuit

210 2346 259 2389 et
298 2355 411 2389 cum
450 2355 603 2389 uxore
645 2342 927 2405 consenuit,
979 2340 1269 2404 optabiliore
1310 2340 1533 2388 fortassis
1573 2339 1708 2386 exitu
1749 2352 1894 2401 quam

121 2424 177 2464 30
211 2429 353 2463 socer
392 2416 521 2479 eiuS‚
567 2411 737 2478 generi
785 2415 862 2463 sui
911 2415 1127 2462 facinore
1168 2428 1259 2462 nee
1306 2414 1562 2477 ignorante
1602 2411 1721 2476 filia,
1769 2413 1897 2459 sicut

209 2487 525 2554 perhibetur,
566 2489 826 2537 extinctus
904 2487 1005 2536 Nec
1046 2494 1209 2535 tamen
1249 2489 1399 2534 istum
1439 2485 1763 2548 Tarquinium
1801 2484 1893 2532 Ro-

211 2563 341 2610 mani
366 2562 618 2610 crudelem
643 2568 727 2610 aut
751 2560 1060 2626 sceleratum,
1101 2560 1186 2608 sed
1213 2558 1483 2623 superbum
1514 2557 1896 2623 appellaverunt,

211 2635 434 2684 fortassis
490 2637 652 2700 regios
709 2637 814 2684 eius
871 2635 1026 2683 fastus
1083 2633 1173 2682 alia
1228 2631 1460 2697 superbia
1512 2647 1612 2680 non
1664 2632 1895 2681 ferentes

211 2708 333 2756 Nam
384 2709 545 2775 scelus
601 2710 751 2758 occisi
803 2707 861 2756 ab
914 2723 971 2756 eo
1024 2709 1184 2756 soceri
1231 2707 1403 2771 optimi
1451 2707 1579 2770 regis
1621 2707 1698 2754 sui
1737 2719 1894 2768 usque

123 2792 179 2831 35
213 2781 333 2830 adeo
390 2789 821 2847 contempserunt,
876 2787 930 2830 ut
977 2795 1090 2829 eum
1138 2795 1305 2844 regem
1346 2795 1489 2828 suum
1530 2779 1771 2844 facerent3
1811 2777 1897 2826 ubi

213 2857 410 2921 miror,
447 2858 489 2904 si
536 2871 635 2904 non
689 2855 875 2904 scelere
916 2856 1136 2919 graviore
1193 2853 1494 2902 mercedem·
1527 2858 1711 2902 tantam
1761 2857 1895 2900 tanto
