2020 3122
578 144 645 176 DE
671 142 910 178 ctvrrA'rn
933 144 1023 178 nm
1045 145 1087 178 L.
1111 147 1180 180 ιν.
1204 146 1241 180 c.
1268 148 1320 181 18.
1700 137 1803 191 167

740 309 937 365 CAPUT
969 310 1172 365 XVIII.

152 420 465 469 Felicitatem
504 422 554 468 et
591 418 870 468 Fortunam
908 420 998 480 qui
1034 420 1157 468 deas
1188 425 1388 483 putant,
1428 436 1531 483 qua
1570 424 1772 472 ratione

821 497 1106 542 secernunt.

265 594 394 653 Quid
418 594 548 659 quod
582 601 632 644 et
656 594 882 644 Felicitas
923 595 1013 644 dea
1052 591 1162 644 est?
1202 595 1385 645 Aedem
1425 599 1628 663 accepit,
1669 613 1802 648 aram

115 670 311 736 meruit,
352 683 489 717 sacra
522 684 739 733 congrua
771 668 1023 734 persoluta
1062 675 1192 718 sunt.
1269 669 1379 734 Ipsa
1419 685 1536 734 ergo
1578 671 1679 720 sola
1719 687 1797 720 co·
1834 682 1862 722 5

114 743 315 792 leretur.
392 741 486 791 Ubi
525 744 658 791 enim
695 744 801 807 ipsa
834 750 979 808 esset,
1020 742 1137 807 quid
1177 742 1295 792 honi
1335 759 1432 792 non
1474 741 1641 793 esset?
1704 744 1801 794 Sed

114 816 233 881 quid
279 815 375 865 sibi
419 815 544 881 vult,
592 816 724 881 quod
776 823 826 865 et
863 815 1082 865 Fortuna
1121 815 1211 865 dea
1250 823 1453 881 putatur
1493 824 1542 866 et
1583 816 1800 868 colitur?

114 891 189 939 An
228 889 358 939 aliud
398 897 474 939 est
512 889 740 955 felicitas,
780 889 911 939 aliud
951 887 1186 939 fortuna?
1235 890 1361 948 Quia
1400 891 1597 940 fortuna
1637 898 1800 957 potest

112 979 223 1012 esse
264 970 314 1012 et
353 962 497 1029 mala;
544 963 751 1012 felicitas
791 970 955 1012 autem
995 965 1038 1012 si
1076 963 1200 1012 mala
1240 964 1412 1030 fuerit,
1452 965 1661 1014 felicitas
1701 981 1800 1014 non

112 1039 223 1086 erit.
301 1036 444 1086 Certe
500 1051 672 1086 omnes
726 1037 844 1086 deos
899 1039 1159 1100 utriusque
1215 1053 1363 1086 sexus
1412 1033 1480 1105 (si
1529 1046 1577 1087 et
1628 1054 1801 1088 sexum
1836 1049 1891 1089 10

112 1105 320 1176 habent)
369 1125 468 1158 non
515 1112 612 1159 nisi
656 1110 813 1159 bonos
866 1112 1146 1160 existimare
1187 1110 1438 1160 debemus
1515 1111 1620 1160 Hoc
1659 1112 1797 1161 Plato

112 1184 246 1250 dicit,
284 1183 379 1232 hoc
419 1182 500 1232 alii
530 1183 824 1251 philosophi,
864 1184 957 1232 hoc
997 1183 1294 1233 excellentes
1335 1187 1409 1233 rei
1448 1184 1671 1249 publicae
1711 1201 1797 1250 po-

112 1257 442 1322 pulorumque
490 1264 724 1306 rectores
803 1256 911 1314 Quo
959 1257 1104 1306 modo
1153 1273 1270 1322 ergo
1319 1257 1408 1306 dea
1448 1258 1665 1307 Fortuna
1713 1258 1797 1308 ali-

112 1331 307 1396 quando
347 1330 476 1380 bona
515 1337 605 1396 est,
644 1330 904 1396 aliquando
944 1327 1105 1380 mala?
1155 1331 1229 1380 An
1270 1331 1395 1380 forte
1438 1331 1633 1396 quando
1675 1332 1799 1381 mala

111 1411 211 1472 est,
264 1404 356 1454 dea
408 1419 508 1454 non
554 1411 652 1471 est,
707 1405 795 1454 sed
848 1407 900 1454 in
947 1403 1215 1468 malignum
1263 1405 1552 1454 daemonem
1593 1412 1798 1471 repente
1835 1415 1887 1455 15

112 1475 454 1529 convertitur}>
509 1477 640 1536 Quot
679 1487 796 1529 sunt
834 1494 952 1543 ergo
993 1477 1112 1528 deae
1150 1476 1314 1528 istae?
1387 1479 1617 1528 Profecto
1658 1487 1798 1544 quot-

111 1560 234 1617 quot
285 1553 511 1602 homines
565 1553 826 1619 fortunati,
879 1551 975 1602 hoc
1030 1558 1105 1602 est
1151 1551 1309 1602 bonae
1360 1553 1601 1602 fortunae.
1679 1553 1802 1602 Nam

112 1640 228 1676 cum
252 1629 352 1675 sint
375 1633 424 1675 et
447 1626 528 1675 alii
559 1625 760 1691 plurimi
793 1625 954 1692 simul,
995 1625 1090 1675 hoc
1122 1633 1198 1676 est
1229 1641 1328 1675 uno
1368 1633 1607 1692 tempore,
1647 1626 1799 1675 malae

112 1701 362 1767 fortunae,
401 1699 665 1765 numquid,
712 1703 755 1750 si
792 1702 899 1766 ipsa
939 1707 1097 1766 esset,
1138 1699 1285 1749 simul
1324 1706 1373 1749 et
1411 1699 1540 1748 bona
1580 1706 1711 1749 esset
1751 1706 1801 1749 et

112 1773 257 1840 mala;
296 1773 374 1823 his
407 1773 554 1840 aliud,
593 1773 689 1823 illis
722 1770 888 1823 aliud‘?
927 1773 1002 1822 An
1040 1773 1135 1838 illa,
1175 1789 1300 1838 quae
1341 1773 1432 1822 dea
1471 1780 1562 1839 est,
1603 1788 1799 1838 semper
1832 1783 1889 1823 20

113 1855 187 1898 est
218 1843 381 1897 bona?
434 1847 546 1913 Ipsa
576 1854 652 1897 est
691 1863 808 1913 ergo
848 1846 1098 1897 Felicitas:
1139 1863 1228 1896 cur
1268 1845 1566 1905 adhibentur
1606 1846 1800 1895 diversa

113 1917 344 1971 nomina?
422 1919 519 1970 Sed
565 1919 660 1970 hoc
713 1920 973 1970 ferendum
1013 1927 1109 1986 est3
1158 1920 1283 1970 solet
1322 1922 1454 1969 enim
1495 1927 1544 1969 et
1583 1935 1680 1970 una
1719 1935 1799 1969 res

109 1994 306 2044 duobus
346 1993 629 2044 nominibus
678 1993 925 2060 appellari.
1003 1993 1132 2052 Quid
1171 1994 1392 2044 diversae
1432 1993 1602 2059 aedeS,
1641 1993 1798 2042 diver·

111 2083 195 2119 sae
235 2083 362 2134 arae,
401 2067 594 2117 diversa
633 2064 807 2118 sacra?
876 2067 966 2117 Est
1005 2083 1165 2134 causa,
1205 2069 1458 2134 inquiunt„
1493 2069 1607 2132 quia
1645 2067 1797 2116 felici-

112 2148 188 2191 tas
241 2142 322 2191 illa
376 2148 473 2207 est,
528 2157 675 2206 quam
720 2142 839 2191 boni
885 2141 1069 2191 habent
1124 2140 1536 2207 praecedentibus
1584 2143 1797 2206 meritis3
1832 2151 1886 2190 25

113 2215 310 2265 fortuna
349 2230 483 2282 vern,
538 2231 662 2280 quae
696 2215 878 2266 dicitur
917 2214 1060 2282 bona,
1101 2217 1206 2265 sine
1247 2214 1346 2265 ullo
1389 2216 1611 2264 examine
1651 2216 1798 2263 meri-

114 2295 279 2339 torum
317 2289 522 2338 fortuito
563 2289 742 2339 accidit
778 2288 1062 2339 hominibus
1103 2295 1152 2338 et
1190 2288 1333 2338 bonis
1374 2295 1424 2338 et
1463 2287 1623 2354 maliS,
1665 2287 1796 2337 unde

111 2364 259 2412 etiam
282 2362 500 2412 Fortuna
530 2365 826 2413 nominatur.
905 2362 1012 2421 Quo
1046 2363 1190 2412 modo
1225 2378 1342 2428 ergo
1376 2362 1503 2411 bona
1543 2368 1633 2427 est,
1673 2375 1796 2426 quae

115 2436 219 2484 sine
257 2435 356 2485 ullo
389 2435 571 2486 iudicio
603 2439 738 2487 venit
776 2443 826 2488 et
864 2436 924 2486 ad
962 2436 1119 2486 bonos
1159 2443 1209 2486 et
1249 2437 1307 2486 ad
1347 2431 1535 2485 malos?
1575 2435 1639 2484 Ut
1678 2433 1795 2499 quid

113 2514 277 2558 autem
316 2509 516 2578 colitur,
556 2526 680 2575 quae
721 2513 788 2560 ita
827 2525 972 2559 caeca
1011 2516 1087 2560 est
1124 2512 1307 2575 passim
1346 2512 1398 2558 in
1438 2507 1684 2574 quoslibet
1723 2508 1794 2555 in-
1828 2517 1885 2556 30

111 2595 345 2650 currens,
398 2590 455 2632 ut
504 2599 622 2633 suos
673 2584 889 2634 cultores
939 2583 1233 2649 plerumque
1284 2588 1564 2648 praetereat
1603 2587 1652 2630 et
1692 2582 1795 2629 suis

231 2758 256 2796 3
288 2754 444 2820 malim
483 2755 778 2821 secernant]
817 2758 842 2798 5
877 2767 1031 2811 congr.
1072 2753 1432 2804 A¹K¹FParr.;
1465 2751 1510 2795 ei
1540 2764 1694 2807 congr.
1725 2763 1751 2793 v
1782 2750 1796 2823 Η

111 2813 172 2911 ἐξ
202 2813 503 2915 cegrtneaffiffl
510 2813 565 2856 K
582 2815 596 2870 ΙΙ
620 2818 675 2857 21
703 2814 885 2857 diuersa
910 2813 1115 2866 GAKF,·
1147 2812 1237 2856 duo
1262 2826 1287 2855 v
1311 2813 1326 2868 ss
1351 2816 1404 2854 22
1432 2825 1478 2854 se
1503 2810 1583 2853 dei:
1608 2810 1695 2853 hoc
1720 2808 1765 2853 A
1783 2831 1797 2866 1.
