2020 3122
156 1094 207 1134 10

154 1462 207 1501 15

153 1830 208 1870 20

155 2195 208 2234 25

243 130 349 183 140
913 142 946 176 s.
971 141 1246 176 ,mensi-ml

838 322 1035 378 CAPUT
1074 323 1325 378 XXVIII.

286 449 459 507 Qualis
494 447 659 509 suerit
696 448 908 498 Sullana
947 451 1187 510 victoria,
1227 450 1414 498 vindex
1453 448 1730 498 Marianae
1767 462 1884 498 cru-

966 524 1199 571 delitatis.

390 641 587 691 Sullana
637 656 753 690 vero
800 642 1003 690 victoria
1051 647 1242 706 secuta,
1290 639 1438 690 huius
1478 639 1705 690 videlicet
1743 640 1922 691 vindex

241 715 575 781 crudelitatiS,
629 721 742 779 post
796 721 987 764 tantum
1042 716 1331 779 sanguinem
1387 715 1596 780 civium,
1658 730 1755 779 quo
1811 715 1923 765 fuso

241 795 521 855 comparata
569 789 752 855 fuerat,
806 787 943 838 finito
991 790 1089 837 iam
1134 787 1262 836 bello
1318 789 1588 837 inimicitiis
1644 788 1923 838 viventibus
1957 791 1965 800 ‘

241 862 491 912 crudelius
522 865 573 912 in
604 877 724 927 pace
749 869 967 926 grassata
1000 869 1089 910 est.
1166 860 1268 910 Iam
1307 861 1454 910 etiam
1491 868 1605 926 post
1643 861 1783 911 Marii
1822 878 1921 912 ma·

239 938 359 986 ioris
390 937 624 1001 pristinas
656 950 711 984 ac
743 937 1110 984 recentissimas
1143 933 1317 983 caedes
1349 933 1540 984 additae
1573 934 1771 985 fuerant
1803 936 1922 986 aliae

239 1011 489 1074 graviores
535 1025 562 1058 a
607 1008 759 1058 Mario
806 1010 983 1058 iuvene
1030 1015 1177 1073 atque
1225 1007 1448 1057 Carbone
1496 1008 1765 1058 earundem
1811 1026 1922 1075 par-

241 1085 364 1134 tium
411 1079 763 1149 Marianarum,
810 1084 895 1147 qui
936 1081 1071 1131 Sulla
1108 1083 1396 1131 imminente
1436 1097 1534 1131 non
1574 1082 1735 1132 solum
1774 1085 1924 1133 victo-

239 1160 384 1224 riam,
452 1172 625 1206 verum
679 1158 826 1206 etiam
874 1158 1030 1221 ipsam
1085 1155 1407 1221 desperantes
1475 1155 1683 1205 salutem
1745 1165 1923 1208 cuncta

241 1233 343 1281 suis
398 1230 504 1280 aliis
559 1229 791 1279 caedibus
845 1229 1188 1295 impleverunt.
1279 1228 1400 1279 Nam
1453 1236 1652 1295 praeter
1706 1238 1922 1296 stragem

239 1305 334 1354 late
388 1319 478 1370 per
533 1304 722 1353 diversa
770 1304 996 1353 diffusam
1043 1303 1246 1352 obsesso
1294 1305 1440 1352 etiam
1487 1310 1662 1353 senatu
1710 1304 1770 1354 de
1817 1307 1937 1370 ipsa'

241 1380 406 1445 curia,
460 1385 709 1442 tamquam
755 1377 814 1426 de
868 1392 1067 1426 carcere
1077 1417 1091 1443 ,
1137 1376 1540 1442 producebantur
1587 1377 1647 1427 ad
1694 1377 1923 1442 gladium.

240 1452 432 1501 Mucius
480 1450 711 1501 Scaevola
756 1452 1001 1517 pontifex,
1048 1453 1278 1515 quoniam
1325 1450 1447 1500 nihil
1494 1451 1622 1516 apud
1674 1451 1922 1502 Romanos

242 1526 422 1591 templo
468 1525 643 1575 Vestae
690 1527 908 1575 sanctius
954 1524 1248 1591 habebatur,
1295 1540 1429 1574 aram
1474 1526 1632 1590 ipsam
1670 1526 1924 1591 amplexus

241 1601 436 1649 occisus
475 1606 572 1665 est,
610 1600 873 1664 ignemque
912 1598 1075 1665 illum,
1115 1600 1201 1664 qui
1238 1605 1478 1664 perpetua
1518 1614 1638 1648 cura
1676 1601 1922 1664 virginum

242 1688 436 1738 semper
490 1639 718 1739 audebat,
773 1688 862 1722 suo
918 1687 1072 1737 paene
1128 1674 1365 1737 sanguine
1421 1674 1642 1722 extinxit.
1735 1672 1921 1724 Urbem

241 1746 415 1796 deinde
458 1746 592 1796 Sulla
628 1747 787 1796 victor
822 1748 1073 1812 intravit,
1092 1748 1176 1811 qui
1213 1749 1265 1795 in
1303 1745 1414 1795 villa
1452 1745 1648 1811 publica
1687 1762 1786 1796 non
1826 1749 1922 1797 iam

239 1820 390 1887 bello,
445 1820 531 1870 sed
577 1822 683 1885 ipsa
729 1835 848 1886 pace
905 1822 1150 1869 saeviente
1213 1827 1405 1885 septem
1458 1819 1590 1869 milia
1644 1819 1925 1870 deditorum

242 1889 398 1961 (unde
431 1896 604 1958 utique
640 1888 872 1962 inermia)
906 1909 1004 1942 non
1028 1894 1307 1960 pugnando,
1339 1893 1426 1942 sed
1457 1892 1672 1943 iubendo
1705 1902 1922 1959 prostra-

241 1974 392 2016 verat.
467 1967 523 2016 In
562 1967 693 2018 Urbe
733 1975 897 2018 autem
937 1974 1038 2017 tota
1077 1983 1226 2032 quem
1265 1967 1411 2016 vellet
1444 1966 1672 2016 Sullanus
1712 1970 1922 2033 quisque

242 2040 474 2106 feriebat,
513 2042 644 2091 unde
683 2049 758 2091 tot
796 2042 970 2091 funera
1009 2043 1262 2091 numerari
1301 2042 1499 2090 omnino
1539 2056 1639 2090 non
1678 2049 1924 2108 poterant,

242 2115 398 2164 donec
447 2114 607 2164 Sullae
655 2122 1007 2180 suggereretur
1053 2115 1288 2164 sinendos
1335 2130 1442 2164 esse
1498 2114 1688 2179 aliquos
1742 2117 1924 2183 vivere,

242 2195 298 2237 ut
345 2195 513 2237 essent
559 2188 739 2253 quibus
785 2197 988 2254 possent
1042 2191 1285 2254 imperare
1342 2190 1427 2252 qui
1471 2190 1703 2237 vicerant.
1782 2189 1922 2238 Tunc

241 2264 337 2310 iam
377 2260 589 2312 cohibita
629 2277 753 2326 quae
798 2262 890 2311 hac
937 2269 1083 2327 atque
1131 2262 1222 2312 hac
1267 2264 1452 2327 passim
1489 2261 1755 2311 furibunda
1794 2263 1920 2311 fere-

242 2334 387 2384 batur
432 2334 630 2384 licentia
674 2335 946 2400 iugulandi,
993 2335 1157 2385 tabula
1202 2335 1282 2385 illa
1329 2350 1442 2384 cum
1489 2349 1662 2400 magna
1709 2336 1918 2400 gratula-

242 2410 375 2457 tione
429 2410 681 2473 proposita
734 2415 829 2475 est,
883 2424 1008 2472 quae
1063 2409 1319 2458 hominum
1373 2424 1432 2457 ex
1456 2415 1690 2472 ⁴utroque
1747 2409 1920 2459 ordine

244 2481 521 2547 splendido,
560 2484 781 2546 equestri
820 2482 1008 2531 scilicet
1047 2489 1195 2546 atque
1235 2483 1497 2543 senatorio,
1538 2482 1922 2532 occidendorum

155 2565 210 2604 30
244 2571 300 2605 ac
354 2554 825 2620 proscribendorum
879 2555 975 2604 duo
1030 2554 1161 2604 milia
1215 2554 1513 2604 continebat.
1591 2553 1925 2606 Contristabat

243 2644 496 2696 numerUS,
535 2629 620 2678 sed
661 2627 1006 2678 consolabatur
1045 2629 1242 2695 modus3
1289 2644 1381 2677 nec
1421 2631 1535 2693 quia
1574 2635 1647 2678 tot
1686 2626 1925 2679 cadebant
1979 2676 1993 2679 I

243 2710 434 2752 tantum
483 2710 588 2752 erat
639 2704 900 2769 maeroriS,
949 2710 1188 2767 quantum
1226 2701 1437 2751 laetitiae
1479 2704 1592 2766 quia
1632 2704 1785 2752 ceteri
1824 2717 1923 2751 non

363 2878 418 2917 12
452 2873 544 2917 suis
578 2873 682 2917 aliis
713 2872 954 2917 KFParr.
985 2876 1111 2929 (118,
1143 2877 1245 2930 33),·
1277 2873 1370 2917 suis
1401 2872 1657 2928 alienisque
1688 2886 1714 2917 v
