2020 3122
549 120 616 153 DE
639 119 878 154 CIVITATE
902 122 992 155 DEI
1014 123 1056 156 L.
1081 125 1189 157 vm.
1213 124 1251 158 o.
1275 126 1307 158 5.
1663 111 1768 163 327

86 234 207 300 quid
254 247 378 298 opus
425 241 501 283 est
548 240 779 283 excutere
828 233 1056 284 ceteros?
1132 236 1263 285 Nulli
1310 237 1451 286 nobis
1500 253 1646 302 quam
1685 240 1767 287 isti

87 309 293 374 propius
325 315 656 356 accesserunt.
734 306 886 356 Cedat
916 310 988 356 eis
1012 311 1164 373 igitur
1188 325 1287 358 non
1327 311 1484 360 solum
1524 311 1768 375 theologia

86 382 168 432 illa
214 380 434 431 fabulosa
481 381 686 430 deorum
735 381 1025 430 criminibus
1072 382 1323 432 oblectans
1370 387 1557 433 animos
1596 387 1768 449 impio-

83 471 224 521 rum,
280 470 371 504 nec
422 454 581 504 solum
631 456 777 503 etiam
825 454 904 503 illa
945 455 1099 504 civilis
1113 495 1125 521 ,
1178 456 1264 504 ubi
1302 459 1467 521 inpuri
1507 458 1769 507 daemones

87 528 410 579 terrestribus
442 528 632 593 gaudiis
664 528 856 577 deditos
894 529 1104 593 populos
1144 529 1350 578 deorum
1390 533 1585 580 nomine
1626 531 1767 580 sedu-
1801 541 1827 580 5

85 610 257 652 centes
305 602 546 651 humanos
598 617 795 651 errores
846 609 1095 666 tamquam
1146 618 1261 651 suos
1318 603 1507 652 divinos
1556 605 1770 653 honores

85 675 266 725 habere
307 675 590 742 voluerunt,
642 676 700 724 ad
749 676 1042 740 spectandos
1083 691 1287 725 suorum
1327 679 1590 725 criminum
1629 678 1770 726 ludos

87 749 304 800 cultores
354 765 471 798 suos
522 757 770 814 tamquam
821 750 880 798 ad
931 765 1078 799 suum
1125 750 1313 799 cultum
1360 751 1537 799 studiis
1576 753 1769 799 inmun-

84 823 302 873 dissimis
351 825 622 872 excitantes
671 830 721 872 et
769 823 864 872 sibi
912 823 1304 873 delectabiliores
1354 824 1497 873 ludos
1545 824 1603 873 de
1650 826 1770 888 ipsis

43 944 47 947 .
87 896 448 962 spectatoribus
481 897 770 946 exhibentes
810 892 921 964 (ubi
962 900 1004 946 si
1043 913 1138 962 qua
1176 898 1310 947 velut
1347 898 1555 946 honesta
1593 913 1770 962 gerun-
1806 907 1861 947 10

84 978 168 1020 tur
199 973 251 1019 in
289 970 501 1036 templiS,
542 973 804 1020 coniuncta
843 971 938 1020 sibi
977 971 1283 1020 theatrorum
1324 971 1627 1020 obscenitate
1667 979 1769 1020 tur-

84 1052 287 1110 pantur,
327 1051 377 1093 et
416 1059 755 1109 quaecumque
796 1047 958 1109 turpia
998 1052 1243 1109 geruntur
1282 1047 1333 1094 in
1372 1045 1600 1110 theatris,
1641 1060 1770 1094 com·

84 1125 254 1183 parata
292 1117 387 1166 sibi
432 1118 728 1183 templorum
777 1118 1010 1168 foeditate
1058 1114 1369 1186 laudantur),
1425 1125 1474 1168 et
1513 1134 1595 1185 ea,
1646 1134 1771 1183 quae

86 1191 238 1241 Varro
279 1207 339 1240 ex
378 1191 455 1240 his
488 1194 641 1241 sacris
681 1195 822 1257 quasi
860 1193 919 1241 ad
960 1193 1150 1242 caelum
1191 1199 1239 1241 et
1277 1200 1463 1241 terram
1501 1207 1769 1256 rerumque

85 1265 367 1315 mortalium
421 1268 613 1315 semina
663 1273 712 1315 et
766 1263 905 1315 actus
955 1269 1311 1332 interpretatus
1365 1273 1441 1315 est
1488 1261 1627 1333 (quia
1678 1281 1769 1314 nec
1804 1276 1859 1315 15

84 1341 191 1404 ipsa
229 1339 324 1388 illis
355 1339 536 1388 ritibus
568 1340 922 1407 significantur,
962 1356 1086 1405 quae
1118 1342 1224 1405 ipse
1257 1341 1509 1389 insinuare
1550 1346 1770 1404 conatur,

85 1420 137 1462 et
175 1413 285 1462 ideo
326 1414 506 1462 veritas
547 1420 807 1463 conantem
846 1429 945 1462 non
986 1416 1235 1479 sequitur3
1276 1421 1326 1462 et
1365 1415 1406 1462 si
1446 1415 1551 1478 ipsa
1590 1420 1771 1478 essent,

61 1493 251 1536 ‘tamen
283 1488 471 1536 animae
503 1487 730 1536 rationali
760 1503 831 1553 ea,
872 1502 996 1552 quae
1021 1489 1149 1537 infra
1181 1487 1312 1536 illam
1352 1494 1556 1536 naturae
1596 1486 1769 1536 ordine

85 1563 355 1610 constituta
387 1568 517 1627 sunt,
556 1577 646 1626 pro
678 1561 771 1610 deo
811 1577 901 1610 suo
942 1562 1145 1611 colenda
1186 1577 1284 1610 non
1325 1567 1505 1626 essent,
1545 1575 1637 1609 nec
1677 1559 1771 1608 sibi

85 1633 258 1682 debuit
310 1635 562 1699 praeferre
616 1643 864 1700 tamquam
920 1636 1040 1685 deos
1090 1651 1171 1684 eas
1222 1650 1303 1683 res
1315 1674 1329 1700 ,
1384 1634 1564 1698 quibus
1614 1636 1771 1698 ipsam
1803 1644 1863 1684 20

85 1707 319 1772 praetulit
371 1723 519 1757 verus
573 1704 754 1777 Deus),
809 1716 859 1758 et
897 1725 974 1775 ea,
1029 1724 1154 1773 quae
1202 1708 1359 1757 Numa
1404 1707 1675 1772 Pompilius
1714 1722 1768 1755 re

87 1796 203 1830 vera
256 1781 315 1830 ad
370 1797 508 1831 sacra
563 1784 670 1832 eius
725 1782 857 1831 modi
910 1784 1208 1848 pertinentia
1262 1796 1432 1830 secum
1486 1780 1768 1845 sepeliendo

87 1857 276 1904 curavit
326 1854 561 1904 abscondi
613 1863 664 1905 et
712 1863 876 1904 aratro
925 1863 1067 1905 eruta
1115 1861 1315 1904 senatus
1360 1856 1505 1903 iussit
1558 1853 1769 1902 incendi.

84 1922 168 1995 (In
207 1943 265 1976 eo
305 1944 486 1993 genere
519 1936 636 1979 sunt
675 1931 822 1979 etiam
859 1929 953 1997 illa,
991 1937 1047 1979 ut
1086 1929 1268 1994 aliquid
1307 1928 1366 1977 de
1405 1927 1563 1977 Numa
1600 1929 1768 1976 mitius

87 2003 424 2068 suspicemur,
480 2018 603 2066 quae
654 2003 928 2052 Alexander
971 2002 1171 2052 Macedo
1223 2001 1396 2051 scribit
1449 2001 1508 2049 ad
1563 2007 1769 2050 matrem
1800 2011 1862 2051 25

91 2074 185 2124 sibi
238 2091 265 2124 a
318 2090 494 2140 magno
557 2078 774 2125 antistite
837 2092 1094 2126 sacrorum
1147 2076 1496 2140 Aegyptiorum
1558 2074 1771 2139 quodam

89 2147 253 2198 Leone
300 2150 565 2215 patefacta,
611 2149 697 2199 ubi
743 2166 843 2199 non
882 2150 1031 2200 Picus
1078 2158 1128 2199 et
1166 2149 1364 2198 Faunus
1405 2156 1455 2198 et
1492 2149 1681 2197 Aeneas
1721 2154 1770 2196 et

85 2220 324 2272 Romulus
363 2223 439 2272 vel
486 2226 632 2272 etiam
670 2223 910 2273 Hercules
961 2231 1010 2273 et
1048 2223 1368 2287 Aesculapius
1408 2230 1458 2271 et
1495 2221 1644 2270 Liber
1684 2221 1768 2269 Se-

85 2295 211 2351 mela
235 2303 380 2346 natus
412 2304 463 2346 et
485 2297 790 2362 Tyndaridae
831 2299 1009 2347 fratres
1049 2304 1099 2346 et
1137 2299 1178 2346 si
1218 2312 1342 2361 quos
1382 2296 1501 2344 alios
1542 2311 1601 2344 ex
1639 2309 1768 2343 mor-

88 2368 266 2419 talibus
304 2386 395 2435 pro
436 2371 529 2420 diis
568 2371 773 2437 habent,
820 2371 906 2421 sed
946 2373 1041 2436 ipsi
1081 2373 1228 2420 etiam
1267 2371 1508 2418 maiorum
1539 2371 1767 2433 'gentium
1798 2378 1857 2417 30

87 2441 175 2508 dii,
221 2459 345 2508 quos
386 2443 558 2493 Cicero
606 2447 656 2494 in
697 2445 990 2494 Tusculanis
1037 2446 1199 2494 tacitis
1245 2442 1526 2492 nominibus
1573 2441 1766 2490 videtur

87 2515 366 2583 adtingere,
414 2517 660 2584 luppiter,
706 2518 854 2585 Iuno,
904 2519 1173 2583 Saturnus,
1219 2517 1494 2580 VulcanuS,
1533 2514 1677 2563 Vesta
1717 2520 1766 2561 et

203 2646 276 2700 31)
313 2650 351 2701 1,
386 2650 453 2691 13.

83 2793 196 2835 nata.
226 2791 350 2844 A2d,·
390 2806 550 2837 secura
587 2793 685 2838 K¹v
722 2795 776 2847 (l.
808 2798 868 2839 21
902 2806 937 2837 e.
971 2798 1056 2845 17‚·
1093 2793 1122 2837 l.
1155 2795 1221 2836 22
1254 2803 1290 2834 c,
1323 2793 1383 2834 30
1414 2789 1499 2842 in.)
1542 2788 1557 2843 ΙΙ
1605 2790 1659 2830 10
1691 2799 1766 2830 ex·

84 2851 204 2906 pech.
235 2851 334 2894 AF
352 2853 368 2908 ΙΙ
394 2856 447 2897 18
479 2852 683 2897 naturali
713 2867 738 2897 v
762 2854 778 2909 ΙΙ
802 2856 857 2896 28
890 2852 1062 2896 semele
1093 2849 1263 2894 A2KF
