2038 3152
35 2551 46 2595 ἰ

146 979 200 1018 10

145 1431 197 1469 15

142 1854 198 1894 20

142 2218 197 2257 25

236 185 303 236 12
899 195 932 228 s.
956 193 1231 228 AUGUSTINI

232 309 490 356 inmanitas
532 306 735 356 barbara
775 314 872 355 tam
912 307 1043 354 mitis
1082 305 1327 370 apparuit,
1367 310 1423 352 ut
1462 303 1788 368 amplissimae
1827 304 1912 355 ba-

233 381 394 429 silicae
428 379 699 445 implendae
738 379 918 444 populo
951 381 1031 428 cui
1068 383 1357 443 parceretur
1397 376 1700 441 eligerentur
1739 385 1788 427 et
1826 378 1910 428 de-

233 462 577 519 cernerentur,
631 452 717 502 ubi
763 468 906 502 nemo
955 453 1211 516 feriretur,
1258 449 1388 499 unde
1437 465 1580 499 nemo
1635 458 1914 519 raperetur,

234 542 330 591 quo
363 526 614 583 „liberandi
661 526 802 575 multi
847 541 874 574 a
920 523 1268 574 miserantibus
1317 523 1542 573 hostibus
1590 524 1914 591 ducerentur,

232 599 363 648 unde
395 599 668 664 captivandi
706 599 793 648 ulli
831 614 922 647 nec
962 614 988 646 a
1037 597 1320 647 crudelibus
1350 596 1575 646 hostibus
1606 597 1909 648 abduceren-

232 681 334 722 tur:
380 673 473 722 hoc
514 672 696 721 Christi
735 674 941 738 nomini,
991 672 1083 720 hoc
1123 670 1398 720 Christiano
1438 673 1651 735 tempori
1688 672 1909 722 tribuen-

232 746 347 795 dum
380 747 603 810 quisquis
636 760 734 794 non
758 745 903 810 videt,
942 760 1132 810 cachS,
1173 745 1395 808 quisquis
1427 744 1560 793 videt
1598 759 1690 794 nec
1729 745 1912 812 laudat,

231 821 466 883 ingratUS,
507 821 729 883 quisquis
767 818 983 867 laudanti
1021 818 1306 879 reluctatur,
1346 820 1549 867 insanus
1588 825 1678 868 est.
1754 818 1911 886 Absit,

233 900 288 941 ut
340 892 557 956 prudens
611 894 871 956 quisquam
930 891 1023 940 hoc
1085 892 1268 940 feritati
1320 893 1515 956 inputet
1567 891 1907 943 barbarorum.

231 965 695 1014 Truculentissimas
749 972 798 1013 et
851 966 1155 1014 saevissimas
1202 970 1392 1014 mentes
1439 964 1518 1014 ille
1573 968 1775 1027 terruit,
1827 967 1910 1015 ille

233 1039 460 1099 frenavit,
514 1038 594 1086 ille
642 1037 930 1086 mirabiliter
984 1039 1293 1103 temperavit,
1347 1040 1432 1103 qui
1478 1054 1569 1103 per
1614 1040 1908 1105 prophetam

235 1118 367 1160 tanto
401 1110 512 1160 an‘te
551 1111 695 1160 dixit:
758 1111 975 1161 Visitabo
1023 1114 1074 1160 in
1122 1114 1270 1173 vir-qa
1313 1114 1606 1173 iniquitates
1646 1127 1820 1163 eorum
1861 1120 1912 1163 et

233 1187 283 1232 in
316 1187 534 1245 flayellis
580 1191 796 1246 peecata
844 1199 1047 1242 eorum;
1093 1187 1495 1234 misericordiam
1543 1191 1710 1235 autem
1748 1202 1910 1238 meam

233 1271 330 1307 non
371 1260 657 1319 disperqam
696 1259 759 1306 ab
800 1261 883 1307 eie.

884 1413 1077 1469 CAPUT
1110 1415 1257 1468 VIII.

275 1521 350 1568 De
388 1523 655 1570 commodis
694 1527 844 1582 atque
884 1524 1217 1582 incommodiS,
1258 1538 1388 1583 quae
1428 1526 1568 1574 bonis
1608 1541 1671 1575 ac
1710 1530 1855 1576 malis

671 1598 968 1656 plerumque
1007 1598 1288 1644 communia
1327 1604 1454 1646 sunt.

375 1694 515 1745 Dicet
545 1696 744 1760 aliquis:
782 1697 912 1763 „Cur
944 1712 1060 1762 ergo
1084 1699 1176 1746 ista
1201 1698 1363 1748 divina
1386 1701 1723 1751 misericordia
1749 1705 1899 1753 etiam

230 1766 289 1815 ad
327 1769 502 1832 impios
539 1772 852 1834 ingratosque
892 1767 1181 1834 pervenit‘?“
1225 1771 1324 1820 Cur
1362 1781 1612 1842 putamuS,
1653 1778 1749 1826 nisi
1788 1779 1903 1842 quia

231 1841 439 1890 camille
464 1842 704 1908 praebuit,
743 1845 827 1908 qui
852 1844 1028 1892 cotidie
1063 1844 1196 1905 facit
1233 1849 1365 1895 oriri
1393 1850 1543 1897 solem
1573 1865 1718 1898 suum
1748 1866 1905 1914 super

230 1915 380 1963 bonos
418 1923 466 1964 et
503 1919 656 1965 malos
695 1923 743 1966 et
773 1920 906 1979 pluit
941 1933 1094 1979 super
1133 1920 1287 1967 iustos
1326 1926 1375 1968 et
1412 1923 1653 1972 iniustos?
1724 1923 1903 1982 Quam·

228 1988 299 2035 vis
339 1989 468 2036 enim
508 1989 705 2053 quidam
729 2005 900 2038 eorum
938 1992 1030 2039 ista
1068 1993 1337 2055 cogitantes
1375 1996 1670 2058 paenitendo
1710 1997 1769 2046 ab
1808 1999 1898 2046 im-

227 2061 406 2123 pietate
454 2077 505 2110 se
554 2064 822 2129 corrigant,
869 2063 1064 2126 quidam
1110 2079 1225 2113 vero
1237 2105 1251 2130 ,
1298 2068 1426 2115 sicut
1474 2069 1725 2133 apostolus
1765 2070 1902 2136 dicit,

229 2134 430 2182 divitias
455 2136 690 2184 bonitatis
714 2143 762 2185 et
792 2139 1184 2197 lonqanimitatis
1208 2140 1306 2187 Dei
1328 2147 1701 2192 contemnentes
1724 2159 1903 2194 seeun-

230 2207 346 2254 dum
386 2209 627 2257 duritiam
666 2212 837 2258 cord-is
875 2212 957 2257 sui
1000 2216 1048 2258 et
1085 2225 1175 2259 eor
1215 2214 1527 2274 impaenitens
1568 2215 1906 2267 thesaurizent

228 2280 327 2328 sibi
363 2282 492 2328 iram
526 2284 575 2330 in
609 2284 691 2331 die
723 2286 834 2330 irae
864 2288 913 2331 et
942 2286 1261 2333 revelationis
1293 2288 1413 2335 iusti
1450 2291 1632 2338 iudicii
1668 2291 1777 2349 Dei,
1818 2294 1910 2352 qui

229 2354 407 2402 reddet
454 2357 726 2416 unicuique
772 2358 1047 2405 secundum
1086 2372 1240 2418 opera
1280 2362 1409 2408 eius:
1461 2367 1624 2412 tamen
1670 2365 1906 2428 patientia

229 2423 315 2473 Dei
355 2425 413 2474 ad
451 2429 798 2491 paenitentiam
836 2430 1007 2477 invitat
1045 2430 1218 2496 malOS,
1272 2434 1399 2482 sicut
1436 2434 1680 2499 flagellum
1719 2436 1807 2486 Dei
1845 2438 1906 2487 ad

227 2499 510 2561 patientiam
550 2501 712 2550 erudit
749 2501 927 2566 hon0s3
982 2503 1195 2567 itemque
1236 2506 1571 2557 misericordia
1611 2509 1699 2559 Dei
1738 2511 1903 2559 foven-

138 2583 195 2623 30
229 2570 317 2620 dos
347 2573 658 2637 amplectitur
682 2574 852 2640 bonoS,
892 2576 1020 2624 sicut
1059 2579 1291 2626 severitas
1316 2578 1402 2628 Dei
1433 2583 1711 2645 puniendos
1751 2585 1905 2632 corri-

347 2714 419 2770 14)
449 2714 523 2759 Ps.
558 2721 627 2771 88,
660 2721 714 2760 33
749 2731 813 2771 sq.
877 2718 950 2772 21)
982 2717 1063 2760 Mt.
1097 2722 1136 2773 5,
1170 2723 1239 2763 45.
1303 2722 1375 2775 27)
1408 2721 1538 2769 Rom.
1572 2728 1613 2780 2,
1645 2729 1673 2767 4
1706 2739 1804 2780 sqq.

310 2846 471 2946 t5AssFl’i
495 2848 538 2889 A
578 2850 592 2902 Η
632 2853 684 2890 12
717 2847 947 2903 praedixit
978 2862 1002 2892 v
1040 2851 1055 2903 Η
1094 2853 1147 2891 23
1182 2850 1420 2906 corrigunt
1450 2854 1494 2895 A
1534 2857 1549 2910 ss
1589 2860 1644 2899 25
1676 2855 1903 2900 thesauri-

223 2915 307 2944 zan

712 3004 738 3018 ..,
