2020 3122
148 914 203 953 10

151 1279 205 1319 15

152 1647 209 1686 20

156 2013 211 2053 25

154 2380 212 2419 30

233 117 340 169 408
909 127 945 160 s.
970 127 1246 161 Aueus'rnu

237 239 378 298 Quod
419 254 531 288 cum
581 239 745 288 multis
785 238 905 288 locis
944 239 1108 288 divina
1147 241 1392 304 scriptura
1432 245 1665 299 testetur,
1715 253 1776 286 ne
1816 237 1919 286 lon-
1958 285 1971 292 ,

236 329 352 378 gum
400 314 656 378 faciamuS,
702 311 850 362 breve
897 312 1016 362 illud
1067 313 1126 362 de
1165 313 1352 377 psalmo
1393 326 1778 361 commemorare
1819 311 1920 359 suf-

234 388 429 436 fecerit:
483 387 611 435 Dr’xz'
646 387 888 452 Donum,
942 388 1079 436 Deus
1117 401 1254 436 meus
1293 401 1345 434 es
1385 391 1455 451 tu,
1494 389 1730 447 quoniam
1769 385 1920 434 bono-

236 474 350 509 rum
402 474 626 508 meorum
681 475 780 509 non
836 475 964 521 eyes.
1042 459 1150 508 Non
1203 458 1362 508 solum
1416 460 1568 523 igitur
1614 472 1794 524 pecore
1845 455 1919 505 vel

239 532 455 597 qualibet
501 533 591 582 alia
638 549 691 582 re
741 533 1051 598 corruptibili
1098 539 1244 596 atque
1293 538 1515 598 terrena,
1573 532 1659 581 sed
1706 545 1767 580 ne
1815 531 1922 594 ipsa

235 607 435 673 quidem
474 608 660 656 iustitia
692 606 904 655 hominis
937 606 1068 655 Deus
1108 620 1253 669 egere
1295 605 1572 654 credendus
1612 613 1702 672 est,
1741 609 1921 655 totum-

238 697 333 746 que
383 681 513 745 quod
560 687 696 730 recte
744 679 921 729 colitur
968 679 1098 728 Deus
1138 679 1325 727 homini
1363 679 1625 745 prodesse,
1665 695 1763 728 non
1803 675 1920 725 De0.

236 755 409 819 Neque
451 756 582 802 enim
622 754 744 802 fonti
784 768 836 801 se
878 755 1138 817 quisquam
1178 752 1357 801 dixerit
1397 753 1728 819 consuluisse,
1769 751 1811 799 si
1850 748 1923 798 bi-

236 829 387 894 berit3
428 834 511 876 aut
544 827 657 893 luci,
697 829 739 876 si
774 826 961 875 viderit.
1038 826 1139 875 Nec
1172 825 1303 889 quod
1344 824 1402 874 ab
1444 828 1657 890 antiquis
1696 821 1921 891 patribus

236 902 328 951 alia
367 902 603 950 sacrificia
654 901 780 949 facta
821 906 936 948 sunt
974 901 1025 948 in
1064 900 1275 948 victimis
1314 914 1573 965 pecorum,
1625 915 1749 964 quae
1789 910 1922 945 nunc

236 975 324 1024 Dei
363 974 575 1039 populus
614 973 747 1039 legit,
786 988 886 1021 non
926 973 1064 1039 facit,
1104 972 1234 1021 aliud
1274 973 1658 1037 intellegendum
1696 980 1786 1040 est,
1826 969 1922 1018 nisi

235 1047 537 1103 rebus‘illis
591 1062 673 1096 eas
727 1062 809 1095 res
863 1047 1015 1095 fuisse
1064 1047 1383 1112 significatas,
1437 1062 1561 1110 quac
1611 1054 1825 1111 aguntur
1870 1044 1922 1090 in

237 1121 400 1188 nobiS‚
449 1120 507 1169 ad
555 1120 647 1169 hoc
695 1126 750 1169 ut
791 1119 1137 1168 inhaereamus
1178 1119 1277 1168 Deo
1326 1127 1375 1169 et
1426 1120 1484 1168 ad
1526 1120 1738 1169 eundem
1778 1121 1925 1168 tinem

236 1196 459 1261 proximo
509 1193 837 1243 consulamus.
916 1193 1221 1242 Sacrificium
1270 1208 1386 1257 ergo
1438 1192 1625 1242 visibile
1667 1189 1926 1242 invisibilis

240 1268 466 1318 sacrificii
515 1274 898 1332 sacramentum,
945 1266 993 1314 id
1034 1274 1110 1315 est
1149 1281 1344 1315 sacrum
1385 1269 1578 1332 signum
1619 1274 1707 1316 est.
1784 1261 1926 1316 Unde

236 1342 318 1391 ille
357 1334 614 1405 paenitens
655 1340 782 1405 apud
814 1339 1105 1405 prophetam
1144 1339 1219 1388 vel
1258 1341 1362 1404 ipse
1402 1340 1643 1405 propheta
1683 1355 1928 1405 quaerens

239 1415 396 1464 Deum
442 1416 658 1478 peccatis
707 1415 809 1462 suis
855 1412 1037 1462 habere
1084 1414 1381 1478 propitium:
1436 1415 1495 1462 Sz‘
1539 1416 1797 1476 voluisses,
1852 1415 1924 1462 in-

240 1490 369 1553 quit,
422 1490 758 1548 sacrificium,
814 1489 1058 1536 dedissem
1105 1490 1306 1547 aliquan
1359 1489 1665 1536 holocaustis
1703 1503 1803 1538 non
1843 1490 1919 1537 de-

241 1563 522 1612 lectaberis.
601 1562 928 1620 Sacrificium
967 1561 1072 1610 Deo
1111 1562 1323 1622 spiritus
1363 1563 1639 1619 contrz'lus;
1677 1575 1770 1610 eor
1808 1576 1925 1611 con-

243 1638 415 1685 tritum
448 1640 496 1683 et
526 1636 840 1684 humiliatum
873 1635 1014 1682 Deus
1045 1648 1144 1683 non
1175 1640 1391 1695 spernet.
1469 1633 1754 1683 Intueamur
1779 1649 1926 1699 quem

240 1709 300 1758 ad
350 1708 571 1773 modum,
619 1706 706 1756 ubi
752 1707 909 1756 Deum
955 1706 1077 1756 dixit
1123 1707 1251 1755 nolle
1299 1707 1617 1773 sacrificium,
1663 1707 1732 1757 ibi
1770 1707 1928 1758 Deum

242 1781 457 1831 ostendit
494 1780 616 1830 velle
656 1781 964 1830 sacrificium.
1042 1780 1151 1828 Non
1188 1780 1291 1829 vult
1330 1795 1446 1845 ergo
1488 1781 1783 1830 sacrificium
1822 1788 1926 1831 tru-

244 1855 391 1904 cidati
444 1856 669 1920 pecoris,
725 1860 772 1903 et
822 1853 926 1903 vult
980 1854 1276 1903 sacrificium
1329 1856 1531 1903 contriti
1585 1855 1762 1904 cordis,
1839 1854 1926 1903 Illo

244 1931 395 1993 igitur
435 1928 565 1991 quod
613 1943 726 1976 eum
773 1927 902 1976 nolle
950 1927 1089 1993 dicit,
1139 1927 1231 1976 hoc
1272 1928 1596 1993 significatur,
1643 1927 1774 1992 quod
1814 1943 1927 1978 eum

247 2002 367 2051 velle
424 2001 647 2050 subiecit.
741 2000 822 2049 Sic
875 2002 1040 2065 itaque
1094 2000 1174 2049 illa
1229 1999 1386 2049 Deum
1439 2000 1566 2050 nolle
1617 2001 1767 2067 dixit,
1830 2016 1927 2066 quo

245 2074 390 2123 modo
431 2074 489 2123 ab
532 2074 695 2124 stultis
736 2090 792 2123 ea
830 2073 953 2123 velle
994 2074 1229 2140 creditur,
1269 2074 1402 2124 velut
1441 2089 1557 2123 suae
1597 2076 1754 2139 gratia
1793 2074 1926 2123 volu·

243 2149 407 2214 ptatiS.
485 2147 606 2196 Nam
632 2150 673 2196 si
705 2163 760 2196 ea
793 2148 1033 2196 sacrificia
1065 2162 1188 2212 quae
1222 2147 1324 2197 vult
1363 2143 1601 2214 (quorum
1639 2148 1733 2196 hoc
1772 2162 1927 2198 unum

245 2227 341 2271 est:
382 2236 467 2269 cor
509 2223 777 2270 contritum
826 2227 874 2270 et
920 2220 1230 2270 humiliatum
1270 2221 1438 2270 dolore
1477 2216 1783 2288 paenitendi)
1823 2219 1925 2270 nol-

243 2295 312 2344 let
367 2296 437 2343 eis
492 2295 745 2343 sacrificiis
794 2295 1080 2361 significari,
1136 2309 1259 2358 quae
1308 2294 1442 2343 velut
1492 2294 1585 2343 sibi
1625 2293 1927 2344 delectabilia
1981 2327 1984 2330 -

245 2367 526 2417 desiderare
572 2374 773 2432 putatus
826 2374 922 2418 est:
972 2383 1072 2417 non
1123 2369 1293 2432 utique
1341 2367 1401 2416 de
1447 2367 1524 2416 his
1574 2368 1838 2416 offerendis
1875 2369 1927 2416 in

240 2441 347 2506 lege
395 2447 561 2490 vetere
608 2442 955 2506 praecepisset.
1031 2440 1094 2489 Et
1140 2441 1250 2490 ideo
1299 2441 1531 2490 mutanda
1571 2447 1712 2491 erant
1750 2455 1927 2506 oppor-

360 2570 404 2623 4)
436 2568 509 2612 Ps.
544 2571 613 2624 15,
646 2573 686 2611 2.
750 2569 822 2623 20)
855 2567 927 2610 Ps.
962 2570 1033 2623 50,
1069 2572 1121 2610 19
1155 2581 1221 2623 sq.

362 2734 387 2774 8
422 2728 708 2774 consuluisse
754 2741 866 2781 mss‚·
912 2727 1140 2784 profuisse
1180 2742 1205 2772 v
1230 2729 1244 2784 ΙΙ
1271 2732 1325 2771 10
1358 2728 1451 2772 alia
1482 2730 1559 2782 (se.
1585 2733 1769 2784 praeter
1799 2727 1928 2772 iusti·

244 2790 377 2843 tiam)
407 2791 494 2832 mss
506 2805 522 2841 ;
552 2787 671 2832 talia
700 2801 726 2831 v
766 2789 781 2842 ΙΙ
823 2792 875 2830 19
910 2786 1137 2830 contritus
1170 2786 1318 2830 AKF
1344 2789 1515 2844 (proyr.
1543 2801 1591 2843 p.
1625 2791 1727 2843 11);
1759 2785 1928 2831 contri-

244 2847 431 2890 bulatus
462 2861 487 2891 v
510 2849 527 2904 fl
552 2852 606 2891 23
639 2847 687 2890 et
717 2845 886 2899 AKF,-
919 2845 999 2889 sed
1029 2859 1055 2889 v
