2020 3122
237 136 348 188 190·
829 160 831 163 -
917 144 954 179 ε.
978 144 1252 181 Anansnm
1271 174 1274 176 .

864 303 1176 383 LIBER
1220 327 1285 381 v.

902 564 1243 604 PRAEFATIO.

380 657 622 716 Quoniam
668 664 860 724 constat
907 659 1126 706 omnium
1173 671 1342 706 rerum
1390 656 1713 722 optandarum
1760 657 1914 723 pleni-

173 740 199 780 5
232 731 454 781 tudinem
502 746 610 781 esse
657 731 964 797 felicitatem,
1011 745 1133 795 quae
1182 745 1281 780 non
1329 738 1406 780 est
1444 730 1573 798 dea„
1604 730 1690 781 sed
1731 730 1915 782 donum

227 804 342 866 Dei,
394 811 443 855 et
487 805 598 855 ideo
650 805 840 855 nullum
881 804 1028 853 deum
1068 803 1329 854 colendum
1369 819 1477 854 esse
1518 803 1577 854 ab
1615 804 1915 873 hominibuS,

227 879 324 929 nisi
362 881 447 944 qui
485 885 649 944 potest
697 893 780 928 eos
827 878 990 928 facere
1028 877 1198 947 felices
1239 873 1394 946 (unde
1436 880 1478 927 si
1516 878 1597 927 illa
1636 878 1727 928 dea
1766 885 1928 947 esset,

228 953 330 1002 sola
376 952 580 1002 colenda
633 954 811 1001 merito
861 945 1159 1019 diceretur):
1205 953 1301 1000 iam
1349 957 1712 1016 consequenter
1751 953 1910 1002 videa-

227 1042 353 1093 mus,
393 1041 488 1091 qua
527 1041 673 1075 causa
711 1025 866 1092 DeUS,
905 1027 990 1090 qui
1028 1031 1194 1090 potest
1233 1032 1283 1076 et
1319 1024 1402 1075 illa
1440 1025 1568 1075 bona
1607 1025 1746 1092 dare,
1785 1041 1910 1092 quae

141 1110 195 1150 10
226 1099 410 1149 habere
440 1105 651 1165 possunt
683 1101 829 1149 etiam
867 1114 968 1148 non
1006 1098 1123 1148 boni
1163 1114 1217 1149 ac
1255 1115 1347 1164 per
1384 1099 1478 1149 hoc
1518 1101 1666 1150 etiam
1704 1115 1805 1150 non
1843 1100 1911 1150 fe-

224 1173 360 1240 liceS,
398 1169 675 1223 Romanum
706 1174 970 1238 imperium
994 1180 1094 1222 tam
1119 1188 1350 1239 magnum
1383 1182 1579 1238 tamque
1620 1173 1912 1224 diuturnum

226 1263 335 1296 esse
361 1247 582 1296 voluerit.
662 1246 785 1305 Quia
820 1248 951 1296 enim
989 1247 1083 1295 hoc
1124 1246 1330 1296 deorum
1370 1247 1604 1296 falsorum
1644 1247 1725 1297 illa
1765 1263 1911 1312 quam

227 1321 452 1370 colebant
498 1320 761 1371 multitudo
810 1335 910 1369 non
958 1320 1101 1387 fecit,
1155 1327 1205 1369 et
1251 1320 1402 1370 multa
1442 1323 1537 1369 iam
1578 1321 1815 1388 diximus,
1863 1328 1913 1370 et

226 1394 312 1444 ubi
350 1396 509 1444 visum
549 1394 700 1444 fuerit
739 1399 1074 1459 opportunum
1114 1409 1221 1443 esse
1263 1394 1498 1444 dicemus,

139 1566 193 1606 15
624 1610 625 1613 ,
923 1550 1119 1606 CAPUT
1152 1551 1191 1605 I.

234 1660 448 1709 Causam
487 1659 709 1709 Romani
753 1661 955 1723 imperii
998 1660 1315 1721 omniumque
1361 1674 1635 1721 reynerum
1675 1675 1769 1711 nec
1802 1660 1912 1724 for-

339 1736 516 1782 tuitam
556 1748 662 1783 esse
700 1748 794 1782 nec
835 1735 886 1782 in
925 1735 1183 1782 stellarum
1215 1735 1468 1796 positione
1506 1736 1793 1784 consistere.

378 1835 534 1886 Causa
566 1851 683 1901 ergo
723 1835 1075 1900 magnitudinis
1107 1837 1301 1901 imperii
1332 1835 1539 1886 Romani
1577 1852 1670 1886 nec
1710 1837 1912 1887 fortuita

225 1918 301 1959 est
349 1925 440 1958 nec
490 1909 647 1959 fatalis
696 1909 970 1959 secundum
1016 1924 1190 1959 eorum
1237 1912 1532 1960 sententiam
1579 1912 1679 1960 sive
1720 1912 1907 1976 opinio-

137 1993 193 2034 20
226 1998 365 2050 nem,
405 1986 490 2047 qui
530 1999 587 2033 ea
626 1983 797 2033 dicunt
835 1997 945 2032 esse
985 1983 1210 2050 fortuita,
1258 1998 1381 2048 quae
1422 1983 1498 2033 vel
1537 1983 1694 2034 nullas
1734 1999 1906 2034 causas

224 2056 407 2106 hahent
451 2057 528 2106 vel
567 2072 667 2106 non
707 2072 767 2106 ex
807 2056 969 2120 aliquo
1009 2055 1286 2106 rationabili
1326 2057 1501 2106 ordine
1542 2059 1818 2125 venientes,
1858 2065 1908 2108 et

225 2146 281 2180 ea
310 2130 485 2196 fatalia,
525 2145 649 2195 quae
680 2137 878 2196 praeter
901 2129 990 2178 Dei
1023 2137 1072 2179 et
1109 2129 1366 2180 hominum
1403 2131 1704 2181 voluntatem
1745 2133 1907 2181 cuius·

225 2204 335 2253 dam
389 2204 575 2253 ordinis
628 2205 921 2253 necessitate
962 2205 1267 2268 contingunt.
1343 2204 1556 2254 Prorsus
1595 2204 1757 2254 d1vina
1793 2220 1906 2270 pro-

224 2277 437 2326 videntia
474 2293 624 2342 regna
664 2278 1035 2326 constitimntur
1074 2277 1299 2326 humana.
1378 2277 1512 2336 Quae
1564 2279 1606 2327 si
1643 2285 1908 2344 propterea

137 2361 191 2400 25
226 2353 485 2415 quisquam
525 2351 622 2400 fato
662 2350 851 2416 tribuit,
892 2351 1005 2414 quia
1043 2351 1199 2415 ipsam
1238 2350 1327 2400 Dei
1366 2351 1668 2401 voluntatem
1707 2351 1782 2400 vel
1819 2367 1905 2417 po-

225 2430 452 2474 testatem
491 2425 577 2473 fati
616 2426 813 2473 nomine
854 2423 1084 2490 appellat,
1131 2427 1424 2474 sententiam
1464 2432 1650 2492 teneat,
1688 2425 1906 2490 linguam

224 2499 450 2562 corrigat.
530 2492 798 2547 Cur'enim
846 2512 945 2545 non
983 2496 1078 2545 hoc
1116 2498 1331 2562 primum
1370 2498 1511 2564 dicit,
1566 2498 1696 2563 quod
1735 2505 1907 2564 postea

201 2571 447 2631 ¹dicturus
488 2577 579 2638 est,
617 2586 729 2621 cum
758 2569 816 2619 ab
849 2570 930 2619 illo
965 2571 1224 2634 quisquam
1264 2573 1530 2636 quaesierit
1569 2572 1687 2636 quid
1726 2572 1906 2622 dixerit

222 2642 414 2695 fatum?
467 2645 588 2694 Nam
627 2644 675 2694 id
716 2644 939 2693 homines
979 2642 1173 2708 quando
1206 2645 1425 2711 audiunt,
1462 2646 1642 2695 usitata
1672 2645 1907 2710 loquendi

137 2729 192 2769 30
225 2718 583 2771 consuetudine
623 2733 722 2768 non
773 2716 1066 2781 intellegunt
1105 2719 1200 2766 nisi
1237 2720 1335 2767 vim
1373 2720 1632 2783 positionis
1672 2719 1906 2787 siderum,

230 2789 385 2856 qualis
426 2799 500 2842 est
533 2792 724 2857 quando
766 2793 876 2857 quis
915 2792 1134 2841 nascitur
1174 2793 1273 2841 sive
1315 2794 1612 2859 concipitur3
1652 2791 1783 2858 quod
1822 2791 1904 2842 ali-

228 2867 311 2930 qui
344 2866 556 2916 alienant
588 2881 613 2915 a
637 2865 725 2915 Dei
763 2865 1026 2932 voluntate,
1066 2864 1216 2930 aliqui
1255 2881 1314 2915 ex
1352 2865 1432 2915 illa
1472 2867 1618 2916 etiam
1656 2865 1749 2915 hoc
1786 2880 1905 2932 pen-
