2020 3122
142 920 195 958 10

142 1403 195 1442 15

141 1771 196 1809 20

143 2137 198 2177 25

143 2504 198 2542 30

227 125 336 178 296
915 135 948 168 s,
973 135 1250 170 AUGUSTINI
1960 124 1962 144 ³

227 249 412 297 Rerum
459 249 609 312 igitur
657 263 754 296 non
803 247 1255 313 conprehensarum
1293 262 1384 296 nec
1431 247 1709 296 firmissime
1750 247 1905 296 credi-

227 330 411 387 tarum,
458 321 543 370 sed
584 323 893 386 opinatarum
932 328 982 370 et
1019 320 1402 370 dubitandarum
1441 335 1720 369 sermonem
1758 321 1906 386 trepi-

229 395 320 444 dus
370 394 632 460 pollicetur
681 395 907 444 dicturus
955 410 1034 461 ea,
1082 409 1205 459 quae
1253 394 1311 443 ab
1361 393 1643 443 hominibus
1681 395 1907 443 instituta

228 474 357 518 sunt.
432 468 604 533 Neque
637 470 782 533 enim,
822 470 950 518 sicut
989 467 1174 517 sciebat
1213 483 1320 516 esse
1360 467 1614 533 mundum,
1653 482 1762 516 esse
1802 482 1907 516 cae-

195 542 330 590 -lum
363 548 411 591 et
442 547 639 607 terram,
681 542 870 590 caelum
911 541 1155 590 sideribus
1194 541 1449 606 fulgidum,
1489 547 1673 589 terram
1711 541 1907 590 semini·

228 615 321 664 bus
362 615 596 680 fertilem,
643 622 788 680 atque
828 615 976 664 huius
1016 614 1148 663 modi
1188 621 1374 680 cetera,
1423 616 1552 663 sicut
1590 614 1716 663 hanc
1754 619 1907 663 totam

228 688 407 737 molem
446 695 591 753 atque
632 696 857 738 naturam
903 691 949 737 vi
987 688 1196 753 quadam
1234 687 1465 736 invisibili
1504 703 1560 736 ac
1598 687 1909 752 praepotenti

228 764 333 826 regi
379 768 524 826 atque
572 762 905 811 administrari
951 768 1087 811 certa
1138 763 1287 810 animi
1338 760 1601 810 stabilitate
1653 760 1907 810 credebat:

227 837 295 884 ita
339 841 532 900 poterat
579 836 835 884 adfirmare
884 835 943 883 de
983 834 1121 900 lanc,
1169 834 1301 898 quod
1349 834 1561 883 mundus
1606 836 1712 899 ipse
1760 841 1907 900 esset,

228 916 312 958 aut
357 908 417 958 de
458 909 671 957 Saturno
717 910 961 974 invenire,
1012 923 1109 972 quo
1160 907 1304 956 inodo
1346 915 1395 956 et
1433 907 1559 956 Iovis
1597 915 1737 972 pater
1777 913 1910 956 esset

230 990 277 1030 et
316 982 418 1030 Iovi
456 983 681 1046 regnanti
721 981 947 1031 subditus
988 982 1146 1030 factus
1186 989 1318 1030 esset
1357 989 1406 1030 et
1446 988 1611 1030 cetera
1651 980 1776 1030 talia.

849 1138 1046 1192 CAPUT
1085 1138 1284 1192 XVIII.

333 1233 474 1291 Quae
513 1233 810 1281 credibilior
849 1246 1008 1280 causa
1048 1233 1126 1296 sit,
1166 1245 1268 1291 qua
1308 1246 1459 1281 error
1491 1232 1809 1293 paganitatis

935 1307 1206 1354 inoleverit.

375 1393 442 1442 De
478 1392 656 1457 quibus
690 1393 972 1442 credibilior
1004 1392 1229 1442 redditur
1260 1393 1400 1458 ratic,
1441 1407 1554 1440 cum
1584 1391 1909 1457 perhibentur

228 1467 452 1515 homines
492 1467 644 1515 fuisse
688 1473 735 1515 et
775 1468 1042 1530 unicuique
1085 1481 1257 1515 eorum
1297 1465 1356 1514 ab
1396 1465 1496 1532 his,
1545 1467 1628 1530 qui
1669 1481 1754 1514 eos
1793 1466 1909 1515 adu-

228 1540 371 1589 lando
412 1541 529 1589 deos
570 1555 677 1588 esse
719 1540 996 1606 voluerunt,
1035 1555 1094 1588 ex
1136 1541 1242 1588 eius
1281 1540 1477 1604 ingenio
1518 1538 1755 1606 moribus,
1794 1541 1910 1588 acti-

228 1614 321 1662 bus
354 1613 548 1662 casibus
583 1629 720 1662 sacra
753 1619 801 1662 et
834 1613 1084 1662 sollemnia
1118 1614 1384 1662 constituta
1410 1619 1555 1677 atque
1588 1612 1708 1661 haec
1746 1612 1909 1678 paula—

230 1689 318 1735 tim
343 1702 433 1752 per
457 1688 642 1735 animas
667 1687 920 1736 hominum
953 1686 1273 1735 daemonibus
1307 1686 1490 1735 similes
1522 1691 1572 1735 et
1610 1685 1910 1735 ludicrarum

230 1776 399 1809 rerum
439 1760 600 1808 avidas
640 1761 911 1826 inrependo
950 1760 1092 1825 longe
1133 1759 1326 1824 lateque
1366 1759 1580 1826 vulgata,
1620 1759 1911 1808 ornantibus

230 1849 283 1882 ea
318 1833 584 1882 mendaciis
615 1840 872 1898 poetarum
908 1840 955 1882 et
987 1833 1044 1882 ad
1086 1849 1141 1882 ea
1182 1833 1433 1882 fallacibus
1472 1832 1727 1898 spiritibus
1767 1833 1909 1882 sedu-

230 1907 469 1956 centibus.
549 1907 759 1956 Facilius
812 1909 941 1956 enim
994 1907 1101 1955 fieri
1150 1909 1336 1974 potuit,
1388 1912 1443 1956 ut
1489 1908 1679 1955 iuvenis
1729 1908 1910 1972 impius

229 1980 303 2028 vel
328 1980 386 2028 ab
412 1983 560 2045 impio
586 1987 724 2046 patre
750 1981 963 2030 interfici
988 1987 1214 2030 metuens
1247 1987 1295 2030 et
1334 1980 1502 2030 avidus
1542 1981 1682 2045 regni
1719 1987 1911 2045 patrem

231 2053 441 2118 pelleret
469 2069 636 2120 regne,
676 2069 823 2118 quam
861 2055 926 2121 id,
967 2054 1097 2119 quod
1135 2056 1230 2103 iste
1268 2056 1639 2120 interpretatur,
1676 2054 1786 2102 ideo
1829 2053 1911 2102 Sa-

233 2133 435 2175 turnum
488 2134 678 2191 patrem
733 2143 759 2176 a
813 2127 923 2176 Iove
979 2128 1077 2176 filio
1135 2134 1442 2194 superatum,
1497 2127 1628 2192 quod
1675 2133 1787 2176 ante
1835 2133 1914 2176 est

231 2215 376 2248 causa
410 2195 533 2264 quae
565 2202 782 2264 pertinet
822 2200 880 2249 ad
913 2200 1091 2268 Iovem,
1131 2217 1276 2266 quam
1317 2215 1485 2250 semen
1525 2200 1656 2265 quod
1694 2202 1911 2265 pertinet

230 2273 287 2322 ad
324 2272 606 2321 Saturnum.
685 2273 738 2322 Si
770 2276 901 2323 enim
933 2274 1026 2323 hoc
1064 2276 1132 2323 ita
1173 2281 1318 2341 esset,
1358 2289 1626 2338 numquam
1667 2273 1910 2323 Saturnus

229 2348 366 2411 prior
406 2347 582 2395 suisset
627 2362 718 2396 nec
758 2354 897 2412 pater
938 2347 1062 2396 lovis
1103 2354 1250 2397 esset.
1327 2347 1533 2412 Semper
1573 2348 1703 2396 enim
1742 2354 1910 2396 semen

231 2435 377 2468 causa
415 2420 667 2484 praecedit
714 2435 804 2469 nec
857 2435 1088 2485 umquam
1130 2427 1395 2486 generatur
1434 2436 1494 2470 ex
1533 2422 1734 2470 semine.
1812 2419 1907 2469 Sed

232 2508 344 2542 cum
378 2499 618 2542 conantur
651 2496 936 2542 vanissimas
968 2494 1155 2543 fabulas
1195 2496 1295 2543 sive
1336 2495 1589 2544 hominum
1628 2509 1709 2542 res
1748 2501 1910 2558 gestas

230 2566 362 2615 velut
400 2566 704 2616 naturalibus
743 2567 1234 2632 interpretationibus
1273 2568 1531 2633 honorare,
1570 2569 1717 2615 etiam
1756 2566 1909 2616 homi-

230 2655 318 2688 nes
359 2642 629 2689 acutissimi
667 2647 826 2689 tantas
864 2643 1120 2705 patiuntur
1161 2642 1408 2706 angustias
1420 2681 1435 2707 ‚
1486 2647 1538 2690 ut
1579 2655 1750 2690 eorum
1791 2655 1908 2705 quo·
1980 2692 1995 2696 cv

231 2729 326 2777 que
368 2715 628 2763 vanitatem
668 2713 834 2763 dolere
875 2729 1120 2779 cogamur.

351 2860 403 2899 17
438 2855 556 2913 eius]
590 2869 747 2900 eorum
781 2855 902 2899 K2F
