2020 3122
215 127 320 182 1350
882 137 916 170 S.
940 136 1218 172 AUGUsmm

210 251 352 316 longe
403 251 604 315 lateque
659 250 742 299 diu
789 256 1021 315 regnent3
1076 265 1237 314 neque
1283 249 1376 299 hoc
1425 255 1522 299 tam
1578 250 1698 314 ipsis
1749 264 1896 314 quam

214 325 309 379 iilis
356 324 476 374 utile
517 331 615 390 est,
663 323 842 388 quibus
891 330 1111 388 regnant.
1195 322 1318 372 Nam
1365 329 1602 387 quantum
1651 323 1710 372 ad
1757 323 1892 388 ipsos

218 401 448 465 pertinet,
487 400 643 463 pietas
683 404 733 446 et
770 397 990 462 probitas
1029 412 1224 463 eorum,
1264 412 1388 461 quae
1429 411 1603 461 magna
1642 396 1768 445 dona
1807 396 1897 446 Dei

213 479 350 538 sunt,
406 473 589 521 sufficit
636 473 707 520 eis
755 471 814 521 ad
862 486 1027 520 veram
1073 471 1378 535 felicitatem,
1434 485 1529 534 qua
1577 476 1626 518 et
1664 471 1759 519 ista
1797 472 1894 519 vita

150 556 181 598 5.
212 546 338 595 bene
388 553 559 614 agatur
606 551 656 594 et
701 551 873 610 postea
922 546 1224 609 percipiatur
1264 549 1476 592 aeterna.
1553 543 1609 592 In
1648 543 1739 592 hac
1778 559 1897 609 ergo

213 627 346 669 terra
400 634 610 684 regnum
662 618 909 668 bonorum
963 634 1062 667 non
1117 624 1215 667 tam
1266 616 1362 666 illis
1415 623 1696 682 praestatur
1751 633 1897 682 quam

212 693 363 743 rebus
396 693 653 758 humanis;
703 692 945 742 malorum
984 706 1100 740 vero
1133 705 1341 754 regnum
1382 692 1536 755 magis
1575 691 1896 756 regnantibus

212 773 381 833 nocet,
433 769 517 831 qui
557 782 673 815 suos
713 768 900 815 animos
939 771 1130 814 vastant
1169 764 1413 814 scelerum
1453 766 1637 814 maiore
1676 765 1895 831 licentia3

212 839 290 889 his
338 846 522 901 autem,
571 842 655 904 qui
702 842 774 888 eis
821 839 1078 888 serviendo
1119 836 1423 902 subduntur,
1469 853 1570 887 non
1616 845 1763 888 nocet
1801 841 1896 888 nisi

124 923 178 963 10
211 916 442 979 iniquitas
488 915 700 978 propria.
778 912 900 962 Nam
946 914 1090 961 iustis
1138 911 1375 976 quidquid
1424 912 1666 962 malorum
1705 912 1764 962 ab
1803 915 1894 963 ini-

210 990 320 1052 quis
360 987 571 1036 dominis
610 988 886 1051 inrogatur,
932 1001 1031 1035 non
1072 991 1148 1034 est
1185 1000 1344 1050 poena
1383 987 1627 1052 criminiS,
1666 986 1753 1036 sed
1792 989 1894 1036 vir-

210 1063 328 1110 tutis
377 1075 593 1109 examen.
670 1059 884 1109 Proinde
931 1059 1090 1109 bonus
1139 1060 1333 1108 etiamsi
1395 1061 1596 1126 serviat,
1642 1059 1767 1109 liber
1806 1067 1896 1127 est3

209 1134 365 1183 malus
405 1140 569 1183 autem
609 1135 800 1183 etiamsi
839 1141 1037 1199 regnet,
1077 1149 1250 1182 servus
1290 1139 1380 1199 est,
1420 1149 1512 1183 nec
1552 1135 1700 1183 unius
1739 1134 1894 1183 homi-

209 1210 300 1274 niS,
340 1207 441 1274 sed,
482 1208 612 1272 quod
651 1214 726 1256 est
766 1209 976 1273 graviuS,
1015 1213 1089 1256 tot
1127 1208 1454 1274 dominorum,
1495 1214 1616 1272 quot
1646 1209 1892 1258 vitiorum.

125 1290 177 1330 15
210 1281 278 1330 De
304 1281 482 1346 quibus
507 1283 637 1331 vitiis
671 1297 783 1330 cum
823 1288 990 1346 ageret
1030 1283 1278 1346 scriptura
1319 1281 1500 1331 divina:
1539 1281 1584 1330 Α
1624 1297 1721 1344 quo
1761 1285 1893 1332 em'm

211 1357 336 1416 quiS,
376 1357 551 1421 inquit,
592 1357 816 1405 devictus
856 1361 941 1421 est,
980 1357 1101 1405 huic
1141 1361 1190 1405 et
1225 1371 1401 1405 servus
1441 1357 1678 1406 addictus
1717 1362 1802 1406 est.
1959 1352 1966 1359 ’

880 1557 1075 1612 CAPUT
1117 1558 1208 1611 IV.

289 1667 448 1724 Quam
493 1667 676 1714 similia
715 1668 817 1714 sint
854 1668 1137 1715 latrociniis
1177 1681 1340 1727 reynel
1380 1668 1568 1728 absque
1607 1669 1814 1716 iustitia.

353 1767 556 1817 Remota
603 1770 767 1832 itaque
815 1770 1002 1817 iustitia
1050 1769 1167 1833 quid
1216 1775 1333 1818 sunt
1377 1784 1528 1834 regna
1574 1771 1669 1818 nisi
1718 1784 1891 1834 magna

117 1851 172 1890 20
203 1839 494 1890 latrocinia?
534 1844 647 1907 quia
686 1848 735 1891 et
773 1841 1029 1891 latrocinia
1069 1842 1186 1907 quid
1227 1849 1343 1892 sunt
1381 1844 1477 1892 nisi
1514 1858 1662 1908 parva
1700 1841 1890 1908 regna?

204 1914 377 1963 Manus
433 1922 482 1964 et
535 1918 639 1980 ipsa
685 1915 940 1965 hominum
987 1923 1084 1982 est,
1139 1917 1346 1981 imperio
1396 1918 1635 1981 principis
1687 1919 1891 1982 regitur,

204 1994 347 2052 pacto
395 1991 643 2038 societatis
691 1991 1001 2056 astringitur,
1047 1989 1213 2054 placiti
1260 1990 1366 2055 lege
1419 1990 1603 2055 praeda
1643 1990 1890 2040 dividitur.

203 2059 308 2110 Hoc
348 2062 526 2110 malum
567 2064 609 2110 si
647 2064 697 2111 in
738 2069 928 2112 tantum
966 2063 1275 2128 perditorum
1313 2063 1568 2113 hominum
1609 2064 1890 2113 accessibus

206 2137 400 2200 crescit,
439 2142 494 2184 ut
519 2142 567 2184 et
590 2135 695 2184 loca
727 2142 892 2185 teneat
923 2136 1068 2186 sedes
1101 2139 1382 2204 constituat,
1422 2139 1642 2187 civitates
1682 2145 1892 2203 occupet

119 2217 174 2257 25
206 2207 414 2273 populos
455 2208 705 2275 subiuget,
753 2209 1026 2258 evidentius
1074 2213 1214 2275 regni
1254 2227 1434 2262 nomen
1474 2211 1709 2277 adsumit,
1758 2212 1890 2276 quod

207 2283 253 2330 ei
299 2283 395 2330 iam
449 2283 500 2330 in
547 2283 805 2332 manifesto
853 2284 1046 2332 confert
1093 2299 1192 2332 non
1240 2284 1435 2350 dempta
1483 2284 1746 2350 cupiditaS,
1803 2285 1888 2333 sed

207 2354 369 2404 addita
414 2357 678 2420 inpunitas
755 2355 1017 2420 Eleganter
1065 2359 1194 2405 enim
1247 2365 1296 2406 et
1334 2360 1574 2407 veraciter
1613 2357 1888 2407 Alexandro

205 2427 276 2477 illi
329 2428 501 2493 Magno
543 2429 741 2493 quidam
780 2429 1167 2494 comprehensus
1215 2433 1373 2495 pirata
1420 2431 1689 2495 respondit.
1766 2431 1889 2480 Nam

207 2517 319 2551 cum
359 2503 489 2551 idem
534 2518 621 2551 rex
668 2503 916 2552 hominem
955 2504 1330 2570 interrogasset,
1378 2505 1495 2569 quid
1536 2506 1581 2553 ei
1622 2503 1888 2571 videretur,

329 2645 400 2700 16)
433 2649 475 2688 2.
508 2644 629 2689 Pehr.
663 2650 704 2700 2,
740 2650 807 2690 19.

325 2811 382 2850 20
414 2807 461 2850 et
491 2807 594 2851 latr.
628 2819 741 2859 mss‚·
773 2807 821 2850 et
851 2805 954 2862 ipsa
985 2807 1089 2852 latr.
1121 2819 1146 2851 v
1178 2809 1193 2863 ΙΙ
1232 2812 1287 2851 26
1321 2808 1510 2865 dempta
1541 2808 1690 2852 ΛΚΕ
1714 2810 1888 2865 (proyr.

200 2877 249 2919 p.
284 2868 386 2920 17),·
418 2865 636 2922 adempta
666 2879 691 2909 υ
