2020 3122
546 141 612 174 DE
636 139 873 174 CIVITATE
896 143 987 175 Dm
1009 142 1051 176 n.
1075 143 1123 176 v.
1148 142 1184 176 c.
1210 145 1262 176 12.
1284 144 1336 176 13.
1670 127 1778 180 217

94 256 228 305 domi
271 252 536 319 industria,
584 268 729 318 quam
778 257 1178 304 commemoravit
1227 253 1367 320 Cato,
1421 260 1477 305 ut
1532 253 1776 302 aerarium

95 334 227 378 esset
281 327 591 394 opulentum,
646 333 823 376 tenues
876 343 958 377 res
1011 329 1244 393 privatae.
1328 327 1467 377 Unde
1524 327 1776 391 corruptis

94 400 314 451 moribus
368 402 541 450 vitium
602 415 628 449 e
690 403 939 450 contrario
1000 403 1189 467 posuit,
1242 401 1436 466 publice
1494 405 1777 465 egestatem,

0 537 1 541 Ἰ
91 476 319 540 privatim
357 474 674 539 opulentiam.

744 616 943 671 CAPUT
976 618 1124 671 XIII.
1808 628 1834 668 5

149 725 225 775 De
264 739 437 774 amore
475 726 657 785 laudale,
696 726 797 786 qui,
838 739 951 774 cum
989 728 1056 774 sit
1093 727 1280 786 vitium,
1320 725 1380 774 ob
1420 725 1516 774 hoc
1555 725 1716 772 virtus

194 804 425 862 putatur,
465 801 586 860 quia
619 814 718 861 per
758 801 918 860 ipsum
957 801 1080 848 vitia
1118 801 1318 849 maiora
1358 799 1671 848 cohibentur.

241 900 398 958 Quam
444 900 506 949 ob
557 916 665 950 rem
711 916 824 950 cum
870 901 955 951 diu
1003 902 1216 952 fuissent
1254 916 1406 966 regna
1444 899 1663 949 Orientis
1703 900 1775 947 in-

91 974 279 1040 lustria,
310 973 463 1024 voluit
486 974 617 1023 Deus
650 980 700 1024 et
724 973 1038 1024 Occidentale
1071 976 1193 1041 fieri,
1225 975 1357 1040 quod
1388 981 1611 1038 tempore
1645 978 1777 1021 esset

90 1050 355 1113 posteriuS,
395 1048 482 1097 sed
512 1049 708 1113 imperii
737 1048 994 1098 latitudine
1034 1057 1083 1099 et
1122 1048 1457 1114 magnitudine
1496 1046 1770 1110 inlustriuS,
1807 1054 1862 1094 10

89 1122 237 1186 idque
263 1121 442 1170 talibus
472 1123 786 1186 potissimum
825 1124 1071 1172 concessit
1109 1121 1392 1172 hominibus
1433 1121 1492 1171 ad
1532 1119 1774 1170 domanda

42 1257 49 1265 ,
87 1196 254 1260 gravia
299 1194 424 1244 mala
461 1194 728 1244 multarum
767 1198 1014 1262 gentium,
1063 1198 1148 1261 qui
1187 1211 1334 1245 causa
1370 1195 1575 1243 honoris
1614 1192 1774 1243 laudis

90 1275 142 1318 et
179 1268 361 1333 gloriae
394 1268 753 1318 consuluerunt
791 1271 994 1335 patriae,
1032 1271 1084 1318 in
1124 1285 1220 1334 qua
1257 1271 1414 1334 ipsam
1454 1267 1659 1332 gloriam
1671 1281 1773 1315 ore-

92 1341 374 1408 quirehant,
430 1341 735 1407 salutemque
791 1344 899 1392 eius
955 1342 1102 1392 saluti
1156 1358 1273 1392 suae
1320 1356 1627 1408 praeponere
1674 1355 1775 1388 non

92 1415 456 1481 dubitaverunt,
494 1431 585 1481 pro
624 1417 720 1465 isto
760 1431 860 1465 uno
899 1418 1033 1483 vitio,
1070 1417 1121 1466 id
1160 1423 1237 1466 est
1275 1430 1439 1465 amore
1479 1413 1651 1480 laudis,
1689 1429 1773 1478 pe·
1810 1420 1862 1460 15

91 1491 266 1539 cuniae
298 1489 617 1554 cupiditatem
648 1495 699 1538 et
735 1489 888 1539 multa
927 1489 1020 1539 alia
1056 1492 1172 1540 vitia
1212 1491 1593 1554 conprimenteS.
1652 1486 1777 1536 Nam

91 1564 258 1612 sanius
297 1563 444 1629 videt,
481 1565 567 1627 qui
606 1569 656 1612 et
693 1578 912 1612 amorem
949 1563 1107 1613 laudis
1146 1565 1320 1613 vitium
1359 1577 1468 1612 esse
1509 1562 1778 1626 cognoscit,

91 1636 224 1701 quod
263 1652 355 1686 nec
392 1645 588 1702 poetam
628 1637 753 1701 fugit
791 1636 1064 1704 Horatium,
1104 1639 1190 1702 qui
1229 1638 1317 1686 ait:

239 1741 424 1789 Laudis
465 1756 631 1789 amore
669 1743 854 1790 tumes:
896 1745 1013 1790 sunt
1051 1742 1188 1790 certa
1224 1740 1446 1803 piacula,
1485 1754 1611 1801 quae
1649 1741 1700 1788 te
1769 1748 1777 1752 “

241 1814 337 1862 Ter
373 1829 498 1876 pure
535 1815 665 1863 lecto
703 1817 942 1877 poterunt
979 1830 1204 1864 recreare
1241 1814 1430 1862 libello.
1807 1832 1864 1872 20

91 1915 324 1980 Idemque
363 1918 415 1965 in
455 1918 671 1965 carmine
703 1916 856 1981 lyrico
897 1916 956 1966 ad
996 1915 1360 1982 reprimendam
1400 1913 1683 1965 dominandi
1721 1913 1776 1962 li·

93 1988 312 2039 bidinem
350 1991 417 2038 ita
456 1991 658 2039 cecinit:

239 2093 414 2141 Latius
451 2109 630 2155 regnes
669 2094 872 2143 avidum
910 2094 1154 2144 domando

241 2167 498 2228 Spiritum,
538 2182 690 2228 quam
728 2168 771 2215 si
808 2168 1023 2231 Libyam
1060 2168 1264 2217 remotis

241 2239 463 2289 Gadibus
502 2241 682 2303 iungas
723 2244 774 2290 et
810 2245 1022 2305 uterque
1060 2242 1256 2291 Poenus
1808 2263 1863 2303 25

449 2313 644 2363 Serviat
682 2315 783 2363 uni.

94 2413 274 2465 Verum
321 2422 485 2465 tamen
532 2417 618 2480 qui
666 2415 894 2466 libidines
945 2418 1195 2482 turpiores
1242 2416 1337 2465 fide
1383 2416 1580 2481 pietatis
1620 2417 1771 2480 impe-

95 2493 222 2538 trato
262 2488 451 2554 Spiritu
498 2495 666 2538 sancto
716 2496 766 2539 et
815 2505 980 2540 amore
1019 2489 1351 2555 intellegibilis
1390 2488 1772 2554 pulchritudinis

95 2575 194 2610 non
242 2563 518 2629 refrenant,
563 2562 740 2612 melius
789 2563 962 2614 saltem
1010 2563 1275 2629 cupiditate
1324 2563 1582 2618 humanae¹
1615 2560 1773 2609 laudis

212 2704 256 2758 4)
290 2703 388 2749 Cat.
422 2708 492 2751 52.
554 2706 628 2760 20)
660 2704 747 2761 Ep.
784 2711 823 2761 1,
858 2710 896 2760 1,
930 2710 984 2750 36
1019 2720 1084 2760 sq.
1147 2706 1222 2760 26)
1258 2703 1340 2747 Od.
1375 2708 1415 2758 2,
1450 2707 1490 2757 2,
1525 2706 1550 2745 9
1583 2715 1680 2756 sqq.

214 2869 268 2909 13
299 2865 453 2910 malim
483 2866 691 2922 ipsorum
714 2868 729 2922 u
753 2871 807 2910 23
843 2865 1123 2910 dominando
1158 2864 1245 2910 CF
