2020 3122
218 107 323 159 162
886 115 922 151 s,
944 115 1220 152 Auoostrm

216 232 475 280 animantis
521 231 641 280 haec
688 236 790 278 tota
835 230 933 278 vita
979 234 1078 294 est,
1127 242 1252 292 quae
1293 242 1463 277 omnes
1503 231 1726 279 continet
1762 230 1902 298 deoS,

216 307 355 369 quasi
387 319 499 353 suas
532 306 738 352 virtutes
770 302 847 351 vel
872 300 1092 351 membra
1123 300 1198 349 vel
1228 307 1418 368 partes3
1459 301 1547 351 sed
1578 318 1718 353 suam
1749 318 1896 368 quae-

217 393 311 442 que
343 392 457 442 pars
490 377 637 426 habet
667 378 815 425 vitam
855 391 881 424 a
921 376 1102 424 ceteris
1135 381 1422 442 separatam,
1463 377 1504 424 si
1541 382 1740 441 praeter
1779 377 1900 427 alte·

214 466 319 500 ram
357 453 504 500 irasci
543 450 695 500 altera
733 456 911 515 potest,
952 455 1001 498 et
1040 447 1130 496 alia
1168 448 1367 515 placari,
1406 448 1496 498 alia
1536 451 1787 500 concitari.
1844 450 1900 500 Si

159 534 183 573 5
218 532 381 573 autem
430 523 611 574 dicitur
659 539 829 573 omnes
878 521 1045 588 simul,
1093 521 1142 570 id
1191 529 1266 571 est
1310 528 1471 578 totum
1516 524 1679 588 ipsum
1718 523 1900 590 Iovem,

213 600 434 663 potuisse
461 598 657 664 offendi,
698 599 739 646 si
770 604 936 662 partes
969 598 1076 645 eius
1107 610 1207 644 non
1241 597 1385 645 etiam
1419 597 1701 661 singillatim
1740 599 1899 647 minu-

215 674 451 737 tatimque
493 672 798 737 colerentur,
838 670 986 720 stulte
1027 668 1223 718 dicitur.
1299 669 1439 718 Nulla
1481 672 1663 736 quippe
1702 670 1900 720 illarum

213 749 711 811 praetermitteretur,
750 759 862 794 cum
901 746 1006 809 ipse
1046 757 1191 809 unUS,
1231 745 1316 807 qui
1353 742 1560 794 haberet
1598 747 1776 811 omnia,
1815 760 1899 794 co-

214 820 414 870 leretur.
491 819 613 869 Nam
659 826 716 868 ut
763 818 854 868 alia
893 819 1140 882 omittam,
1187 831 1311 880 quae
1353 824 1469 866 sunt
1506 817 1903 886 innumerabilia,

127 903 180 942 10
216 909 328 943 cum
376 893 547 943 dicunt
594 895 757 941 omnia
804 892 966 941 sidera
1011 896 1178 957 partes
1217 889 1344 939 Iovis
1391 905 1499 940 esse
1541 898 1590 940 et
1629 894 1791 941 omnia
1828 892 1901 942 vi-

212 982 326 1015 vere
367 974 513 1032 atque
545 966 809 1016 rationales
853 967 1038 1014 animas
1077 962 1275 1030 habere,
1314 971 1364 1013 et
1402 964 1513 1013 ideo
1553 967 1659 1014 sine
1701 971 1902 1027 contro·

212 1043 369 1090 versia
418 1041 539 1090 deos
594 1055 730 1105 esse,
784 1054 882 1088 non
929 1038 1096 1087 vident
1146 1052 1291 1102 quam
1343 1037 1527 1087 multos
1573 1054 1673 1088 non
1721 1039 1902 1107 colant,

213 1129 358 1178 quam
411 1113 578 1164 multis
633 1113 779 1163 aedes
831 1128 931 1162 non
987 1117 1303 1177 construant,
1358 1127 1467 1162 aras
1514 1127 1614 1162 non
1665 1119 1900 1180 statuant,

214 1203 334 1252 quas
358 1195 522 1237 tamen
546 1188 856 1252 paucissimis
889 1186 1108 1235 siderum
1141 1184 1426 1234 statuendas
1458 1201 1567 1234 esse
1598 1193 1901 1251 putaverunt

126 1269 179 1308 15
213 1269 262 1310 et
295 1261 576 1325 singillatim
609 1260 996 1310 sacrificandum.
1077 1258 1129 1307 Si
1159 1259 1312 1322 igitur
1341 1260 1641 1326 irascuntur,
1681 1262 1765 1324 qui
1796 1275 1896 1310 non

212 1334 493 1399 singillatim
549 1334 801 1400 coluntur,
864 1348 964 1382 non
1018 1338 1248 1380 metuunt
1301 1334 1470 1396 paucis
1525 1332 1729 1397 placatis
1792 1342 1895 1384 toto

213 1407 346 1456 caelo
394 1410 519 1457 irato
566 1404 766 1456 vivere?
829 1406 881 1456 Si
927 1413 1092 1455 autem
1139 1403 1302 1454 stellas
1351 1421 1522 1456 omnes
1560 1406 1672 1456 ideo
1713 1407 1897 1474 colunt,

212 1482 326 1546 quia
371 1483 423 1530 in
471 1481 582 1530 Iove
630 1487 747 1530 sunt
793 1495 940 1545 quem
987 1479 1178 1546 colunt,
1226 1480 1321 1528 isto
1362 1479 1653 1545 compendio
1692 1488 1898 1546 possent

211 1557 262 1603 in
301 1554 383 1603 illo
431 1570 530 1604 uno
579 1553 807 1603 omnibus
847 1547 1123 1619 supplicare
1165 1546 1263 1619 (sic
1302 1554 1433 1602 enim
1472 1568 1617 1602 nemo
1656 1556 1895 1605 irascere·

123 1638 178 1676 20
212 1635 316 1694 tur,
366 1643 477 1677 cum
524 1629 575 1677 in
622 1627 703 1676 illo
750 1643 850 1676 uno
889 1643 1034 1676 nemo
1075 1622 1503 1694 contemneretur)
1542 1630 1710 1693 potius
1750 1643 1896 1694 quam

213 1701 357 1751 cultis
399 1701 693 1766 quibusdam
738 1703 867 1751 iusta
912 1700 1157 1750 irascendi
1198 1715 1344 1749 causa
1382 1699 1500 1767 illis,
1551 1703 1637 1765 qui
1674 1709 1895 1767 praeter-

210 1777 348 1824 missi
388 1782 575 1840 essent,
621 1775 777 1825 multo
817 1772 1245 1824 numerosioribus
1283 1773 1632 1841 praeberetur,
1670 1790 1894 1840 praeser-

211 1850 300 1898 tim
349 1864 461 1898 cum
510 1850 580 1898 eis
627 1848 687 1898 de
735 1863 950 1914 superna
999 1847 1115 1897 sede
1155 1846 1459 1912 fulgentibus
1498 1850 1634 1915 turpi
1673 1849 1895 1899 nuditate

212 1921 455 1971 distentus
493 1930 886 1988 praeponeretur
923 1922 1146 1988 Priapus,

122 2122 176 2161 25
878 2108 1074 2163 CAPUT
1106 2108 1229 2164 XII.

212 2216 287 2265 De
334 2218 568 2278 opinione
615 2230 809 2277 eorum,
864 2218 954 2278 qui
989 2216 1150 2266 Deum
1191 2218 1413 2266 animam
1450 2217 1630 2267 mundi
1666 2223 1716 2269 et
1752 2232 1893 2268 mun·

565 2291 683 2338 dum
722 2303 908 2351 corpus
938 2290 1036 2339 Dei
1073 2304 1181 2339 esse
1212 2295 1537 2352 putaverunt.

359 2387 525 2450 Quid?
563 2391 683 2442 illud
722 2407 886 2441 nonne
927 2390 1074 2441 debet
1110 2407 1306 2441 movere
1347 2399 1517 2443 acutos
1555 2393 1779 2444 homines
1818 2393 1896 2444 vel

211 2464 594 2530 qualescumque
640 2465 865 2514 homines
921 2460 1046 2533 (non
1102 2467 1233 2515 enim
1283 2465 1340 2515 ad
1392 2466 1486 2515 hoc
1531 2467 1718 2532 ingenii
1769 2482 1896 2533 opus

121 2549 176 2588 30
211 2546 286 2589 est
318 2534 646 2607 excellentia),
686 2545 743 2588 ut
773 2539 998 2604 deposito
1039 2539 1202 2588 studio
1243 2541 1573 2589 contentionis
1613 2540 1894 2606 adtendant,

210 2614 251 2661 si
290 2612 460 2663 mundi
509 2615 700 2662 animus
738 2611 870 2662 Deus
918 2619 993 2662 est
1041 2614 1185 2677 eique
1235 2615 1396 2662 animo
1435 2613 1661 2672 mundus
1689 2621 1747 2665 ut
1785 2629 1892 2664 cor-

209 2702 301 2750 pus
342 2693 438 2753 est,
485 2694 542 2735 ut
589 2687 652 2735 sit
697 2701 852 2736 unum
898 2686 1074 2735 animal
1123 2693 1354 2737 constans
1395 2702 1454 2736 ex
1493 2689 1653 2737 animo
1696 2695 1746 2738 et
1784 2703 1893 2737 cor-

329 2847 353 2887 7
388 2857 545 2888 earum
576 2856 601 2887 v
626 2844 641 2900 ΙΙ
666 2846 690 2886 8
722 2842 866 2887 habet
897 2856 922 2887 v

781 3046 803 3060 Q-
