<?xml version="1.0" encoding="UTF-8"?>
<!DOCTYPE html PUBLIC "-//W3C//DTD XHTML 1.0 Transitional//EN"
    "http://www.w3.org/TR/xhtml1/DTD/xhtml1-transitional.dtd">
<html xmlns="http://www.w3.org/1999/xhtml" xml:lang="en" lang="en">
 <head>
  <title>
</title>
<meta http-equiv="Content-Type" content="text/html;charset=utf-8" />
  <meta name='ocr-system' content='tesseract 3.04.00' />
  <meta name='ocr-capabilities' content='ocr_page ocr_carea ocr_par ocr_line ocrx_word'/>
</head>
<body>
  <div class='ocr_page' id='page_1' title='image "./decivitatedeilib01auguuoft_0015.png"; bbox 0 0 2004 3162; ppageno 0'>
   <div class='ocr_carea' id='block_1_1' title="bbox 18 546 1547 701">
    <p class='ocr_par' dir='ltr' id='par_1_1' title="bbox 18 546 1547 701">
     <span class='ocr_line' id='line_1_1' title="bbox 18 546 1547 701; baseline -0.001 -18"><span class='ocrx_word' id='word_1_1' title='bbox 18 630 36 662; x_wconf 66' lang='lat'>&lt;</span> <span class='ocrx_word' id='word_1_2' title='bbox 91 546 137 701; x_wconf 52' lang='grc' dir='ltr'>ᾖ</span> <span class='ocrx_word' id='word_1_3' title='bbox 309 607 380 688; x_wconf 81' lang='lat' dir='ltr'>s</span> <span class='ocrx_word' id='word_1_4' title='bbox 435 605 888 688; x_wconf 79' lang='lat' dir='ltr'><strong>AURELII</strong></span> <span class='ocrx_word' id='word_1_5' title='bbox 938 603 1547 686; x_wconf 74' lang='lat' dir='ltr'>AUGUSTINI</span> 
     </span>
    </p>
   </div>
   <div class='ocr_carea' id='block_1_2' title="bbox 776 722 1076 772">
    <p class='ocr_par' dir='ltr' id='par_1_2' title="bbox 776 722 1076 772">
     <span class='ocr_line' id='line_1_2' title="bbox 776 722 1076 772; baseline -0.003 0"><span class='ocrx_word' id='word_1_6' title='bbox 776 722 1076 772; x_wconf 83' lang='lat' dir='ltr'>EPISCOPI</span> 
     </span>
    </p>
   </div>
   <div class='ocr_carea' id='block_1_3' title="bbox 66 746 1770 986">
    <p class='ocr_par' dir='ltr' id='par_1_3' title="bbox 16 746 1770 986">
     <span class='ocr_line' id='line_1_3' title="bbox 66 746 1770 986; baseline -0.009 -84.428"><span class='ocrx_word' id='word_1_7' title='bbox 66 746 210 902; x_wconf 89' lang='lat' dir='ltr'>DE</span> <span class='ocrx_word' id='word_1_8' title='bbox 244 822 695 891; x_wconf 82' lang='lat' dir='ltr'>CIVITATE</span> <span class='ocrx_word' id='word_1_9' title='bbox 729 821 1296 986; x_wconf 52' lang='grc' dir='ltr'>ΒὲὲΙΟΟἙΙῙΙΤΗΑ</span> <span class='ocrx_word' id='word_1_10' title='bbox 1332 820 1770 888; x_wconf 72' lang='lat' dir='ltr'><strong>PAGANOS</strong></span> 
     </span>
     <span class='ocr_line' id='line_1_4' title="bbox 703 927 1067 985; baseline -0.005 0"><span class='ocrx_word' id='word_1_11' title='bbox 703 927 782 985; x_wconf 92' lang='lat' dir='ltr'>LI</span> <span class='ocrx_word' id='word_1_12' title='bbox 958 927 1067 984; x_wconf 60' lang='lat' dir='ltr'>XY</span> 
     </span>
    </p>
   </div>
   <div class='ocr_carea' id='block_1_4' title="bbox 754 1085 1110 1138">
    <p class='ocr_par' dir='ltr' id='par_1_4' title="bbox 754 1085 1110 1138">
     <span class='ocr_line' id='line_1_5' title="bbox 754 1085 1110 1138; baseline 0 -1"><span class='ocrx_word' id='word_1_13' title='bbox 754 1085 1022 1138; x_wconf 85' lang='lat' dir='ltr'>LIBER</span> <span class='ocrx_word' id='word_1_14' title='bbox 1069 1086 1110 1137; x_wconf 91' lang='lat' dir='ltr'>I.</span> 
     </span>
    </p>
   </div>
   <div class='ocr_carea' id='block_1_5' title="bbox 794 1044 1058 1049">
    <p class='ocr_par' dir='ltr' id='par_1_5' title="bbox 794 1044 1058 1049">
     <span class='ocr_line' id='line_1_6' title="bbox 794 1044 1058 1049; baseline 0 0"><span class='ocrx_word' id='word_1_15' title='bbox 794 1044 1058 1049; x_wconf 95' lang='lat' dir='ltr'> </span> 
     </span>
    </p>
   </div>
   <div class='ocr_carea' id='block_1_6' title="bbox 854 1192 1000 1197">
    <p class='ocr_par' dir='ltr' id='par_1_6' title="bbox 854 1192 1000 1197">
     <span class='ocr_line' id='line_1_7' title="bbox 854 1192 1000 1197; baseline 0 0"><span class='ocrx_word' id='word_1_16' title='bbox 854 1192 1000 1197; x_wconf 95' lang='lat' dir='ltr'> </span> 
     </span>
    </p>
   </div>
   <div class='ocr_carea' id='block_1_7' title="bbox 330 1247 1547 1404">
    <p class='ocr_par' dir='ltr' id='par_1_7' title="bbox 330 1247 1547 1404">
     <span class='ocr_line' id='line_1_8' title="bbox 757 1247 1098 1286; baseline 0.003 -1"><span class='ocrx_word' id='word_1_17' title='bbox 757 1247 1098 1286; x_wconf 75' lang='lat' dir='ltr'><strong>PRAEFATIO.</strong></span> 
     </span>
     <span class='ocr_line' id='line_1_9' title="bbox 330 1322 1547 1404; baseline -0.002 -14"><span class='ocrx_word' id='word_1_18' title='bbox 330 1343 406 1392; x_wconf 80' lang='lat' dir='ltr'>De</span> <span class='ocrx_word' id='word_1_19' title='bbox 434 1342 656 1403; x_wconf 77' lang='lat' dir='ltr'>suscepti</span> <span class='ocrx_word' id='word_1_20' title='bbox 684 1342 852 1404; x_wconf 73' lang='lat' dir='ltr'>operis</span> <span class='ocrx_word' id='word_1_21' title='bbox 884 1341 1092 1389; x_wconf 79' lang='lat' dir='ltr'>consilio</span> <span class='ocrx_word' id='word_1_22' title='bbox 1125 1345 1174 1388; x_wconf 83' lang='lat' dir='ltr'>et</span> <span class='ocrx_word' id='word_1_23' title='bbox 1205 1322 1547 1400; x_wconf 53' lang='lat' dir='ltr'>arqumenios·</span> 
     </span>
    </p>
   </div>
   <div class='ocr_carea' id='block_1_8' title="bbox 232 1441 1996 1507">
    <p class='ocr_par' dir='ltr' id='par_1_8' title="bbox 232 1441 1996 1507">
     <span class='ocr_line' id='line_1_10' title="bbox 232 1441 1996 1507; baseline -0.001 -13"><span class='ocrx_word' id='word_1_24' title='bbox 232 1445 646 1494; x_wconf 87' lang='lat' dir='ltr'>Gloriosissimam</span> <span class='ocrx_word' id='word_1_25' title='bbox 693 1445 941 1492; x_wconf 90' lang='lat' dir='ltr'>civitatem</span> <span class='ocrx_word' id='word_1_26' title='bbox 980 1442 1070 1491; x_wconf 89' lang='lat' dir='ltr'>Dei</span> <span class='ocrx_word' id='word_1_27' title='bbox 1109 1444 1208 1491; x_wconf 87' lang='lat' dir='ltr'>sive</span> <span class='ocrx_word' id='word_1_28' title='bbox 1260 1444 1311 1491; x_wconf 92' lang='lat' dir='ltr'>in</span> <span class='ocrx_word' id='word_1_29' title='bbox 1360 1441 1451 1491; x_wconf 84' lang='lat' dir='ltr'>hoc</span> <span class='ocrx_word' id='word_1_30' title='bbox 1490 1449 1769 1507; x_wconf 84' lang='lat' dir='ltr'>temporum</span> <span class='ocrx_word' id='word_1_31' title='bbox 1806 1454 1859 1493; x_wconf 86' lang='lat'>10</span> <span class='ocrx_word' id='word_1_32' title='bbox 1994 1470 1996 1486; x_wconf 56' lang='lat' dir='ltr'><em>r</em></span> 
     </span>
    </p>
   </div>
   <div class='ocr_carea' id='block_1_9' title="bbox 38 1516 1858 2613">
    <p class='ocr_par' dir='ltr' id='par_1_9' title="bbox 38 1516 1858 2613">
     <span class='ocr_line' id='line_1_11' title="bbox 83 1516 1769 1586; baseline -0.002 -17"><span class='ocrx_word' id='word_1_33' title='bbox 83 1535 251 1586; x_wconf 68' lang='lat' dir='ltr'>cumn,</span> <span class='ocrx_word' id='word_1_34' title='bbox 290 1534 404 1568; x_wconf 92' lang='lat' dir='ltr'>cum</span> <span class='ocrx_word' id='word_1_35' title='bbox 442 1520 572 1568; x_wconf 87' lang='lat' dir='ltr'>inter</span> <span class='ocrx_word' id='word_1_36' title='bbox 611 1518 789 1582; x_wconf 90' lang='lat' dir='ltr'>impios</span> <span class='ocrx_word' id='word_1_37' title='bbox 827 1518 1175 1582; x_wconf 77' lang='lat' dir='ltr'>peregrinatur</span> <span class='ocrx_word' id='word_1_38' title='bbox 1214 1531 1274 1565; x_wconf 87' lang='lat' dir='ltr'>ex</span> <span class='ocrx_word' id='word_1_39' title='bbox 1312 1516 1407 1565; x_wconf 86' lang='lat' dir='ltr'>fide</span> <span class='ocrx_word' id='word_1_40' title='bbox 1448 1518 1630 1583; x_wconf 81' lang='lat' dir='ltr'>vivens,</span> <span class='ocrx_word' id='word_1_41' title='bbox 1669 1519 1769 1566; x_wconf 89' lang='lat' dir='ltr'>sive</span> 
     </span>
     <span class='ocr_line' id='line_1_12' title="bbox 82 1590 1770 1657; baseline -0.002 -15"><span class='ocrx_word' id='word_1_42' title='bbox 82 1595 134 1642; x_wconf 90' lang='lat' dir='ltr'>in</span> <span class='ocrx_word' id='word_1_43' title='bbox 172 1592 253 1641; x_wconf 89' lang='lat' dir='ltr'>illa</span> <span class='ocrx_word' id='word_1_44' title='bbox 291 1591 554 1642; x_wconf 79' lang='lat' dir='ltr'>stabilitate</span> <span class='ocrx_word' id='word_1_45' title='bbox 595 1590 727 1641; x_wconf 87' lang='lat' dir='ltr'>sedis</span> <span class='ocrx_word' id='word_1_46' title='bbox 766 1597 1018 1657; x_wconf 80' lang='lat' dir='ltr'>aeternae,</span> <span class='ocrx_word' id='word_1_47' title='bbox 1058 1604 1206 1655; x_wconf 89' lang='lat' dir='ltr'>quam</span> <span class='ocrx_word' id='word_1_48' title='bbox 1244 1605 1376 1639; x_wconf 89' lang='lat' dir='ltr'>nunc</span> <span class='ocrx_word' id='word_1_49' title='bbox 1417 1596 1643 1655; x_wconf 85' lang='lat' dir='ltr'>expectat</span> <span class='ocrx_word' id='word_1_50' title='bbox 1681 1607 1770 1656; x_wconf 88' lang='lat' dir='ltr'>per</span> 
     </span>
     <span class='ocr_line' id='line_1_13' title="bbox 81 1664 1770 1732; baseline -0.001 -16"><span class='ocrx_word' id='word_1_51' title='bbox 81 1668 388 1732; x_wconf 86' lang='lat' dir='ltr'>patientiam,</span> <span class='ocrx_word' id='word_1_52' title='bbox 435 1666 756 1730; x_wconf 86' lang='lat' dir='ltr'>quoadusque</span> <span class='ocrx_word' id='word_1_53' title='bbox 807 1665 994 1713; x_wconf 84' lang='lat' dir='ltr'>iustitia</span> <span class='ocrx_word' id='word_1_54' title='bbox 1045 1670 1362 1713; x_wconf 83' lang='lat' dir='ltr'>convertatur</span> <span class='ocrx_word' id='word_1_55' title='bbox 1412 1666 1464 1713; x_wconf 93' lang='lat' dir='ltr'>in</span> <span class='ocrx_word' id='word_1_56' title='bbox 1519 1664 1770 1731; x_wconf 88' lang='lat' dir='ltr'>iudicium,</span> 
     </span>
     <span class='ocr_line' id='line_1_14' title="bbox 82 1738 1766 1805; baseline -0.001 -16"><span class='ocrx_word' id='word_1_57' title='bbox 82 1741 316 1805; x_wconf 85' lang='lat' dir='ltr'>deinceps</span> <span class='ocrx_word' id='word_1_58' title='bbox 340 1739 577 1804; x_wconf 89' lang='lat' dir='ltr'>adeptura</span> <span class='ocrx_word' id='word_1_59' title='bbox 601 1755 690 1804; x_wconf 90' lang='lat' dir='ltr'>per</span> <span class='ocrx_word' id='word_1_60' title='bbox 724 1738 1066 1788; x_wconf 81' lang='lat' dir='ltr'>excellentiam</span> <span class='ocrx_word' id='word_1_61' title='bbox 1106 1739 1310 1787; x_wconf 86' lang='lat' dir='ltr'>victoria</span> <span class='ocrx_word' id='word_1_62' title='bbox 1349 1738 1520 1787; x_wconf 90' lang='lat' dir='ltr'>ultima</span> <span class='ocrx_word' id='word_1_63' title='bbox 1559 1745 1609 1788; x_wconf 85' lang='lat' dir='ltr'>et</span> <span class='ocrx_word' id='word_1_64' title='bbox 1646 1754 1766 1803; x_wconf 91' lang='lat' dir='ltr'>pace</span> 
     </span>
     <span class='ocr_line' id='line_1_15' title="bbox 38 1805 1858 1879; baseline -0.002 -16"><span class='ocrx_word' id='word_1_65' title='bbox 38 1805 40 1809; x_wconf 58' lang='grc'>’</span> <span class='ocrx_word' id='word_1_66' title='bbox 81 1814 322 1879; x_wconf 84' lang='lat' dir='ltr'>perfecta,</span> <span class='ocrx_word' id='word_1_67' title='bbox 369 1813 463 1862; x_wconf 90' lang='lat' dir='ltr'>hoc</span> <span class='ocrx_word' id='word_1_68' title='bbox 509 1828 658 1879; x_wconf 89' lang='lat' dir='ltr'>opere</span> <span class='ocrx_word' id='word_1_69' title='bbox 709 1814 938 1862; x_wconf 88' lang='lat' dir='ltr'>instituto</span> <span class='ocrx_word' id='word_1_70' title='bbox 986 1818 1035 1861; x_wconf 87' lang='lat' dir='ltr'>et</span> <span class='ocrx_word' id='word_1_71' title='bbox 1081 1826 1188 1860; x_wconf 90' lang='lat' dir='ltr'>mea</span> <span class='ocrx_word' id='word_1_72' title='bbox 1234 1812 1294 1860; x_wconf 93' lang='lat' dir='ltr'>ad</span> <span class='ocrx_word' id='word_1_73' title='bbox 1342 1818 1388 1861; x_wconf 88' lang='lat' dir='ltr'>te</span> <span class='ocrx_word' id='word_1_74' title='bbox 1442 1814 1768 1877; x_wconf 87' lang='lat' dir='ltr'>promissione</span> <span class='ocrx_word' id='word_1_75' title='bbox 1805 1821 1858 1860; x_wconf 90' lang='lat'>15</span> 
     </span>
     <span class='ocr_line' id='line_1_16' title="bbox 83 1885 1770 1952; baseline 0 -16"><span class='ocrx_word' id='word_1_76' title='bbox 83 1886 248 1936; x_wconf 90' lang='lat' dir='ltr'>debito</span> <span class='ocrx_word' id='word_1_77' title='bbox 280 1887 546 1937; x_wconf 87' lang='lat' dir='ltr'>defendere</span> <span class='ocrx_word' id='word_1_78' title='bbox 573 1887 808 1936; x_wconf 88' lang='lat' dir='ltr'>adversus</span> <span class='ocrx_word' id='word_1_79' title='bbox 840 1901 940 1952; x_wconf 83' lang='lat' dir='ltr'>eOS,</span> <span class='ocrx_word' id='word_1_80' title='bbox 966 1887 1051 1950; x_wconf 90' lang='lat' dir='ltr'>qui</span> <span class='ocrx_word' id='word_1_81' title='bbox 1083 1885 1330 1935; x_wconf 88' lang='lat' dir='ltr'>conditori</span> <span class='ocrx_word' id='word_1_82' title='bbox 1361 1887 1468 1935; x_wconf 86' lang='lat' dir='ltr'>eius</span> <span class='ocrx_word' id='word_1_83' title='bbox 1501 1886 1620 1936; x_wconf 90' lang='lat' dir='ltr'>deos</span> <span class='ocrx_word' id='word_1_84' title='bbox 1653 1902 1770 1936; x_wconf 89' lang='lat' dir='ltr'>suos</span> 
     </span>
     <span class='ocr_line' id='line_1_17' title="bbox 81 1959 1769 2027; baseline 0.001 -17"><span class='ocrx_word' id='word_1_85' title='bbox 81 1961 384 2027; x_wconf 84' lang='lat' dir='ltr'>praeferunt,</span> <span class='ocrx_word' id='word_1_86' title='bbox 416 1961 483 2009; x_wconf 89' lang='lat' dir='ltr'>fili</span> <span class='ocrx_word' id='word_1_87' title='bbox 515 1962 766 2010; x_wconf 81' lang='lat' dir='ltr'>carissime</span> <span class='ocrx_word' id='word_1_88' title='bbox 799 1959 1096 2026; x_wconf 80' lang='lat' dir='ltr'>Marcelline,</span> <span class='ocrx_word' id='word_1_89' title='bbox 1137 1961 1350 2026; x_wconf 91' lang='lat' dir='ltr'>suscepi,</span> <span class='ocrx_word' id='word_1_90' title='bbox 1390 1975 1622 2025; x_wconf 82' lang='lat' dir='ltr'>magnum</span> <span class='ocrx_word' id='word_1_91' title='bbox 1645 1976 1769 2027; x_wconf 87' lang='lat' dir='ltr'>opus</span> 
     </span>
     <span class='ocr_line' id='line_1_18' title="bbox 83 2033 1769 2100; baseline 0 -16"><span class='ocrx_word' id='word_1_92' title='bbox 83 2043 132 2084; x_wconf 86' lang='lat' dir='ltr'>et</span> <span class='ocrx_word' id='word_1_93' title='bbox 163 2035 387 2100; x_wconf 89' lang='lat' dir='ltr'>arduum,</span> <span class='ocrx_word' id='word_1_94' title='bbox 427 2034 511 2084; x_wconf 91' lang='lat' dir='ltr'>sed</span> <span class='ocrx_word' id='word_1_95' title='bbox 545 2034 677 2084; x_wconf 92' lang='lat' dir='ltr'>Deus</span> <span class='ocrx_word' id='word_1_96' title='bbox 709 2033 904 2083; x_wconf 86' lang='lat' dir='ltr'>adiutor</span> <span class='ocrx_word' id='word_1_97' title='bbox 936 2039 1106 2082; x_wconf 89' lang='lat' dir='ltr'>noster</span> <span class='ocrx_word' id='word_1_98' title='bbox 1139 2039 1227 2082; x_wconf 89' lang='lat' dir='ltr'>est.</span> <span class='ocrx_word' id='word_1_99' title='bbox 1305 2033 1428 2083; x_wconf 91' lang='lat' dir='ltr'>Nam</span> <span class='ocrx_word' id='word_1_100' title='bbox 1453 2036 1555 2084; x_wconf 90' lang='lat' dir='ltr'>scio</span> <span class='ocrx_word' id='word_1_101' title='bbox 1588 2034 1769 2100; x_wconf 89' lang='lat' dir='ltr'>quibus</span> 
     </span>
     <span class='ocr_line' id='line_1_19' title="bbox 82 2106 1764 2174; baseline 0.001 -18"><span class='ocrx_word' id='word_1_102' title='bbox 82 2107 269 2157; x_wconf 76' lang='lat' dir='ltr'>viribus</span> <span class='ocrx_word' id='word_1_103' title='bbox 301 2123 426 2173; x_wconf 88' lang='lat' dir='ltr'>opus</span> <span class='ocrx_word' id='word_1_104' title='bbox 459 2110 538 2174; x_wconf 86' lang='lat' dir='ltr'>sit,</span> <span class='ocrx_word' id='word_1_105' title='bbox 570 2114 625 2158; x_wconf 91' lang='lat' dir='ltr'>ut</span> <span class='ocrx_word' id='word_1_106' title='bbox 647 2106 1005 2173; x_wconf 86' lang='lat' dir='ltr'>persuadeatur</span> <span class='ocrx_word' id='word_1_107' title='bbox 1038 2106 1266 2172; x_wconf 85' lang='lat' dir='ltr'>superbis</span> <span class='ocrx_word' id='word_1_108' title='bbox 1299 2115 1481 2173; x_wconf 92' lang='lat' dir='ltr'>quanta</span> <span class='ocrx_word' id='word_1_109' title='bbox 1513 2111 1576 2158; x_wconf 88' lang='lat' dir='ltr'>sit</span> <span class='ocrx_word' id='word_1_110' title='bbox 1608 2111 1764 2158; x_wconf 84' lang='lat' dir='ltr'>virtus</span> 
     </span>
     <span class='ocr_line' id='line_1_20' title="bbox 81 2176 1857 2248; baseline 0.001 -18"><span class='ocrx_word' id='word_1_111' title='bbox 81 2176 390 2242; x_wconf 83' lang='lat' dir='ltr'>humilitatiS‚</span> <span class='ocrx_word' id='word_1_112' title='bbox 439 2197 535 2246; x_wconf 90' lang='lat' dir='ltr'>qua</span> <span class='ocrx_word' id='word_1_113' title='bbox 580 2182 634 2231; x_wconf 83' lang='lat' dir='ltr'>fit</span> <span class='ocrx_word' id='word_1_114' title='bbox 680 2188 735 2231; x_wconf 88' lang='lat' dir='ltr'>ut</span> <span class='ocrx_word' id='word_1_115' title='bbox 774 2182 937 2230; x_wconf 88' lang='lat' dir='ltr'>omnia</span> <span class='ocrx_word' id='word_1_116' title='bbox 977 2187 1174 2230; x_wconf 85' lang='lat' dir='ltr'>terrena</span> <span class='ocrx_word' id='word_1_117' title='bbox 1214 2184 1468 2231; x_wconf 89' lang='lat' dir='ltr'>cacumina</span> <span class='ocrx_word' id='word_1_118' title='bbox 1507 2183 1765 2248; x_wconf 86' lang='lat' dir='ltr'>temporali</span> <span class='ocrx_word' id='word_1_119' title='bbox 1799 2193 1857 2232; x_wconf 77' lang='lat'>20</span> 
     </span>
     <span class='ocr_line' id='line_1_21' title="bbox 82 2255 1767 2323; baseline 0.001 -19"><span class='ocrx_word' id='word_1_120' title='bbox 82 2255 351 2305; x_wconf 89' lang='lat' dir='ltr'>mobilitate</span> <span class='ocrx_word' id='word_1_121' title='bbox 383 2258 607 2305; x_wconf 87' lang='lat' dir='ltr'>nutantia</span> <span class='ocrx_word' id='word_1_122' title='bbox 638 2271 738 2304; x_wconf 92' lang='lat' dir='ltr'>non</span> <span class='ocrx_word' id='word_1_123' title='bbox 776 2255 990 2305; x_wconf 90' lang='lat' dir='ltr'>humano</span> <span class='ocrx_word' id='word_1_124' title='bbox 1024 2262 1260 2320; x_wconf 88' lang='lat' dir='ltr'>usurpata</span> <span class='ocrx_word' id='word_1_125' title='bbox 1292 2256 1443 2323; x_wconf 85' lang='lat' dir='ltr'>fastu,</span> <span class='ocrx_word' id='word_1_126' title='bbox 1474 2256 1574 2305; x_wconf 86' lang='lat' dir='ltr'>sed</span> <span class='ocrx_word' id='word_1_127' title='bbox 1606 2257 1767 2306; x_wconf 87' lang='lat' dir='ltr'>divina</span> 
     </span>
     <span class='ocr_line' id='line_1_22' title="bbox 81 2328 1767 2394; baseline 0.001 -16"><span class='ocrx_word' id='word_1_128' title='bbox 81 2331 237 2394; x_wconf 86' lang='lat' dir='ltr'>gratia</span> <span class='ocrx_word' id='word_1_129' title='bbox 269 2329 446 2378; x_wconf 89' lang='lat' dir='ltr'>donata</span> <span class='ocrx_word' id='word_1_130' title='bbox 478 2329 718 2379; x_wconf 90' lang='lat' dir='ltr'>celsitudo</span> <span class='ocrx_word' id='word_1_131' title='bbox 751 2329 1079 2378; x_wconf 85' lang='lat' dir='ltr'>transcendat.</span> <span class='ocrx_word' id='word_1_132' title='bbox 1134 2328 1239 2378; x_wconf 87' lang='lat' dir='ltr'>Rex</span> <span class='ocrx_word' id='word_1_133' title='bbox 1279 2331 1413 2379; x_wconf 89' lang='lat' dir='ltr'>enim</span> <span class='ocrx_word' id='word_1_134' title='bbox 1451 2336 1500 2379; x_wconf 90' lang='lat' dir='ltr'>et</span> <span class='ocrx_word' id='word_1_135' title='bbox 1541 2331 1767 2380; x_wconf 86' lang='lat' dir='ltr'>conditor</span> 
     </span>
     <span class='ocr_line' id='line_1_23' title="bbox 82 2402 1766 2470; baseline 0.002 -19"><span class='ocrx_word' id='word_1_136' title='bbox 82 2404 292 2452; x_wconf 88' lang='lat' dir='ltr'>civitatis</span> <span class='ocrx_word' id='word_1_137' title='bbox 322 2402 486 2470; x_wconf 87' lang='lat' dir='ltr'>huius,</span> <span class='ocrx_word' id='word_1_138' title='bbox 517 2403 576 2452; x_wconf 88' lang='lat' dir='ltr'>de</span> <span class='ocrx_word' id='word_1_139' title='bbox 603 2418 699 2468; x_wconf 92' lang='lat' dir='ltr'>qua</span> <span class='ocrx_word' id='word_1_140' title='bbox 730 2402 865 2467; x_wconf 90' lang='lat' dir='ltr'>loqui</span> <span class='ocrx_word' id='word_1_141' title='bbox 889 2404 1210 2470; x_wconf 82' lang='lat' dir='ltr'>instituimus,</span> <span class='ocrx_word' id='word_1_142' title='bbox 1241 2405 1293 2452; x_wconf 91' lang='lat' dir='ltr'>in</span> <span class='ocrx_word' id='word_1_143' title='bbox 1325 2405 1572 2469; x_wconf 83' lang='lat' dir='ltr'>scriptura</span> <span class='ocrx_word' id='word_1_144' title='bbox 1596 2405 1766 2469; x_wconf 88' lang='lat' dir='ltr'>populi</span> 
     </span>
     <span class='ocr_line' id='line_1_24' title="bbox 83 2476 1764 2542; baseline 0.002 -18"><span class='ocrx_word' id='word_1_145' title='bbox 83 2478 159 2525; x_wconf 89' lang='lat' dir='ltr'>sui</span> <span class='ocrx_word' id='word_1_146' title='bbox 185 2478 478 2526; x_wconf 88' lang='lat' dir='ltr'>sententiam</span> <span class='ocrx_word' id='word_1_147' title='bbox 503 2477 692 2526; x_wconf 89' lang='lat' dir='ltr'>divinae</span> <span class='ocrx_word' id='word_1_148' title='bbox 717 2476 839 2540; x_wconf 88' lang='lat' dir='ltr'>legis</span> <span class='ocrx_word' id='word_1_149' title='bbox 878 2477 1087 2542; x_wconf 88' lang='lat' dir='ltr'>aperuit,</span> <span class='ocrx_word' id='word_1_150' title='bbox 1127 2491 1223 2540; x_wconf 92' lang='lat' dir='ltr'>qua</span> <span class='ocrx_word' id='word_1_151' title='bbox 1262 2476 1449 2527; x_wconf 83' lang='lat' dir='ltr'>dictum</span> <span class='ocrx_word' id='word_1_152' title='bbox 1489 2484 1587 2527; x_wconf 85' lang='lat' dir='ltr'>est:</span> <span class='ocrx_word' id='word_1_153' title='bbox 1627 2481 1764 2528; x_wconf 75' lang='lat' dir='ltr'>Deus</span> 
     </span>
     <span class='ocr_line' id='line_1_25' title="bbox 80 2551 1851 2613; baseline 0.001 -14"><span class='ocrx_word' id='word_1_154' title='bbox 80 2552 311 2613; x_wconf 59' lang='lat' dir='ltr'>superbis</span> <span class='ocrx_word' id='word_1_155' title='bbox 364 2553 574 2611; x_wconf 77' lang='lat' dir='ltr'>resistit,</span> <span class='ocrx_word' id='word_1_156' title='bbox 636 2551 904 2600; x_wconf 78' lang='lat' dir='ltr'>humilibus</span> <span class='ocrx_word' id='word_1_157' title='bbox 967 2555 1134 2600; x_wconf 79' lang='lat' dir='ltr'>autem</span> <span class='ocrx_word' id='word_1_158' title='bbox 1189 2553 1279 2600; x_wconf 79' lang='lat' dir='ltr'>dat</span> <span class='ocrx_word' id='word_1_159' title='bbox 1327 2554 1566 2612; x_wconf 69' lang='lat' dir='ltr'>qratiam.</span> <span class='ocrx_word' id='word_1_160' title='bbox 1659 2552 1762 2601; x_wconf 90' lang='lat' dir='ltr'>Hoc</span> <span class='ocrx_word' id='word_1_161' title='bbox 1798 2562 1851 2600; x_wconf 79' lang='lat'>25</span> 
     </span>
    </p>
   </div>
   <div class='ocr_carea' id='block_1_10' title="bbox 23 2677 1761 2792">
    <p class='ocr_par' dir='ltr' id='par_1_10' title="bbox 23 2677 1761 2780">
     <span class='ocr_line' id='line_1_26' title="bbox 23 2677 1761 2736; baseline -0.001 -12"><span class='ocrx_word' id='word_1_162' title='bbox 23 2683 65 2724; x_wconf 62' lang='lat' dir='ltr'>f»</span> <span class='ocrx_word' id='word_1_163' title='bbox 202 2679 272 2733; x_wconf 91' lang='lat'>11)</span> <span class='ocrx_word' id='word_1_164' title='bbox 304 2677 446 2722; x_wconf 82' lang='lat' dir='ltr'>Abac.</span> <span class='ocrx_word' id='word_1_165' title='bbox 474 2682 514 2731; x_wconf 80' lang='lat'>2,</span> <span class='ocrx_word' id='word_1_166' title='bbox 539 2682 580 2721; x_wconf 88' lang='grc'>4.</span> <span class='ocrx_word' id='word_1_167' title='bbox 646 2678 718 2733; x_wconf 83' lang='grc'>13)</span> <span class='ocrx_word' id='word_1_168' title='bbox 748 2677 881 2723; x_wconf 87' lang='lat' dir='ltr'>Rom.</span> <span class='ocrx_word' id='word_1_169' title='bbox 915 2681 956 2733; x_wconf 82' lang='lat'>8,</span> <span class='ocrx_word' id='word_1_170' title='bbox 989 2681 1060 2722; x_wconf 79' lang='lat'>25.</span> <span class='ocrx_word' id='word_1_171' title='bbox 1125 2680 1197 2734; x_wconf 90' lang='lat'>13)</span> <span class='ocrx_word' id='word_1_172' title='bbox 1229 2678 1302 2722; x_wconf 70' lang='grc' dir='ltr'>ΡΒ.</span> <span class='ocrx_word' id='word_1_173' title='bbox 1335 2683 1406 2734; x_wconf 85' lang='grc'>93,</span> <span class='ocrx_word' id='word_1_174' title='bbox 1442 2684 1510 2723; x_wconf 85' lang='grc'>15.</span> <span class='ocrx_word' id='word_1_175' title='bbox 1573 2682 1646 2736; x_wconf 79' lang='lat'>25)</span> <span class='ocrx_word' id='word_1_176' title='bbox 1672 2680 1761 2723; x_wconf 84' lang='lat' dir='ltr'>Iac.</span> 
     </span>
     <span class='ocr_line' id='line_1_27' title="bbox 83 2736 579 2792; baseline 0.002 -14"><span class='ocrx_word' id='word_1_177' title='bbox 83 2741 122 2790; x_wconf 95' lang='lat'>4,</span> <span class='ocrx_word' id='word_1_178' title='bbox 156 2742 203 2791; x_wconf 81' lang='lat'>63</span> <span class='ocrx_word' id='word_1_179' title='bbox 239 2742 277 2780; x_wconf 89' lang='lat'>1.</span> <span class='ocrx_word' id='word_1_180' title='bbox 309 2736 431 2782; x_wconf 74' lang='lat' dir='ltr'>Petr.</span> <span class='ocrx_word' id='word_1_181' title='bbox 464 2741 506 2792; x_wconf 87' lang='lat'>5,</span> <span class='ocrx_word' id='word_1_182' title='bbox 538 2741 579 2780; x_wconf 88' lang='lat'>5.</span> 
     </span>
    </p>
   </div>
   <div class='ocr_carea' id='block_1_11' title="bbox 81 2869 1762 3080">
    <p class='ocr_par' dir='ltr' id='par_1_11' title="bbox 81 2869 1762 3043">
     <span class='ocr_line' id='line_1_28' title="bbox 201 2869 1762 2928; baseline 0.003 -17"><span class='ocrx_word' id='word_1_183' title='bbox 201 2874 256 2912; x_wconf 92' lang='lat'>14</span> <span class='ocrx_word' id='word_1_184' title='bbox 285 2869 532 2913; x_wconf 64' lang='lat' dir='ltr'>uictoriam</span> <span class='ocrx_word' id='word_1_185' title='bbox 563 2869 777 2913; x_wconf 75' lang='lat' dir='ltr'>ultimam</span> <span class='ocrx_word' id='word_1_186' title='bbox 809 2870 857 2913; x_wconf 75' lang='lat' dir='ltr'>et</span> <span class='ocrx_word' id='word_1_187' title='bbox 885 2883 1049 2926; x_wconf 84' lang='lat' dir='ltr'>pacem</span> <span class='ocrx_word' id='word_1_188' title='bbox 1072 2871 1326 2927; x_wconf 70' lang='lat' dir='ltr'>perfectam</span> <span class='ocrx_word' id='word_1_189' title='bbox 1350 2870 1519 2914; x_wconf 80' lang='lat' dir='ltr'><strong><em>A2KF</em></strong></span> <span class='ocrx_word' id='word_1_190' title='bbox 1552 2873 1567 2928; x_wconf 81' lang='grc' dir='ltr'>ΙΙ</span> <span class='ocrx_word' id='word_1_191' title='bbox 1609 2875 1660 2915; x_wconf 84' lang='grc'>15</span> <span class='ocrx_word' id='word_1_192' title='bbox 1693 2871 1762 2915; x_wconf 83' lang='lat' dir='ltr'>in-</span> 
     </span>
     <span class='ocr_line' id='line_1_29' title="bbox 84 2925 1762 2985; baseline 0.004 -17"><span class='ocrx_word' id='word_1_193' title='bbox 84 2925 243 2970; x_wconf 79' lang='lat' dir='ltr'>stituto</span> <span class='ocrx_word' id='word_1_194' title='bbox 277 2930 325 2972; x_wconf 76' lang='lat' dir='ltr'>et</span> <span class='ocrx_word' id='word_1_195' title='bbox 354 2941 459 2972; x_wconf 82' lang='lat' dir='ltr'>mea.</span> <span class='ocrx_word' id='word_1_196' title='bbox 490 2927 550 2971; x_wconf 83' lang='lat' dir='ltr'>ad</span> <span class='ocrx_word' id='word_1_197' title='bbox 579 2930 626 2971; x_wconf 75' lang='lat' dir='ltr'>te</span> <span class='ocrx_word' id='word_1_198' title='bbox 661 2927 742 2972; x_wconf 78' lang='lat' dir='ltr'>CA</span> <span class='ocrx_word' id='word_1_199' title='bbox 779 2929 912 2985; x_wconf 76' lang='lat' dir='ltr'>(proy</span> <span class='ocrx_word' id='word_1_200' title='bbox 914 2943 950 2974; x_wconf 85' lang='lat' dir='ltr'>r.</span> <span class='ocrx_word' id='word_1_201' title='bbox 976 2933 1156 2985; x_wconf 53' lang='lat'>1214),</span> <span class='ocrx_word' id='word_1_202' title='bbox 1197 2944 1225 2973; x_wconf 86' lang='lat' dir='ltr'>a</span> <span class='ocrx_word' id='word_1_203' title='bbox 1253 2931 1301 2973; x_wconf 77' lang='lat' dir='ltr'>te</span> <span class='ocrx_word' id='word_1_204' title='bbox 1331 2928 1547 2974; x_wconf 74' lang='lat' dir='ltr'>instituto</span> <span class='ocrx_word' id='word_1_205' title='bbox 1580 2932 1628 2974; x_wconf 75' lang='lat' dir='ltr'>et</span> <span class='ocrx_word' id='word_1_206' title='bbox 1655 2945 1762 2975; x_wconf 77' lang='lat' dir='ltr'>mea</span> 
     </span>
     <span class='ocr_line' id='line_1_30' title="bbox 81 2983 1258 3080; baseline 0.004 -54"><span class='ocrx_word' id='word_1_207' title='bbox 81 2983 206 3028; x_wconf 82' lang='lat' dir='ltr'>KFv</span> <span class='ocrx_word' id='word_1_208' title='bbox 233 2987 326 3041; x_wconf 80' lang='grc'>1123</span> <span class='ocrx_word' id='word_1_209' title='bbox 357 2985 521 3080; x_wconf 79' lang='lat' dir='ltr'>populi</span> <span class='ocrx_word' id='word_1_210' title='bbox 554 2986 624 3030; x_wconf 88' lang='lat' dir='ltr'>sui</span> <span class='ocrx_word' id='word_1_211' title='bbox 657 2986 857 3042; x_wconf 76' lang='lat' dir='ltr'><em>GAKF3</em></span> <span class='ocrx_word' id='word_1_212' title='bbox 889 2987 1076 3043; x_wconf 83' lang='lat' dir='ltr'>populis</span> <span class='ocrx_word' id='word_1_213' title='bbox 1109 2987 1200 3031; x_wconf 86' lang='lat' dir='ltr'>suis</span> <span class='ocrx_word' id='word_1_214' title='bbox 1236 3003 1258 3031; x_wconf 79' lang='grc' dir='ltr'><em>υ</em></span> 
     </span>
    </p>
   </div>
   <div class='ocr_carea' id='block_1_12' title="bbox 1347 3066 1405 3104">
    <p class='ocr_par' dir='ltr' id='par_1_12' title="bbox 1347 3066 1405 3104">
     <span class='ocr_line' id='line_1_31' title="bbox 1347 3066 1405 3104; baseline 0 -13"><span class='ocrx_word' id='word_1_215' title='bbox 1347 3066 1405 3104; x_wconf 60' lang='lat'>123</span> 
     </span>
    </p>
   </div>
  </div>
 </body>
</html>
