2020 3122
165 938 219 976 10

167 1306 219 1344 15

168 1746 223 1786 20

167 2142 221 2182 25

168 2512 224 2551 30

250 138 362 190 474
933 148 968 182 s.
992 148 1266 184 ,mensum

251 263 367 311 feeit
405 262 559 328 DeuS,
600 268 649 311 et
689 264 1015 326 septenariam
1055 263 1233 326 quietis
1281 261 1381 310 Dei.
1460 260 1582 311 Cum
1630 265 1760 311 enim
1814 263 1941 314 dixit

251 336 406 385 Deus:
438 338 556 385 Fiat
586 339 689 396 lux,
723 343 772 384 et
802 335 927 385 facta
952 342 1029 384 est
1051 335 1148 400 lim,
1179 337 1380 384 sirecte
1406 338 1456 384 in
1480 335 1570 384 hac
1605 335 1714 385 luce
1748 339 1932 386 creatio

251 409 553 474 intellegitur
585 409 896 476 angelorum,
935 409 1156 474 profecto
1198 409 1312 458 facti
1345 415 1461 457 sunt
1498 412 1764 474 participes
1802 409 1927 459 lucis

251 490 501 549 aeternae,
542 483 673 548 quod
713 491 789 532 est
826 485 932 548 ipsa
970 482 1385 532 incommutabilis
1426 484 1663 546 sapientia
1694 482 1804 549 Dei,
1842 499 1935 547 per

252 572 396 620 quam
450 557 575 606 sacta
630 563 746 606 sunt
799 560 985 623 omnia,
1041 572 1188 621 quem
1240 557 1448 604 dicimus
1497 558 1806 621 unigenitum
1845 556 1936 606 Dei

251 631 427 697 filium,
474 638 532 680 ut
579 646 635 680 ea
683 631 793 680 luce
833 631 1135 696 inluminati,
1186 645 1282 694 qua
1323 633 1501 695 creati,
1547 630 1725 680 fierent
1765 630 1847 679 lux
1886 637 1939 680 et

251 711 546 754 vocarentur
578 705 682 754 dies
713 707 1086 769 participatione
1118 703 1532 752 incommutabilis
1570 703 1695 753 lucis
1735 711 1785 753 et
1824 703 1938 765 diei,

252 778 383 842 quod
435 785 511 827 est
559 778 763 828 verbum
811 778 925 844 Dei,
974 793 1063 842 per
1113 777 1240 841 quod
1295 784 1343 826 et
1381 779 1476 842 ipsi
1515 784 1565 826 et
1603 781 1764 827 omnia
1805 778 1933 826 facta

253 859 381 901 sunt.
459 853 650 901 Lumen
674 854 854 916 quippe
881 867 1068 911 verum,
1109 854 1245 912 quod
1268 854 1536 900 inluminat
1558 866 1749 902 omnem
1780 853 1933 900 homi-

251 941 363 976 nem
388 929 662 975 venientem
694 930 745 975 in
778 929 912 975 hunc
943 927 1196 991 mundum,
1235 925 1329 973 hoc
1362 925 1620 974 inluminat
1651 933 1702 976 et
1740 940 1936 976 omnem

253 999 479 1063 angelum
510 999 765 1065 mundum,
804 1006 860 1048 ut
893 1001 955 1048 sit
993 999 1077 1048 lux
1117 1014 1216 1048 non
1255 1002 1306 1047 in
1347 1014 1399 1047 se
1438 1002 1561 1065 ipso,
1601 1001 1687 1049 sed
1725 1003 1777 1050 in
1809 998 1940 1065 Deo;

253 1089 277 1122 a
313 1087 420 1137 quo‘
435 1075 476 1121 si
501 1075 738 1122 avertitur
763 1073 978 1138 angeIUS,
1019 1073 1073 1122 fit
1104 1073 1394 1138 inmundus,
1434 1075 1563 1122 sicut
1595 1082 1710 1123 sunt
1747 1087 1934 1139 omneS,

252 1149 337 1210 qui
386 1154 625 1195 vocantur
670 1147 895 1196 inmundi
941 1149 1174 1213 spiritus,
1228 1162 1320 1195 nec
1372 1149 1467 1195 iam
1506 1146 1590 1196 lux
1628 1149 1678 1196 in
1718 1148 1943 1212 Domin0,

253 1221 338 1269 sed
371 1223 421 1269 in
462 1236 513 1269 se
545 1223 665 1285 ipsis
698 1221 946 1287 tenebrae,
986 1222 1163 1286 privati
1200 1222 1573 1285 participatione
1613 1221 1738 1270 lucis
1778 1227 1934 1270 aeter-

253 1309 356 1342 nae.
434 1293 546 1342 Mali
599 1297 730 1343 enim
769 1295 900 1344 nulla
940 1302 1113 1344 natura
1154 1301 1251 1360 est,
1303 1294 1389 1343 sed
1430 1296 1627 1343 amissio
1667 1295 1783 1344 boni
1823 1292 1937 1342 mali

253 1383 434 1416 nomen
474 1370 675 1433 accepit.
992 1364 996 1367 ’

948 1496 1144 1550 CAPUT
1177 1496 1239 1549 X.

255 1590 330 1639 De
368 1592 585 1652 simplici
622 1594 668 1638 et
708 1592 1103 1639 incommutabili
1140 1592 1369 1638 trinitate
1408 1590 1507 1638 Dei
1544 1591 1717 1639 Patris
1757 1595 1806 1639 et
1842 1592 1943 1640 Dei
1991 1603 1993 1605 ’

326 1665 448 1713 Filii
485 1670 534 1712 et
571 1664 669 1711 Dei
706 1664 927 1725 Spiritus
965 1667 1144 1725 sancti,
1185 1666 1335 1712 unius
1374 1664 1490 1723 Dei,
1532 1667 1619 1712 cui
1655 1679 1754 1713 non
1794 1671 1868 1713 est

589 1739 733 1786 aliud
769 1740 988 1798 qualitas
1029 1740 1268 1799 aliudque
1306 1739 1603 1786 substantia.

401 1839 490 1888 Est
536 1841 700 1904 itaque
748 1839 934 1888 bonum
982 1840 1140 1889 solum
1187 1839 1394 1904 simplex
1442 1847 1491 1888 et
1537 1840 1598 1888 ob
1645 1840 1739 1889 1100
1780 1840 1940 1889 solum

254 1913 667 1978 incommutabile,
709 1914 838 1978 quod
880 1921 955 1963 est
994 1913 1138 1964 Deus
1216 1913 1287 1962 Ab
1327 1913 1420 1962 hoc
1459 1913 1588 1962 bono
1630 1921 1792 1963 creata
1825 1920 1940 1963 sunt

255 1988 415 2035 onmia
441 1986 581 2053 bona,
623 1987 707 2036 sed
734 2003 833 2036 non
858 1988 1096 2052 simplicia
1130 1995 1178 2036 et
1210 1987 1271 2036 ob
1313 1987 1405 2036 hoc
1446 1987 1710 2037 mutabilia.
1766 1987 1937 2037 Creata

257 2075 394 2125 sane,
444 2062 670 2127 inquam,
720 2061 768 2109 id
818 2068 893 2111 est
932 2062 1082 2128 facta,
1131 2077 1230 2110 non
1270 2063 1445 2126 genita.
1527 2061 1668 2119 Quod
1708 2063 1838 2111 enim
1878 2061 1938 2110 de

256 2133 466 2197 simplici
504 2133 632 2182 bono
666 2137 885 2198 genitum
926 2142 1017 2201 est,
1055 2138 1242 2200 pariter
1283 2135 1487 2200 simplex
1529 2142 1603 2183 est
1644 2142 1692 2184 et
1729 2135 1822 2184 hoc
1863 2142 1941 2184 est

255 2207 387 2271 quod
419 2207 537 2255 illud
563 2207 622 2255 de
656 2223 753 2271 quo
786 2211 1006 2273 genitum
1039 2217 1134 2275 est;
1169 2224 1292 2274 quae
1326 2209 1422 2258 duo
1454 2208 1651 2258 Patrem
1677 2215 1726 2258 et
1756 2208 1936 2257 Filium

255 2281 484 2346 dicimus3
525 2288 573 2330 et
603 2289 869 2346 utrumque
902 2282 996 2331 hoc
1029 2298 1142 2332 cum
1175 2284 1353 2347 spiritu
1386 2298 1475 2331 suo
1507 2298 1636 2332 unus
1670 2289 1745 2332 est
1778 2282 1938 2348 Deus;

256 2355 341 2417 qui
388 2355 591 2418 spiritus
630 2354 791 2403 Patris
839 2363 887 2404 et
925 2356 1034 2405 Filii
1076 2357 1289 2421 Spiritus
1337 2362 1535 2405 sanctus
1586 2358 1781 2421 propria
1821 2370 1936 2420 qua·

256 2427 365 2476 dam
407 2429 605 2476 notione
655 2428 802 2477 huius
849 2432 1061 2478 nominis
1109 2433 1160 2478 in
1200 2432 1353 2479 sacris
1392 2430 1570 2479 litteris
1610 2436 1936 2494 nuncupatur.

256 2500 391 2550 Alius
447 2508 522 2550 est
577 2508 739 2550 autem
794 2517 939 2566 quam
986 2503 1131 2552 Pater
1186 2510 1234 2552 et
1272 2503 1448 2569 Filius,
1503 2505 1615 2567 quia
1663 2519 1754 2552 nec
1792 2503 1939 2551 Pater

257 2581 331 2623 est
370 2590 461 2624 nec
502 2574 676 2641 Filius3
717 2575 803 2624 sed
841 2572 1028 2642 ‚,alius“
1067 2577 1181 2643 dixi,
1221 2592 1319 2626 non
1357 2572 1564 2643 „aliud“,
1605 2578 1716 2640 quia
1758 2583 1806 2625 et
1844 2575 1938 2623 hoc

376 2688 447 2743 10)
480 2687 543 2731 Io.
578 2692 617 2742 1,
651 2693 691 2732 9.
734 2705 738 2708 ·

378 2824 430 2863 18
464 2820 539 2863 dei
570 2819 716 2876 patris
749 2822 796 2863 et
828 2820 903 2864 dei
940 2819 1025 2862 filii
1057 2821 1104 2863 et
1136 2819 1211 2862 dei
1243 2835 1306 2875 sp.
1342 2835 1375 2864 S.
1418 2820 1529 2874 VA,·
1568 2820 1719 2864 Patris
1751 2822 1799 2864 et
1826 2818 1938 2863 Filii

257 2880 303 2923 et
336 2878 411 2934 Sp.
445 2895 477 2924 s.
511 2893 535 2923 v
559 2881 574 2935 ss
599 2883 654 2922 20
686 2878 903 2934 aliudque
946 2879 1055 2932 VA,·
1087 2878 1215 2922 aliud
1247 2893 1272 2922 v
