2020 3122
251 127 359 178 544
927 139 961 172 s.
987 138 1260 173 Aucnsrm1

251 251 594 316 temporalium
644 257 892 314 tamquam
949 250 1249 300 dominantia
1305 251 1638 318 subditorum,
1692 253 1931 301 circuitus

252 325 321 373 illi
370 326 538 374 eadem
585 324 891 373 revolventes
939 323 1102 373 locum
1149 340 1249 373 non
1294 325 1498 392 habent,
1553 340 1676 389 quos
1724 327 1931 389 maxime

251 398 431 447 refellit
469 405 670 447 aeterna
707 399 804 447 vita
845 404 1143 448 sanctorum.

909 600 1101 654 CAPUT
1135 600 1278 653 XXI.

198 726 226 769 5
257 710 332 758 De
363 711 615 771 impietate
646 723 833 769 eorum,
873 710 963 768 qui
993 713 1230 756 asserunt
1270 709 1467 756 animas
1505 722 1727 757 summae
1765 721 1939 756 verae-

329 798 426 844 que
466 784 791 831 beatitudinis
824 783 1103 843 participes
1143 783 1325 829 iterum
1365 786 1515 841 atque
1555 783 1736 830 iterum
1769 796 1867 843 per

357 858 604 906 circuitus
636 861 912 917 temporum
945 857 1017 903 ad
1046 856 1246 903 easdem
1278 857 1509 903 miserias
1540 856 1838 916 laboresque

953 930 1229 977 redituras

402 1032 623 1089 Quorum
657 1033 786 1079 enim
821 1046 965 1080 aures
997 1033 1193 1096 piorum
1225 1031 1386 1080 serant
1423 1038 1536 1095 post
1576 1046 1825 1080 emensam
1864 1037 1938 1080 tot

166 1123 224 1165 10
254 1107 500 1169 tantisque
550 1104 908 1154 calamitatibus
956 1107 1103 1153 vitam
1153 1100 1217 1170 (si
1263 1111 1427 1153 tamen
1465 1106 1562 1153 vita
1602 1106 1693 1154 ista
1734 1104 1941 1153 dic-enda

256 1187 351 1240 est,
400 1194 522 1243 quae
563 1181 728 1244 potius
768 1194 900 1227 mors
942 1185 1040 1245 est,
1087 1181 1154 1227 ita
1193 1180 1376 1244 gravis,
1422 1184 1479 1227 ut
1518 1193 1676 1245 morS,
1716 1194 1840 1243 quae
1880 1177 1940 1227 ab

254 1254 345 1302 hac
377 1252 567 1318 liberat,
599 1254 772 1301 mortis
804 1252 951 1301 huius
986 1267 1150 1300 amore
1183 1246 1456 1318 timeatur),
1489 1259 1601 1316 post
1634 1258 1733 1300 tam
1766 1267 1938 1316 magna

254 1327 377 1376 mala
430 1334 628 1390 tamque
684 1325 834 1374 multa
890 1333 938 1375 et
993 1325 1239 1374 horrenda
1295 1325 1492 1374 tandem
1544 1325 1802 1390 aliquando
1850 1341 1941 1390 per

256 1415 422 1448 veram
453 1399 741 1464 religionem
773 1406 919 1463 atque
954 1401 1240 1464 sapientiam
1283 1401 1474 1464 expiata
1513 1405 1659 1463 atque
1701 1399 1835 1448 finita
1874 1401 1942 1448 ita

171 1486 227 1528 15
259 1475 517 1539 pervenire
558 1473 615 1521 ad
658 1479 979 1537 conspectum
1021 1472 1109 1521 Dei
1148 1479 1294 1536 atque
1334 1475 1400 1520 ita
1440 1473 1547 1521 fieri
1587 1472 1784 1522 beatum
1825 1487 1939 1521 con-

260 1547 573 1612 templatione
613 1549 934 1611 incorporeae
974 1547 1099 1595 lucis
1139 1561 1228 1610 per
1266 1547 1692 1610 participationem
1732 1548 1940 1595 inmuta-

257 1620 368 1669 bilis
416 1620 779 1669 inmortalitatis
827 1622 955 1685 eiUS,
1003 1622 1144 1668 cuius
1185 1619 1524 1684 adipiscendae
1566 1634 1730 1669 amore
1770 1619 1941 1684 flagra-

258 1709 368 1743 mus
383 1734 396 1759 ,
450 1701 506 1742 ut
553 1709 658 1743 eam
707 1693 1000 1758 quandoque
1049 1708 1253 1742 necesse
1303 1695 1366 1742 sit
1405 1693 1569 1741 deseri
1609 1700 1658 1743 et
1697 1709 1803 1760 eOS,
1857 1695 1943 1758 qui

264 1768 515 1833 deserunt,
554 1767 613 1816 ab
643 1767 722 1815 illa
756 1769 1045 1816 aeternitate
1077 1769 1279 1815 veritate
1320 1766 1550 1815 felicitate
1591 1767 1807 1816 deiectos
1845 1773 1942 1816 tar-

175 1855 233 1894 20
266 1848 430 1890 tareae
470 1841 775 1907 mortalitati,
821 1843 955 1906 turpi
1004 1840 1260 1907 stultitiae,
1308 1842 1520 1889 miseriis
1559 1840 1942 1890 exsecrabilibus

263 1915 524 1980 implicari,
572 1914 657 1964 ubi
695 1914 826 1964 Deus
874 1917 1149 1979 amittatur,
1195 1913 1280 1962 ubi
1320 1914 1431 1962 odio
1471 1917 1651 1964 veritas
1689 1914 1942 1981 habeatur,

264 1988 350 2037 ubi
396 2004 486 2053 per
531 1988 791 2037 inmundas
839 1990 1083 2052 nequitias
1129 1987 1380 2036 beatitudo
1429 1996 1715 2053 quaeratur,
1762 1994 1811 2037 et
1849 1988 1942 2036 hoc

262 2061 430 2110 itidem
464 2068 609 2125 atque
641 2062 808 2111 itidem
842 2064 947 2110 sine
987 2061 1086 2110 ullo
1126 2062 1222 2110 fine
1262 2063 1483 2125 priorum
1525 2068 1572 2110 et
1610 2063 1943 2127 posteriorum

265 2137 414 2183 certis
461 2136 732 2184 intervallis
780 2143 829 2184 et
876 2134 1266 2184 dimensionibus
1313 2134 1623 2184 saeculorum
1671 2136 1942 2193 factumtet

175 2219 231 2259 25
263 2209 507 2273 futurum3
547 2215 595 2257 et
626 2209 720 2257 hoc
752 2215 1029 2274 propterea,
1070 2216 1123 2258 ut
1161 2211 1353 2272 possint
1391 2208 1491 2257 Deo
1531 2208 1820 2258 circuitibus
1854 2207 1940 2257 de-

259 2283 408 2330 finitis
441 2282 672 2330 euntibus
705 2298 901 2347 semper
940 2291 1086 2346 atque
1128 2281 1449 2331 redeuntibus
1491 2298 1581 2347 per
1621 2290 1815 2331 nostras
1854 2282 1939 2330 fal-

259 2370 338 2403 sas
376 2354 706 2404 beatitudines
747 2363 795 2404 et
833 2371 973 2404 veras
1013 2357 1236 2405 miserias
1277 2355 1552 2405 alternatim
1595 2355 1814 2422 quidem,
1854 2355 1939 2404 sed

260 2427 563 2477 revolutione
611 2429 890 2477 incessabili
945 2431 1268 2494 sempiternas
1323 2436 1437 2478 nota
1485 2445 1592 2478 esse
1641 2444 1790 2493 opera
1839 2443 1940 2494 sua,

261 2503 490 2566 quoniam
530 2517 690 2566 neque
731 2518 757 2550 a
797 2503 1018 2551 faciendo
1061 2505 1316 2566 quiescere
1377 2518 1538 2567 neque
1594 2502 1794 2551 sciendo
1834 2509 1939 2566 pot-

172 2587 229 2627 30
262 2582 336 2624 cst
375 2590 428 2624 ea
441 2615 454 2641 ,
494 2590 617 2639 quae
665 2576 852 2624 infinita
893 2582 1028 2641 sunt,
1076 2573 1342 2640 indagare?
1421 2576 1540 2633 Quis
1581 2575 1700 2624 haec
1740 2573 1940 2625 audiat?

377 2704 421 2758 3)
454 2703 536 2746 Mt.
569 2708 639 2758 25,
672 2708 742 2746 46.

377 2869 432 2908 29
464 2866 620 2920 potest
660 2865 773 2918 VA‚·
804 2864 954 2920 possit
984 2877 1007 2909 v
