2020 3122
239 119 349 171 410
925 129 958 162 s.
983 129 1260 164 Anousmm

245 243 446 292 Talibus
486 245 616 292 enim
654 244 926 301 sacrificiis
967 245 1207 303 placetur
1245 241 1364 291 De0.
1444 241 1793 306 Quaecumque
1832 242 1921 307 igi·

238 323 321 365 tur
359 317 410 364 in
450 317 723 364 ministerio
762 314 1067 364 tabernaculi
1106 317 1206 364 sive
1246 314 1416 378 templi
1456 314 1624 364 multis
1664 315 1821 364 modis
1861 315 1921 364 de

238 390 493 438 sacrificiis
525 388 759 453 leguntur
791 389 1026 438 divinitus
1058 404 1166 437 esse
1199 394 1476 454 praecepta,
1517 387 1575 435 ad
1609 387 1923 438 dilectionem

237 462 326 511 Dei
389 470 437 511 et
498 464 709 527 proximi
773 461 1091 526 significando
1154 462 1459 510 referuntur.
1537 462 1599 510 In
1658 463 1736 524 liis
1791 464 1922 511 enim

167 539 205 586 '5
240 537 431 586 duobus
473 539 785 602 praeceptis,
839 543 895 585 ut
942 537 1183 599 scriptum
1231 541 1331 600 est,
1383 539 1487 584 tota
1533 537 1618 584 lex
1648 538 1838 596 pendet
1875 540 1925 586 et

231 611 525 672 prophetae.

925 721 1117 775 CAPUT
1148 720 1242 774 VI.

622 831 698 880 De
736 845 854 879 vero
888 828 1218 891 perfectoque
1254 831 1528 888 sacrificio.

383 933 596 982 Proinde
637 948 809 982 verum
849 932 1145 981 sacrificium
1193 937 1269 980 est
1307 946 1451 980 omne
1491 946 1638 998 opuS,
1687 947 1783 996 quo
1823 935 1920 998 agi-

149 1017 204 1057 10
238 1014 333 1072 tur,
374 1013 428 1055 ut
467 1013 634 1055 sancta
675 1009 908 1055 societate
948 1004 1291 1054 inhaereamus
1331 1003 1446 1071 Dec,
1485 1004 1694 1054 relatum
1733 1006 1923 1056 scilicet

236 1081 294 1128 ad
340 1079 478 1128 illum
525 1081 673 1128 finem
722 1080 860 1146 boni,
908 1093 1005 1143 quo
1051 1079 1294 1127 veraciter
1340 1077 1471 1127 beati
1512 1092 1619 1127 esse
1658 1081 1920 1144 possimus

234 1153 372 1202 Unde
415 1161 465 1202 et
502 1155 606 1218 ipsa
640 1152 992 1217 misericordia,
1031 1166 1127 1215 qua
1164 1151 1352 1200 homini
1392 1150 1699 1219 subvenitur,
1740 1155 1782 1202 si
1821 1169 1921 1204 non

233 1234 438 1292 propter
479 1227 633 1276 Deum
673 1228 740 1293 fit,
779 1242 878 1276 non
918 1232 994 1275 est
1034 1225 1342 1274 sacrificium.
1418 1224 1526 1274 Etsi
1566 1227 1698 1274 enim
1738 1225 1796 1275 ab
1835 1226 1920 1276 ho-

234 1303 365 1349 mine
420 1301 474 1349 fit
528 1301 604 1349 vel
653 1301 883 1366 offertur,
937 1306 1101 1349 tamen
1154 1299 1450 1349 sacrificium
1500 1313 1583 1348 res
1631 1299 1790 1348 divina
1830 1307 1922 1366 est,

147 1387 201 1426 15
234 1377 301 1423 ita
332 1381 387 1423 ut
417 1373 511 1423 hoc
547 1389 744 1438 quoque
777 1372 1012 1422 vocabulo
1052 1372 1102 1421 id
1127 1369 1286 1421 Latini
1319 1378 1513 1421 veteres
1554 1373 1917 1437 appellaverint.

235 1447 374 1496 Unde
406 1449 512 1511 ipse
544 1447 690 1495 homo
724 1446 811 1495 Dei
851 1447 1048 1495 nomine
1090 1452 1408 1495 consecratus
1449 1451 1499 1495 et
1530 1444 1632 1495 Deo
1671 1453 1829 1512 votuS,
1869 1449 1917 1497 in

235 1527 473 1585 quantum
527 1521 710 1570 mundo
766 1523 977 1569 moritur
1031 1526 1087 1568 ut
1133 1518 1233 1568 Deo
1281 1521 1428 1585 vivat,
1485 1520 1781 1570 sacrificium
1830 1528 1920 1570 est.

234 1594 357 1642 Nam
398 1601 446 1643 et
484 1594 577 1642 hoc
617 1594 675 1642 ad
716 1593 1104 1643 misericordiam
1141 1594 1382 1658 pertinet,
1435 1607 1580 1657 quam
1620 1595 1830 1658 quisque
1869 1595 1920 1643 in

236 1683 288 1716 se
322 1669 484 1731 ipsum
510 1668 638 1716 facit.
715 1667 984 1732 Propterea
1018 1668 1259 1730 scriptum
1292 1673 1388 1715 est:
1428 1667 1680 1716 Miserere
1719 1670 1922 1718 animae

147 1753 203 1791 20
237 1747 355 1790 tuae
379 1744 592 1803 placens
624 1742 743 1790 Deo.
824 1740 1014 1805 Corpus
1048 1741 1192 1789 etiam
1225 1749 1451 1789 nostrum
1491 1755 1604 1789 cum
1643 1746 1918 1805 temperan-

234 1816 303 1863 tia
335 1816 642 1881 castigamus,
683 1817 724 1863 si
755 1813 864 1880 hoc,
905 1829 1051 1878 quem
1091 1813 1150 1862 ad
1189 1813 1389 1862 modum
1428 1812 1679 1880 dehemuS,
1716 1820 1920 1878 propter

235 1886 391 1936 Deum
439 1888 668 1954 facimus,
714 1894 771 1937 ut
818 1903 915 1936 non
964 1886 1280 1936 exhibeamus
1319 1885 1540 1936 membra
1579 1894 1747 1936 nostra
1786 1901 1920 1936 arma

235 1962 509 2024 iniquitatis
539 1968 757 2027 peccam,
798 1960 883 2009 sed
917 1976 1047 2009 arma
1082 1962 1297 2010 iustitiae
1331 1959 1448 2027 De0,
1488 1960 1787 2009 sacrificium
1827 1967 1918 2010 est.

236 2033 307 2081 Ad
364 2034 494 2097 quod
550 2034 814 2084 exhortans
869 2034 1119 2099 apostolus
1171 2035 1259 2083 ait:
1321 2035 1540 2084 Obsecro
1594 2037 1766 2095 itaque
1819 2048 1918 2094 vos,

146 2119 201 2157 25
230 2106 448 2168 fratres,
497 2123 595 2170 per
649 2111 1020 2157 miserationem
1075 2109 1195 2169 Dei,
1249 2114 1308 2156 ut
1359 2109 1642 2157 exhibeatis
1697 2121 1919 2170 corpora

235 2186 402 2229 vestra
442 2183 654 2230 hostiam
694 2184 878 2241 vivam,
917 2187 1170 2242 sanctam,
1211 2182 1318 2230 Deo
1351 2185 1649 2243 placentem,
1690 2183 1916 2230 rationa-

235 2255 332 2303 bile
378 2255 667 2315 obsequium
713 2261 944 2304 vestrum.
1025 2254 1077 2303 Si
1126 2270 1241 2319 ergo
1290 2269 1493 2319 corpus,
1546 2269 1642 2318 quo
1682 2254 1954 2302 inferiore>

233 2333 481 2391 tamquam
528 2327 708 2376 famulo
756 2327 831 2376 vel
879 2334 1128 2392 tamquam
1173 2330 1504 2377 instrumento
1545 2328 1703 2376 utitur
1742 2328 1915 2393 anima,

353 2456 400 2510 c)
432 2455 512 2499 Mt.
554 2459 632 2510 22,
680 2458 750 2498 40.
815 2456 887 2510 20)
927 2454 1069 2498 Eooli.
1102 2459 1180 2509 30,
1220 2460 1289 2498 24.
1353 2456 1428 2511 23)
1460 2455 1593 2498 Rom.
1627 2459 1675 2510 6,
1711 2458 1778 2497 13.
1842 2454 1916 2509 27)

232 2514 365 2558 Rom.
400 2518 470 2570 12,
505 2518 527 2556 1
562 2527 628 2567 sq.

352 2680 380 2719 4
412 2674 716 2732 significando
746 2687 859 2727 mss,·
890 2673 1242 2731 significandam
1273 2687 1298 2717 v
1322 2675 1337 2730 ΙΙ
1362 2679 1386 2717 9
1419 2687 1510 2729 quo
1542 2673 1739 2717 AParr.
1770 2673 1824 2726 (l.
1856 2675 1915 2716 13

233 2748 269 2778 c.
301 2738 366 2779 20
404 2735 644 2791 Agebatur
676 2767 686 2777 .
721 2769 729 2777 .
762 2732 866 2776 aliis
901 2768 910 2776 .
947 2767 978 2788 .,
1019 2746 1077 2776 ne
1116 2737 1253 2788 sqq,);
1291 2746 1380 2787 que
1413 2733 1484 2785 F;
1516 2732 1641 2788 quod.
1673 2732 1749 2775 Kv
1795 2733 1811 2788 ΙΙ
1855 2734 1912 2774 20

229 2793 542 2895 ξὲῐὲἒέἷὲἰιὲιιξίἑι
559 2806 688 2894 φὲιεω
718 2806 802 2848 per
824 2790 1184 2848 temperantiam
1208 2805 1234 2835 v
1257 2792 1273 2847 ΙΙ
1297 2795 1352 2835 22
1385 2790 1609 2835 faciamus
1635 2791 1680 2833 A
1703 2792 1718 2846 ΙΙ
1742 2794 1796 2833 25
1829 2788 1915 2832 mi-
