2020 3122
588 134 654 166 DE
680 132 920 166 CIVITATE
943 134 1032 166 Dm
1055 134 1097 165 L.
1122 134 1188 166 tv.
1206 134 1243 168 c.
1269 136 1300 170 5.
1696 123 1798 175 151

113 254 172 296 ut
209 260 343 295 mare
384 245 662 311 infestaret,
700 244 783 294 ille
822 243 977 294 libera
1017 248 1349 296 contumacia:
1397 246 1539 305 Quod
1578 246 1688 312 tibi,
1727 250 1798 297 in-

112 321 245 385 quit,
282 326 338 369 ut
376 318 548 369 orbem
586 325 854 384 terrarum3
894 318 982 367 sed
1021 320 1136 383 quia
1173 320 1223 368 id
1262 336 1352 385 ego
1393 323 1568 386 exiguo
1609 323 1798 386 navigio

115 394 255 458 facio,
293 392 418 442 latro
458 407 628 458 vocor;
669 394 782 457 quia
821 399 875 441 tu
915 407 1090 457 magna
1129 392 1300 459 classe,
1339 396 1621 459 imperator.

807 550 1004 604 CAPUT
1038 551 1103 603 V.

113 660 191 710 De
223 659 454 722 fuqz'tz‘vis
489 659 878 721 aladiatoribus,
919 672 1132 720 quorum
1165 660 1392 721 potentia
1431 660 1605 709 similis
1639 659 1802 721 fuerit
1834 670 1858 709 5

711 734 888 794 reqiae
927 734 1201 794 dz‘qm‘tatz's.

261 836 474 886 Proinde
507 837 679 885 omitto
712 850 952 900 quaerere
985 835 1154 900 quales
1194 835 1433 885 Romulus
1474 851 1799 901 congregave-

113 912 200 976 rit,
254 912 485 975 quoniam
537 909 748 958 multum
795 911 866 959 eis
914 909 1194 959 consultum
1242 916 1338 975 est,
1393 916 1448 959 ut
1487 925 1548 958 ex
1585 909 1666 959 illa
1703 912 1802 960 vita

114 984 227 1034 dato
274 983 368 1033 sibi
408 984 658 1033 consortio
706 984 914 1033 civitatis
961 998 1146 1048 poenas
1187 982 1375 1032 debitas
1417 985 1632 1048 cogitare
1673 984 1799 1034 desi-

112 1064 318 1125 sterent,
358 1072 568 1122 quarum
600 1063 761 1106 metus
794 1072 879 1106 eos
911 1059 963 1105 in
1002 1058 1186 1106 maiora
1224 1057 1443 1106 facinora
1480 1058 1800 1124 propellebat,
1834 1068 1888 1107 10

114 1138 171 1181 ut
209 1132 443 1196 deinceps
493 1132 767 1196 pacatiores
815 1137 982 1179 essent
1021 1130 1173 1180 rebus
1211 1130 1453 1179 humanis
1530 1131 1635 1180 Hoc
1675 1132 1800 1199 dico,

112 1205 243 1270 quod
275 1207 440 1270 ipsum
463 1204 739 1253 Romanum
770 1205 1035 1268 imperium
1071 1206 1168 1253 iam
1207 1219 1438 1268 magnum
1477 1204 1644 1254 multis
1684 1221 1800 1271 gen-

113 1277 248 1328 tibus
281 1278 553 1343 subiugatis
586 1279 864 1341 ceterisque
898 1277 1120 1326 terribile
1161 1277 1336 1327 acerbe
1378 1281 1548 1345 sensit,
1587 1281 1800 1343 graviter

113 1354 298 1418 timuit,
345 1367 445 1401 non
490 1366 640 1417 parvo
687 1352 885 1416 negotio
933 1350 1221 1400 devitandae
1261 1353 1476 1416 ingentis
1525 1351 1675 1401 cladis
1716 1368 1799 1418 op-

112 1427 310 1492 pressit,
350 1426 544 1490 quando
569 1426 855 1491 paucissimi
881 1425 1174 1490 gladiatores
1206 1427 1257 1474 in
1284 1424 1546 1490 Campania
1586 1426 1645 1475 de
1685 1426 1800 1475 ludo
1837 1436 1888 1475 15

113 1500 358 1564 fugientes
419 1514 651 1565 magnum
714 1501 987 1548 exercitum
1049 1506 1420 1565 compararunt,
1482 1506 1585 1548 tres
1649 1500 1800 1550 duces

111 1572 415 1639 habuerunt,
463 1573 648 1623 Italiam
695 1573 931 1622 latissime
979 1579 1028 1622 et
1075 1573 1414 1622 crudelissime
1470 1580 1799 1623 vastaverunt.

112 1645 302 1714 Dicant,
341 1649 453 1712 quis
492 1649 613 1697 istos
654 1647 776 1696 deus
816 1647 1072 1713 adiuverit,
1111 1654 1168 1696 ut
1205 1662 1266 1696 ex
1302 1662 1453 1711 parvo
1494 1654 1544 1696 et
1582 1655 1798 1697 contem-

110 1720 271 1786 ptibili
309 1721 566 1770 latrocinio
598 1722 917 1786 pervenirent
955 1720 1015 1769 ad
1054 1735 1263 1785 regnum
1302 1722 1450 1770 tantis
1490 1723 1585 1770 iam
1624 1721 1800 1770 Roma—

112 1797 188 1844 nis
221 1794 409 1845 viribus
432 1795 728 1859 arcibusque
760 1794 1097 1844 metuendum.
1172 1794 1247 1843 An
1279 1796 1393 1858 quia
1432 1809 1533 1843 non
1572 1794 1655 1844 diu
1695 1796 1798 1844 fue-
1832 1805 1886 1845 20

113 1876 252 1934 runt,
305 1869 416 1919 ideo
457 1869 692 1919 divinitus
730 1867 1044 1933 negabuntur
1083 1865 1271 1917 adiuti?
1349 1867 1499 1925 Quasi
1537 1883 1653 1917 vero
1694 1870 1800 1933 ipsa

112 1942 378 1993 cuiuslibet
414 1942 627 1992 hominis
658 1944 756 1992 vita
795 1942 1028 1991 diuturna
1067 1948 1158 1991 est.
1234 1941 1334 1990 Isto
1375 1957 1492 2006 ergo
1532 1948 1674 2006 pacto
1715 1958 1798 1991 ne-

113 2018 296 2066 minem
328 2016 396 2065 dii
428 2016 658 2065 adiuvant
689 2015 748 2064 ad
782 2015 1103 2080 regnandum,
1136 2016 1370 2079 quoniam
1402 2015 1582 2080 singuli
1615 2018 1797 2080 quique

112 2092 211 2140 cito
266 2092 570 2157 moriuntur,
625 2105 716 2138 nec
771 2088 1067 2139 beneficium
1118 2088 1455 2154 deputandum
1510 2096 1612 2156 est,
1667 2090 1798 2154 quod

112 2165 290 2229 exiguo
330 2171 553 2228 tempore
591 2165 642 2212 in
691 2178 990 2228 unoquoque
1030 2163 1227 2212 homine
1268 2178 1323 2212 ac
1370 2178 1460 2228 per
1499 2163 1592 2212 hoc
1632 2163 1796 2228 singil-
1831 2174 1885 2214 25

112 2237 248 2287 latim
300 2239 473 2302 utique
526 2239 578 2286 in
633 2236 860 2286 omnibus
915 2239 1020 2286 vice
1080 2238 1275 2301 vaporis
1330 2239 1591 2286 evanescit.
1670 2237 1799 2295 Quid

112 2313 246 2360 enim
284 2313 494 2360 interest
533 2325 726 2376 eorum,
776 2313 861 2375 qui
908 2311 1000 2360 sub
1039 2310 1248 2359 Romulo
1289 2310 1409 2360 deos
1449 2310 1711 2360 coluerunt
1750 2317 1800 2359 et

114 2384 230 2434 olim
283 2392 400 2434 sunt
453 2386 663 2450 mortui,
719 2384 849 2449 quod
900 2391 1015 2450 post
1062 2400 1234 2434 eorum
1273 2390 1482 2434 mortem
1522 2384 1798 2434 Romanum

113 2464 305 2508 tantum
331 2460 486 2507 crevit
509 2459 786 2523 imperium,
828 2474 943 2508 cum
973 2458 1043 2507 illi
1075 2458 1204 2523 apud
1243 2458 1430 2507 inferos
1470 2473 1643 2507 causas
1683 2473 1796 2507 suas

110 2530 296 2597 agant?
348 2539 519 2581 utrum
558 2532 711 2581 bonas
757 2547 819 2581 an
865 2531 1038 2598 malas,
1093 2532 1152 2581 ad
1200 2547 1307 2580 rem
1344 2538 1656 2596 praesentem
1696 2546 1794 2579 non
1828 2541 1882 2580 30

114 2608 344 2671 pertinet.
421 2605 525 2654 Hoc
566 2610 730 2655 autem
771 2606 830 2656 de
871 2605 1099 2655 omnibus
1146 2604 1533 2670 intellegendum
1572 2611 1669 2669 est,
1710 2605 1795 2667 qui

233 2734 276 2788 2)
309 2732 400 2778 Cic.
433 2746 528 2789 rep.
563 2738 604 2788 3,
638 2738 706 2778 14.

235 2870 258 2908 1
290 2863 529 2909 infestaret
558 2866 723 2921 scripsi
730 2883 746 2919 ‚·
776 2864 996 2909 infestare
1032 2863 1090 2917 G,·
1120 2864 1315 2907 haberet
1345 2861 1564 2906 infestum
1595 2861 1765 2905 AKFv
