2020 3122
211 649 234 687 ω

183 1018 235 1055 10

184 1387 236 1423 15

182 1754 236 1792 20

179 2638 235 2677 30

270 115 377 166 522
940 126 973 159 s.
998 126 1274 160 AUGUSTINI

929 279 1125 333 CAPUT
1158 279 1280 334 VII.

441 388 655 435 Causam
695 386 996 448 efficientem
1035 390 1200 436 malae
1238 389 1507 435 voluntatis
1546 399 1645 434 non
1685 401 1791 435 esse

938 463 1295 521 quaerendam.

416 563 571 612 Nemo
604 565 755 628 igitur
788 571 990 628 quaerat
1022 564 1315 612 efficientem
1357 578 1553 612 causam
1593 563 1745 612 malae
1784 564 1951 614 volun-

270 642 406 706 tatis3
453 654 552 688 non
600 640 731 688 enim
781 646 856 687 est
897 638 1115 686 efficiens
1155 636 1242 685 sed
1283 636 1515 686 deficiens
1527 677 1542 703 ,
1590 639 1703 701 quia
1744 653 1834 687 nec
1873 638 1954 688 illa

271 714 463 762 effectio
490 712 576 761 sed
601 712 828 761 desectio.
900 711 1121 760 Deficere
1155 725 1365 774 namque
1398 709 1458 761 ab
1492 726 1566 778 c0,
1598 711 1728 775 quod
1762 727 1952 762 summe

270 794 359 853 est,
399 787 457 835 ad
490 786 553 852 id,
594 786 726 851 quod
752 788 915 834 minus
949 792 1038 851 est,
1077 784 1170 833 hoc
1205 791 1279 833 est
1310 786 1529 850 incipere
1563 784 1743 834 habere
1783 785 1951 835 volun-

268 868 417 910 tatem
470 860 658 909 malam.
734 858 917 908 Causas
970 873 1119 923 porro
1171 858 1505 908 defectionum
1555 860 1784 925 istarum,
1839 875 1953 909 cum

270 935 539 983 efficientes
583 949 681 982 non
714 934 827 998 sint,
866 940 922 982 ut
953 932 1068 998 dixi,
1107 932 1193 981 sed
1238 932 1538 993 deficientes,
1577 932 1699 981 velle
1731 934 1952 983 invenire

269 1009 363 1057 tale
405 1015 501 1072 est,
550 1023 604 1056 ac
645 1009 687 1055 si
734 1009 995 1070 quisquam
1035 1005 1151 1054 velit
1189 1005 1355 1054 videre
1395 1005 1626 1055 tenebras
1667 1006 1742 1055 vel
1781 1006 1950 1056 audire

268 1077 540 1148 silentium,
581 1081 713 1146 quod
752 1088 915 1129 tamen
954 1087 1222 1143 utrumque
1263 1079 1405 1128 nohis
1445 1088 1618 1129 notum
1657 1086 1753 1146 est,
1793 1096 1953 1146 neque

266 1155 385 1204 illud
412 1158 507 1204 nisi
544 1170 636 1220 per
676 1154 859 1215 oculos,
899 1169 1061 1218 neque
1100 1153 1193 1202 hoc
1234 1155 1330 1202 nisi
1370 1169 1459 1218 per
1499 1169 1660 1220 aureS,
1700 1169 1796 1203 non
1837 1170 1952 1204 sane

268 1231 318 1278 in
366 1231 553 1295 specie,
601 1228 687 1277 sed
727 1231 778 1277 in
826 1229 1010 1292 speciei
1056 1229 1343 1292 privatione.
1422 1227 1577 1277 Nemo
1618 1243 1735 1293 ergo
1776 1243 1836 1276 ex
1875 1244 1954 1278 me

269 1305 396 1351 scire
430 1309 647 1367 quaerat,
689 1302 820 1366 quod
853 1317 930 1351 me
970 1303 1163 1351 nescire
1206 1303 1322 1367 scio,
1362 1303 1457 1350 nisi
1496 1302 1623 1350 forte
1663 1308 1720 1351 ut
1759 1304 1952 1351 nescire

270 1377 444 1443 discat,
493 1376 624 1441 quod
673 1378 790 1425 sciri
836 1391 934 1424 non
979 1391 1124 1440 posse
1179 1375 1435 1424 sciendum
1485 1381 1574 1424 est.
1651 1375 1721 1424 Ea
1772 1377 1953 1442 quippe

270 1466 393 1514 quae
441 1465 541 1499 non
587 1452 637 1498 in
687 1452 878 1515 specie,
929 1450 1015 1498 sed
1063 1451 1113 1496 in
1162 1451 1268 1497 eius
1306 1451 1579 1513 privatione
1621 1451 1873 1516 sciuntur,
1913 1452 1955 1499 si

270 1524 365 1573 dici
405 1530 489 1574 aut
534 1523 754 1587 intellegi
799 1529 985 1588 potest,
1033 1523 1243 1586 quodam
1291 1522 1435 1571 modo
1484 1522 1750 1571 nesciendo
1791 1524 1953 1573 sciun-

268 1604 371 1664 tur,
423 1605 478 1646 ut
519 1597 718 1646 sciendo
759 1599 1057 1646 nesciantur.
1137 1595 1259 1644 Cum
1298 1600 1430 1646 enim
1469 1598 1599 1646 acies
1640 1598 1786 1646 etiam
1825 1597 1956 1646 oculi

269 1671 538 1736 corporalis
570 1672 728 1720 currit
758 1686 848 1736 per
881 1672 1071 1735 species
1105 1670 1402 1737 corporales,
1442 1685 1684 1735 nusquam
1724 1670 1955 1720 tenebras

269 1745 425 1811 videt,
477 1747 573 1794 nisi
623 1743 709 1793 ubi
764 1746 984 1809 coeperit
1034 1759 1133 1792 non
1184 1743 1366 1794 videre.
1442 1744 1514 1793 Ita
1561 1746 1708 1794 etiam
1755 1759 1854 1792 non
1894 1744 1953 1793 ad

270 1818 481 1883 aliquem
527 1818 676 1868 alium
725 1833 948 1884 sensum,
997 1817 1080 1866 sed
1130 1817 1189 1865 ad
1238 1817 1365 1866 solas
1405 1833 1549 1867 aures
1587 1819 1805 1884 pertinet
1843 1833 1952 1867 sen-

269 1895 362 1941 tire
396 1893 667 1958 silentium,
709 1892 837 1957 quod
873 1899 1037 1940 tamen
1076 1890 1211 1940 nullo
1251 1891 1397 1940 modo
1438 1893 1534 1940 nisi
1572 1907 1669 1940 non
1711 1891 1953 1940 audiendo

270 1968 495 2015 sentitur.
575 1966 655 2014 Sic
708 1967 898 2030 species
948 1964 1294 2028 intellegibilcs
1344 1980 1483 2014 mens
1532 1965 1731 2030 quidem
1785 1971 1954 2014 nostra

269 2039 597 2104 intellegendo
645 2041 907 2106 conspicit3
960 2039 1045 2087 sed
1093 2037 1178 2087 ubi
1218 2039 1479 2106 deficiunt,
1531 2038 1797 2088 nesciendo
1838 2054 1951 2088 con-

214 2124 230 2145 ··
270 2112 427 2161 discit.
506 2114 704 2162 Delicta
745 2115 875 2162 enim
915 2115 1026 2174 quis
1066 2115 1341 2174 intelleqit?

921 2269 1116 2324 CAPUT
1148 2238 1297 2324 VIII.

270 2379 347 2427 De
386 2392 559 2426 amore
591 2392 847 2440 perverse,
888 2392 984 2438 quo
1023 2381 1252 2427 voluntas
1291 2379 1355 2426 ab
1396 2379 1790 2427 incommutabili
1825 2379 1952 2428 bono

722 2453 793 2499 ad
828 2451 1065 2499 mutabile
1105 2453 1285 2500 bonum
1325 2453 1507 2511 deficit.

417 2553 522 2602 Hoc
562 2555 679 2619 scic,
718 2559 943 2602 naturam
975 2553 1062 2601 Dei
1103 2569 1386 2621 numquam,
1424 2569 1681 2620 nusquam,
1720 2553 1852 2603 nulla
1891 2569 1952 2602 ex

269 2633 408 2692 parte
448 2642 594 2692 posse
634 2627 860 2693 deficere,
901 2633 952 2675 et
991 2642 1045 2675 ea
1083 2642 1229 2691 posse
1270 2628 1496 2694 deficere,
1537 2642 1660 2693 quae
1702 2643 1760 2676 ex
1799 2627 1950 2676 nihilo
2002 2679 2005 2683 .

389 2741 462 2795 25)
495 2739 568 2782 Ps.
604 2744 674 2793 18,
708 2744 777 2782 13.

389 2863 414 2900 6
447 2857 630 2904 effectio
662 2858 733 2900 est
763 2870 789 2900 v
819 2858 835 2913 ΙΙ
859 2861 913 2899 27
946 2855 1069 2911 quod
1111 2857 1188 2913 Vu
1213 2861 1266 2900 28
1300 2856 1626 2921 commutabile
1657 2870 1685 2901 v
