2020 3122
583 149 650 180 DE
676 146 915 180 CIVITATE
939 147 1029 182 Dm
1052 148 1094 180 L.
1117 150 1205 182 vn.
1231 149 1268 182 c.
1293 152 1323 183 7.
1347 152 1379 184 s.
1698 138 1805 191 283

122 265 252 330 Iano,
290 261 615 311 Februarium
638 259 888 308 Termino,
964 258 1079 308 Ideo
1104 260 1400 310 Terminalia
1431 261 1604 311 eodem
1636 277 1803 311 mense

121 336 390 387 Februario
439 333 680 383 celebrari
727 332 920 399 dicunt,
969 347 1082 380 cum
1122 334 1175 382 fit
1215 350 1410 384 sacrum
1449 337 1805 401 purgatorium,

125 409 254 476 quod
293 414 468 458 vocant
506 406 736 473 Februm,
775 406 907 455 unde
948 407 1131 455 mensis
1170 422 1351 457 nomen
1391 411 1593 474 accepit.
1654 409 1804 458 Num-

124 483 240 549 quid
281 497 398 547 ergo
439 481 497 531 ad
546 480 808 546 mundum,
857 481 943 544 qui
981 478 1128 528 Ianus
1168 487 1265 546 est,
1311 483 1447 531 initia
1489 498 1655 532 rerum
1694 498 1804 547 pcr-

121 561 279 608 tinent
319 563 368 606 et
406 556 530 605 fines
569 569 669 603 non
708 555 982 618 pertinent,
1021 559 1077 602 ut
1115 553 1239 602 alter
1277 553 1373 602 illis
1412 555 1533 604 deus
1572 557 1802 621 praefice-

122 627 296 680 retur?
336 629 508 678 Nonne
549 629 727 694 omnia,
768 631 892 691 quae
931 628 985 675 in
1024 627 1118 675 hoc
1158 627 1342 677 mundo
1382 629 1490 677 fieri
1529 630 1714 696 dicunt,
1753 632 1803 678 in

118 705 211 754 hoc
251 705 399 753 etiam
437 702 622 752 mundo
663 702 920 750 terminari
959 698 1212 750 fatentur?
1254 701 1387 758 Quae
1429 709 1504 751 est
1542 705 1634 751 ista
1674 705 1802 751 vani-

119 786 207 844 taS,
246 779 298 826 in
337 792 487 842 opere
527 776 599 825 illi
638 775 755 823 dare
795 781 1093 839 potestatem
1134 775 1412 841 dimidiam,
1451 777 1502 824 in
1543 776 1804 825 simulacro

117 853 294 901 faciem
334 847 567 915 duplam?
620 849 794 897 Nonne
835 851 985 898 istum
1025 848 1293 898 bifrontem
1333 849 1487 898 multo
1534 849 1805 914 elegantius

115 929 579 990 interpretarentur,
619 924 661 972 si
701 922 914 971 eundem
954 929 1004 972 et
1042 922 1214 972 Ianum
1253 930 1303 972 et
1342 923 1630 973 Terminum
1671 923 1801 972 dice-

116 1006 229 1049 rent
278 1005 424 1062 atque
478 999 631 1046 initiis
677 1011 826 1045 unam
874 997 1073 1063 faciem,
1127 996 1310 1046 finibus
1351 997 1554 1046 alteram
1594 993 1804 1046 darent?

118 1074 349 1138 quoniam
381 1073 466 1136 qui
498 1077 732 1136 operatur
764 1076 1031 1134 utrumque
1073 1070 1221 1120 dehet
1258 1071 1541 1137 intendere3
1580 1072 1631 1120 in
1672 1072 1805 1119 omni

118 1149 250 1196 enim
300 1152 438 1195 motu
492 1146 699 1194 actionis
748 1159 865 1193 suae
919 1146 1003 1208 qui
1053 1160 1153 1194 non
1204 1146 1410 1210 respicit
1455 1147 1653 1194 initium
1706 1159 1805 1193 non

116 1221 355 1286 prospicit
384 1220 546 1268 finem.
623 1217 762 1267 Unde
803 1233 1006 1268 necesse
1047 1226 1124 1268 est
1162 1234 1189 1268 a
1228 1221 1464 1268 memoria
1502 1220 1802 1283 respiciente

117 1295 424 1360 prospiciens
471 1298 762 1342 conectatur
811 1293 1044 1358 intenti03
1092 1307 1206 1341 nam
1254 1295 1334 1342 cui
1385 1292 1625 1342 exciderit
1674 1292 1805 1356 quod

118 1369 362 1435 coeperit,
418 1382 515 1431 quo
562 1365 707 1415 modo
755 1366 892 1415 finiat
945 1381 1044 1415 non
1084 1368 1314 1416 inveniet.
1394 1366 1534 1424 Quod
1577 1367 1618 1415 si
1657 1368 1805 1415 vitam

119 1441 310 1491 beatam
356 1436 408 1490 in
454 1441 549 1489 hoc
596 1439 780 1489 mundo
828 1439 1051 1489 inchoari
1090 1446 1347 1507 putarent,
1388 1447 1525 1490 extra
1565 1440 1806 1489 mundum

118 1516 303 1582 perfici,
336 1521 385 1564 et
415 1515 526 1564 ideo
558 1514 690 1581 Iano,
722 1513 771 1562 id
805 1519 881 1563 est
911 1514 1112 1580 mundo,
1146 1514 1298 1563 solam
1330 1517 1587 1564 initiorum
1618 1514 1804 1563 tribue·

119 1596 231 1639 rent
261 1594 579 1654 potestatem:
617 1588 840 1652 profecto
875 1589 921 1636 ei
951 1596 1316 1653 praeponerent
1340 1589 1630 1638 Terminum
1671 1604 1806 1637 eum-

121 1679 214 1728 que
267 1662 326 1711 ah
378 1662 471 1711 diis
524 1661 722 1711 selectis
772 1677 871 1710 non
926 1661 1211 1712 alienarent.
1302 1662 1610 1726 Quamquam
1662 1663 1808 1711 etiam

122 1752 255 1786 nunc
296 1751 410 1786 cum
449 1738 500 1785 in
547 1737 657 1785 istis
707 1735 901 1784 duobus
942 1735 1036 1784 diis
1075 1738 1215 1785 initia
1254 1751 1423 1785 rerum
1463 1735 1809 1800 temporalium

123 1811 346 1875 finesque
406 1815 710 1875 tractantur,
765 1808 998 1858 Termino
1051 1809 1157 1858 dari
1208 1809 1379 1859 debuit
1428 1809 1539 1874 plus
1590 1809 1808 1857 honoris,

120 1883 274 1932 Maior
306 1885 438 1933 enim
469 1883 654 1932 laetitia
687 1889 780 1948 est,
821 1898 934 1931 cum
973 1897 1055 1932 res
1095 1898 1319 1948 quaeque
1361 1883 1639 1948 perficitur3
1679 1881 1808 1931 solli·

122 1957 356 2006 citudinis
398 1963 562 2006 autem
599 1956 745 2020 plena
785 1962 902 2005 sunt
941 1963 1137 2023 coepta,
1177 1957 1334 2006 donec
1373 1956 1710 2022 perducantur
1750 1956 1808 2004 ad

122 2032 293 2097 finem,
340 2045 488 2095 quem
536 2031 620 2094 qui
667 2029 851 2093 aliquid
899 2031 1074 2094 incipit
1113 2033 1321 2079 maxime
1362 2030 1547 2095 adpetit
1584 2029 1811 2094 intendit,

123 2111 348 2170 expectat
403 2109 620 2169 exoptat,
674 2118 766 2151 nec
824 2102 885 2151 de
940 2118 995 2152 re
1050 2104 1300 2171 inchoata,
1357 2106 1452 2153 nisi
1498 2105 1809 2169 terminetur,

125 2178 323 2228 exultat.

783 2288 980 2342 CAPUT
1013 2290 1160 2344 VIII.

199 2398 269 2447 Ob
309 2410 459 2458 quam
499 2410 708 2446 causam
747 2398 967 2446 cultores
1007 2397 1129 2447 Iam·
1166 2398 1435 2460 bifrontem
1476 2400 1743 2459 imaqz‘nem

222 2474 378 2534 ipsius
412 2472 674 2530 finxerint,
715 2484 865 2531 quam
906 2476 1070 2520 tamen
1112 2475 1260 2521 etiam
1301 2471 1705 2533 quadrifrontem

773 2542 940 2593 videri
976 2547 1157 2594 volunt.

280 2645 376 2695 Sed
423 2648 518 2695 iam
569 2645 801 2695 bifrontis
841 2646 1091 2696 simulacri
1131 2650 1473 2713 interpretatio
1512 2646 1807 2710 proferatur.

130 2717 259 2768 Duas
292 2735 406 2768 eum
437 2720 585 2768 facies
619 2726 731 2768 ante
766 2725 815 2768 et
853 2726 988 2769 retro
1029 2721 1211 2770 habere
1253 2723 1438 2786 dicunt,
1477 2718 1606 2783 quod
1646 2718 1808 2766 hiatus

246 2880 272 2917 3
303 2874 485 2950 februm
516 2875 803 2920 AKFParr.
835 2877 976 2929 mell.,·
1008 2876 1237 2921 Februum
1268 2891 1293 2921 v
1318 2879 1333 2933 ΙΙ
1358 2882 1411 2920 20
1444 2889 1471 2918 a
1502 2888 1527 2918 v

1841 933 1893 972 10

1841 1670 1896 1708 20

1842 2036 1897 2075 ⁶25

1841 2476 1896 2514 30
