2020 3122
586 144 650 175 DE
676 144 912 176 crvrrA'rE
937 145 1025 177 nm
1049 146 1091 178 L.
1115 146 1180 177 xl.
1204 144 1242 178 c.
1267 146 1321 178 28.
1678 132 1782 183 501

108 253 281 320 rebus,
331 270 454 318 quae
503 255 627 303 1nfra
670 263 806 322 sunt,
858 271 1028 305 eorum
1070 259 1367 322 reperiatur,
1406 257 1501 305 etsi
1540 256 1786 324 differenS,

111 327 347 391 quaedam
386 336 549 377 tamen
583 329 863 394 similitud0,
904 337 1141 394 quantum
1181 331 1398 394 suseepti
1435 330 1583 378 huius
1622 333 1785 395 operis

109 403 233 450 ratio
282 403 382 450 visa
429 409 504 451 est
550 402 822 468 postulare,
872 406 989 451 satis
1028 403 1261 469 diximus3
1301 403 1360 452 de
1402 418 1566 452 amore
1607 412 1785 470 autem,

109 490 204 539 quo
259 482 513 541 amantur,
565 482 732 524 utrum
781 484 829 525 et
875 477 979 540 ipse
1021 491 1156 524 amor
1196 484 1411 542 ametur,
1462 492 1560 525 non
1599 478 1785 527 dietum

107 556 195 598 est.
272 550 475 598 Amatur
515 556 700 615 autem3
740 556 789 598 et
827 549 942 598 hinc
982 549 1268 615 probamuS,
1318 550 1447 613 quod
1487 552 1536 598 in
1576 551 1782 599 homini·
1816 560 1842 599 5

106 622 224 688 bus,
280 625 364 686 qui
418 625 604 672 rectius
659 630 912 688 amantur,
967 625 1071 688 ipse
1126 625 1279 687 magis
1335 630 1537 672 amatur.
1614 624 1783 688 Neque

107 697 238 744 enim
278 698 351 744 vir
390 695 548 745 bonus
597 699 773 746 merito
821 697 1004 746 dieitur
1044 698 1128 760 qui
1169 698 1260 746 seit
1301 696 1430 760 quod
1471 696 1655 746 honum
1696 706 1784 763 est,

107 769 192 818 sed
226 772 310 833 qui
343 769 511 834 diligit.
590 769 689 819 Cur
722 786 839 834 ergo
881 778 929 819 et
967 772 1018 818 in
1058 769 1199 819 nobis
1238 771 1358 834 ipsis
1398 785 1496 818 non
1537 778 1585 819 et
1624 772 1784 834 ipsum

107 858 324 892 amorem
363 859 452 892 nos
493 859 654 892 amare
696 846 958 910 sentimus,
999 859 1094 908 quo
1136 859 1354 892 amamus
1393 843 1630 907 quidquid
1672 844 1785 892 boni

106 914 360 966 amamus?
419 915 509 966 Est
547 920 676 966 enim
719 925 767 967 et
806 933 956 984 amor,
997 933 1094 981 quo
1135 925 1324 966 amatur
1365 927 1413 966 et
1453 917 1583 981 quod
1623 933 1783 966 aman-
1820 927 1874 966 10

105 991 222 1040 dum
262 1006 360 1039 non
402 999 496 1057 est,
537 998 586 1040 et
624 994 772 1058 istum
814 1006 1031 1040 amorem
1069 991 1172 1040 odit
1210 993 1260 1040 in
1301 1006 1376 1057 se,
1415 993 1500 1055 qui
1538 991 1675 1040 illum
1715 991 1783 1040 di-

103 1064 231 1131 ligit,
282 1080 380 1129 quo
427 1065 475 1114 id
523 1073 712 1114 amatur
767 1065 897 1130 quod
938 1064 1196 1114 amandum
1237 1072 1326 1114 est.
1402 1064 1617 1114 Possunt
1655 1067 1785 1114 enim

107 1138 248 1188 ambo
289 1154 396 1187 esse
435 1141 487 1187 in
530 1154 628 1188 uuo
667 1139 888 1206 homine,
935 1147 985 1188 et
1021 1138 1115 1187 hoe
1154 1139 1337 1187 bonum
1379 1145 1453 1188 est
1490 1138 1691 1204 homini,
1730 1146 1786 1188 ut

104 1212 185 1261 illo
232 1213 522 1277 proficiente
570 1229 666 1277 quo
715 1213 840 1262 bene
891 1214 1094 1262 vivimus
1142 1214 1234 1262 iste
1284 1211 1476 1261 deficiat
1523 1228 1619 1276 quo
1660 1212 1783 1261 male

104 1287 333 1346 vivimUS,
380 1286 537 1336 donee
584 1286 642 1336 ad
692 1287 971 1352 perfeetum
1011 1293 1212 1335 sanetur
1253 1293 1301 1334 et
1339 1288 1390 1334 in
1429 1285 1614 1335 honum
1654 1301 1782 1335 eom·
1818 1293 1872 1333 15

105 1367 324 1409 mutetur
380 1376 523 1409 omne
579 1361 709 1425 quod
757 1363 978 1409 vivimus
1057 1359 1109 1408 Si
1159 1362 1291 1408 enim
1329 1375 1508 1424 peoora
1549 1375 1784 1426 essemUS,

105 1434 348 1483 carnalem
388 1436 535 1483 vitam
574 1442 623 1483 et
663 1434 794 1499 quod
836 1434 1108 1482 seeundum
1157 1449 1357 1482 sensum
1397 1435 1504 1483 eius
1544 1441 1618 1482 est
1658 1449 1783 1482 ama-

105 1523 271 1557 remus
304 1507 451 1572 idque
484 1515 616 1557 esset
647 1509 897 1557 sufficiens
936 1507 1122 1556 honum
1161 1514 1386 1556 nostrum
1426 1515 1474 1556 et
1513 1507 1786 1556 seeundum

104 1581 212 1647 hoe,
251 1597 364 1631 eum
397 1589 528 1631 esset
559 1581 700 1631 nobis
732 1582 874 1648 bene,
914 1581 1034 1629 nihil
1065 1581 1194 1630 aliud
1227 1596 1592 1645 quaereremus.
1661 1581 1784 1630 Item

106 1658 146 1704 si
193 1655 396 1704 arbores
443 1671 685 1722 essemus,
731 1655 853 1704 nihil
899 1655 1099 1719 quidem
1145 1657 1387 1704 sentiente
1436 1663 1572 1704 motu
1622 1670 1783 1704 amare
1816 1662 1872 1702 20

103 1744 376 1793 possemuS,
416 1745 587 1778 verum
619 1737 782 1778 tamen
813 1729 862 1778 id
903 1731 1043 1792 quasi
1081 1728 1313 1792 adpetere
1355 1729 1646 1794 videremur,
1686 1744 1783 1792 quo

105 1803 317 1851 feracius
366 1818 587 1852 essemus
635 1803 938 1866 uberiusque
991 1803 1287 1851 fructuosae.
1367 1802 1418 1850 Si
1458 1817 1678 1851 essemus
1717 1802 1781 1851 la-

103 1877 243 1941 pides
290 1883 374 1925 aut
419 1876 600 1925 fluctus
651 1884 735 1925 aut
782 1883 957 1925 ventus
1004 1884 1087 1924 aut
1134 1876 1326 1924 flamma
1366 1875 1440 1924 vel
1480 1876 1595 1939 quid
1636 1876 1782 1924 huius

105 1949 252 2016 modi,
291 1951 396 1998 sine
428 1947 526 1998 ullo
560 1950 757 2014 quidem
791 1965 939 1999 sensu
972 1956 1118 2013 atque
1151 1952 1261 2014 vita,
1301 1965 1399 1997 non
1439 1956 1602 1998 tamen
1641 1949 1783 1998 nobis

105 2023 298 2091 deesset
353 2026 492 2087 quasi
546 2024 742 2087 quidam
796 2032 1080 2072 nostrorum
1134 2023 1356 2072 locorum
1403 2031 1548 2087 atque
1596 2023 1782 2071 ordinis
1816 2030 1870 2070 25

105 2097 364 2161 adpetitus.
442 2097 562 2146 Nam
617 2098 749 2146 velut
805 2112 997 2146 amores
1049 2112 1315 2161 corporum
1368 2103 1614 2145 momenta
1669 2103 1784 2145 sunt

104 2171 408 2237 ponderum,
461 2173 559 2219 sive
609 2171 842 2220 deorsum
889 2172 1124 2235 gravitate
1189 2173 1288 2219 sive
1338 2185 1537 2219 sursum
1588 2170 1782 2219 levitate

105 2245 337 2292 nitantur.
415 2244 485 2292 lta
534 2247 663 2292 enim
711 2260 891 2309 eorpus
930 2244 1172 2310 pondere,
1220 2246 1347 2293 sieut
1387 2245 1578 2292 animus
1617 2258 1780 2291 amore

105 2317 278 2383 fertur,
311 2332 623 2381 quocumque
657 2319 830 2367 fertur.
902 2317 1142 2375 Quoniam
1174 2319 1326 2381 igitur
1355 2317 1579 2365 homines
1612 2331 1781 2364 sumus

105 2391 163 2438 ad
202 2393 358 2439 nostri
398 2394 635 2440 creatoris
672 2393 933 2456 imaginem
974 2393 1141 2455 creati,
1180 2393 1322 2440 euius
1361 2397 1436 2439 est
1474 2405 1586 2438 vera
1626 2396 1779 2437 aeter·
1813 2398 1870 2437 30

104 2466 245 2529 nitaS,
286 2472 484 2512 aeterna
522 2467 715 2530 veritas,
755 2472 953 2514 aeterna
993 2473 1042 2513 et.
1079 2479 1194 2512 vera
1233 2467 1424 2528 caritaS‚
1465 2470 1636 2525 estque
1675 2464 1780 2525 ipse

107 2546 304 2585 aeterna
361 2546 410 2586 et
462 2554 576 2586 vera
631 2547 680 2588 et
734 2554 844 2587 cara
899 2540 1092 2587 trinitas
1147 2553 1308 2601 neque
1363 2536 1564 2584 confusa
1619 2549 1778 2598 neque

100 2604 348 2674 separata:
387 2614 438 2659 in
477 2611 553 2660 his
594 2612 792 2676 quidem
832 2611 998 2676 rebus,
1037 2626 1158 2675 quae
1200 2611 1325 2658 infra
1365 2624 1454 2657 nos
1494 2614 1622 2673 sunt,
1662 2622 1779 2670 quo-

106 2685 234 2732 niam
283 2691 331 2732 et
378 2687 482 2748 ipsa
530 2700 619 2734 nec
667 2685 828 2749 aliquo
878 2684 1020 2733 modo
1062 2691 1227 2733 essent
1273 2698 1364 2731 nee
1419 2681 1577 2744 aliqua
1617 2681 1779 2743 speeie

226 2874 278 2912 17
313 2882 471 2913 sensus
503 2871 547 2914 A
571 2872 585 2926 ΙΙ
610 2875 662 2914 31
696 2870 796 2927 ipse
838 2871 952 2923 VA‚·
981 2869 1084 2925 ipsa
1115 2882 1140 2912 v
1164 2870 1179 2924 ss
1203 2872 1259 2911 34
1291 2880 1375 2910 nec
1406 2866 1507 2922 ipsa.
1538 2865 1652 2908 AF¹
