2020 3122
257 114 364 166 554
933 128 967 161 S.
992 127 1267 164 AUGUSTIM

865 279 1062 335 CAPUT
1094 282 1316 337 XXVII.

256 374 331 422 De
372 375 750 422 Platonicorum
802 377 1053 436 opinione,
1103 391 1204 436 qua
1235 381 1550 438 putaverunt
1588 380 1791 438 anqelos
1829 380 1937 439 qui-

311 450 421 496 dem
460 463 492 496 α
533 449 637 497 Deo
679 449 919 509 conditos5
958 451 1050 498 sed
1086 452 1216 511 ipsos
1256 465 1362 499 esse
1400 451 1734 500 humanorum
1773 465 1884 501 cor-

831 537 1014 584 porum
1053 525 1353 572 conditores,

195 631 221 669 5
402 623 474 672 Ita
514 639 630 673 sane
663 624 799 674 Plato
840 627 1056 674 minores
1097 631 1145 674 et
1185 640 1210 673 a
1252 640 1442 674 summo
1483 625 1582 675 Deo
1605 625 1778 675 'factos
1818 626 1936 676 deos

255 697 513 746 effectores
547 713 654 746 esse
687 699 840 748 voluit
880 698 1162 748 animalium
1194 705 1491 764 ceterorum,
1530 705 1586 749 ut
1624 700 1936 749 inmortalem

251 777 444 835 partem
483 771 541 820 ab
581 772 688 836 ipso
731 779 1007 838 sumerent,
1046 774 1142 836 ipsi
1180 787 1296 821 vero
1338 772 1595 821 mortalem
1635 773 1935 823 adtexerent.

251 844 464 894 Proinde
518 847 790 894 animarum
842 852 1125 895 nostrarum
1176 861 1259 894 eos
1311 852 1560 895 creatores
1607 846 1766 896 noluit
1811 863 1935 913 esse,

253 919 336 967 sed
372 934 650 983 corporum.
727 919 866 969 Unde
901 921 1133 984 quoniam
1162 919 1465 985 Porphyrius
1502 926 1708 985 propter
1748 922 1935 970 animae

166 999 219 1039 10
249 994 592 1056 purgationem
643 993 761 1042 dicit
808 1009 987 1058 corpus
1028 1008 1173 1042 omne
1212 993 1500 1058 fugiendum
1539 994 1782 1058 simulque
1823 1009 1937 1044 cum

252 1081 340 1114 suo
380 1066 582 1115 Platone
624 1067 828 1131 aliisque
869 1067 1133 1116 Platonicis
1174 1069 1324 1116 sentit
1363 1082 1464 1133 605,
1506 1069 1590 1131 qui
1629 1067 1935 1117 inmoderate

251 1146 396 1203 atque
437 1140 697 1190 inhoneste
738 1142 972 1207 vixerint,
1019 1147 1225 1206 propter
1262 1141 1467 1189 luendas
1506 1156 1689 1205 poenas
1729 1141 1788 1190 ad
1829 1157 1935 1190 cor-

250 1228 372 1276 pora
410 1214 571 1262 redire
613 1214 849 1280 mortalia,
888 1214 1025 1264 Plato
1067 1215 1265 1279 quidem
1306 1216 1453 1264 etiam
1490 1214 1777 1280 bestiarum,
1816 1215 1935 1263 Por-

250 1286 454 1351 phyrius
486 1288 824 1337 tantummodo
858 1288 917 1337 ad
949 1289 1227 1338 hominum:
1269 1290 1494 1352 sequitur
1537 1303 1636 1354 eOS,
1675 1295 1731 1337 ut
1771 1289 1936 1338 dicant

166 1367 219 1407 15
253 1361 370 1408 deos
410 1362 554 1428 istOS,
604 1378 727 1426 quos
775 1378 801 1411 a
841 1361 982 1411 nobis
1022 1362 1192 1411 volunt
1233 1363 1371 1426 quasi
1408 1369 1640 1427 parentes
1680 1369 1729 1412 et
1769 1362 1934 1411 condi-

251 1441 386 1483 tores
419 1442 616 1484 nostros
650 1436 758 1502 coli,
797 1435 920 1484 nihil
952 1451 1061 1485 esse
1094 1436 1223 1485 aliud
1256 1451 1403 1500 quam
1435 1435 1600 1485 fabros
1641 1436 1936 1501 compedum

253 1523 568 1558 carcerumve
619 1515 930 1576 nostrorum,
987 1524 1078 1558 nec
1128 1511 1440 1558 institutores
1453 1549 1467 1574 ,
1522 1509 1608 1558 sed
1659 1509 1934 1559 inclusores

252 1581 641 1647 adligatoresque
675 1589 873 1632 nostros
907 1583 1167 1647 ergastulis
1200 1584 1506 1632 aerumnosis
1547 1589 1596 1632 et
1635 1584 1935 1647 gravissimis

251 1655 475 1704 vinculis.
552 1656 648 1705 Aut
699 1672 816 1721 ergo
868 1657 1093 1706 desinant
1143 1656 1379 1706 Platonici
1425 1672 1609 1721 poenas
1662 1658 1935 1706 animarum

161 1737 219 1776 20
252 1744 311 1777 ex
350 1730 458 1778 istis
499 1730 792 1794 corporibus
833 1732 1143 1796 comminari,
1184 1736 1267 1779 aut
1308 1745 1392 1779 eos
1432 1730 1573 1779 nohis
1613 1730 1731 1779 deos
1772 1730 1933 1779 colen-

252 1802 339 1851 dos
394 1818 494 1851 non
543 1803 853 1870 praedicent,
909 1819 1123 1868 quorum
1176 1805 1228 1852 in
1275 1803 1419 1852 nobis
1467 1805 1827 1870 operationem,
1879 1810 1935 1853 ut

253 1882 490 1940 quantum
521 1893 785 1942 possumus
818 1879 1062 1942 fugiamus
1103 1883 1152 1926 et
1191 1877 1466 1942 evadamuS,
1504 1876 1780 1939 hortantur,
1821 1892 1935 1926 cum

251 1955 415 1998 tamen
462 1952 526 1999 sit
572 1958 840 2015 utrumque
889 1951 1217 2000 falsissimum.
1295 1950 1418 1999 Nam
1467 1962 1628 2015 neque
1678 1953 1747 2000 ita
1790 1950 1936 2000 luunt

251 2038 435 2087 poenas
482 2026 696 2090 animae,
748 2039 862 2074 cum
907 2024 966 2073 ad
1013 2027 1156 2073 istam
1197 2026 1344 2073 vitam
1393 2024 1555 2073 denuo
1602 2024 1936 2087 revolvuntur,

162 2103 219 2143 25
252 2103 301 2144 et
348 2099 567 2146 omnium
614 2100 882 2148 viventium
929 2099 1030 2147 sive
1078 2100 1128 2146 in
1177 2097 1311 2146 caelo
1360 2099 1460 2146 sive
1507 2099 1558 2146 in
1598 2104 1731 2147 terra
1768 2097 1933 2147 nullus

253 2176 328 2218 est
367 2170 607 2237 conditor,
646 2173 742 2220 nisi
772 2187 798 2220 a
830 2187 927 2236 quo
968 2173 1093 2221 facta
1133 2177 1249 2220 sunt
1288 2170 1477 2220 caelum
1516 2178 1565 2220 et
1603 2178 1749 2221 terra.
1811 2171 1935 2220 Nam

252 2245 293 2292 si
343 2243 476 2292 nulla
527 2259 672 2293 causa
724 2252 800 2294 est
854 2245 1048 2294 vivendi
1099 2247 1150 2294 iu
1196 2244 1289 2293 hoc
1339 2259 1546 2309 corpore
1596 2247 1692 2294 nisi
1730 2251 1933 2310 propter

250 2317 509 2381 pendenda
566 2318 826 2383 supplicia:
888 2333 983 2383 quo
1036 2318 1180 2367 modo
1240 2318 1360 2366 dicit
1412 2317 1543 2366 idem
1595 2317 1732 2368 Plato
1792 2318 1933 2368 aliter

251 2390 490 2439 mundum
520 2391 628 2454 fieri
668 2407 766 2440 non
806 2394 1025 2456 potuisse
1065 2391 1457 2456 pulcherrimum
1494 2397 1639 2455 atque
1680 2393 1933 2457 optimum,

161 2473 219 2511 30
252 2466 347 2513 nisi
387 2466 607 2514 omnium
647 2465 951 2530 animalium,
998 2465 1047 2514 id
1087 2472 1163 2514 est
1202 2470 1252 2513 et
1289 2464 1624 2513 inmortalium
1663 2471 1713 2514 61
1751 2471 1931 2514 morta-

251 2537 394 2603 lium,
441 2537 706 2602 generibus
754 2535 1081 2603 impleretur?
1145 2538 1197 2586 Si
1244 2545 1409 2587 autem
1455 2543 1624 2586 nostra
1671 2540 1931 2604 institutiO,

374 2652 417 2705 7)
452 2649 570 2694 Tim.
604 2655 674 2705 41,
710 2649 757 2697 C.
821 2652 894 2704 31)
930 2649 1046 2693 Tim.
1081 2654 1150 2702 92,
1184 2650 1234 2695 Β.

280 2857 298 2898 t
374 2802 426 2841 12
458 2797 674 2841 uixerunt
706 2797 749 2840 A
784 2799 799 2853 ΙΙ
840 2802 894 2841 13
929 2797 1069 2840 etiam
1102 2797 1160 2840 ad
1191 2797 1308 2841 best.
1341 2811 1366 2841 v
1406 2798 1421 2853 ΙΙ
1445 2802 1500 2841 30
1534 2798 1581 2841 et
1619 2796 1728 2840 inm.
1772 2795 1931 2849 VAF;

253 2869 300 2899 e·
331 2869 413 2900 om.
445 2870 471 2900 v
