2020 3122
604 144 671 176 DE
696 142 933 177 ΟΝΙΤΑΤΕ
956 144 1045 176 DEI
1067 144 1112 177 L.
1137 144 1181 176 v.
1206 142 1242 176 c.
1267 145 1320 177 14.
1677 133 1784 185 219

108 261 224 310 estis
258 258 472 307 eredere
503 257 722 318 ,aleriam
763 257 827 324 ab
869 257 1080 304 invicem
1120 263 1445 320 expectantes
1485 263 1533 307 et
1566 259 1786 319 =aleriam

105 346 236 395 quae
281 345 313 379 a
361 333 464 380 solo
505 331 611 380 Deo
659 335 734 379 est
769 343 870 378 non
909 333 1246 390 quaerentes?
1321 330 1445 380 Item
1484 330 1544 379 de
1585 330 1785 395 quibus-

105 405 236 470 dam,
286 406 372 468 qui
416 405 469 452 in
516 418 630 452 eum
677 401 990 451 crediderant
1037 408 1086 451 et
1131 402 1427 453 verebantur
1474 403 1633 468 palam
1672 419 1784 453 con-

103 479 248 544 fiteri,
286 479 353 527 ait
385 476 703 541 evangelista:
743 477 1052 526 Dilexerunt
1077 479 1296 537 ,aleriam
1335 479 1587 527 hominum
1624 480 1787 539 mayis

105 565 255 615 quam
294 553 402 601 Dei.
489 549 631 608 Quod
679 551 836 599 sancti
875 548 1082 613 apostoli
1120 564 1220 598 non
1260 550 1507 616 fecerunt3
1548 552 1633 615 qui
1675 565 1788 600 cum

104 628 155 676 in
202 625 278 674 his
326 624 447 673 locis
492 623 837 688 praedicarent
877 622 1060 671 Christi
1105 637 1310 689 nomen,
1359 622 1446 672 ubi
1491 639 1590 672 non
1630 623 1789 672 solum

105 698 476 765 improbabatur
524 691 680 765 (sicut
724 696 805 746 ille
853 698 941 746 ait:
988 696 1251 760 Iacentque
1301 711 1356 745 ea
1397 711 1617 762 semper,
1665 712 1788 761 quae

106 772 235 838 apud
267 786 490 837 quosque
515 765 899 836 improbantur),
937 785 1110 819 verum
1143 771 1288 819 etiam
1322 785 1539 819 summae
1580 769 1790 819 detesta-

105 848 253 896 tionis
276 845 564 910 habebatur,
602 851 830 894 tenentes
863 844 995 908 quod
1027 843 1283 893 audierant
1322 858 1348 892 a
1386 842 1515 892 bono
1556 845 1789 908 magistro

107 920 377 984 eodemque
417 917 608 967 medico
646 919 908 967 mentium:
956 918 1014 967 Si
1050 920 1161 979 qvis
1199 931 1277 967 me
1316 920 1581 978 neqaverit
1616 931 1791 967 coram

105 995 414 1054 hominibuS,
462 993 656 1054 neqabo
697 1006 809 1041 eum
849 1005 1022 1041 eoram
1053 996 1209 1053 patre
1247 1005 1375 1052 inea,
1416 994 1506 1053 qui
1543 994 1595 1040 in
1635 994 1790 1041 caelis

108 1075 193 1128 est,
233 1067 310 1116 vel
348 1081 525 1116 coram
563 1069 760 1127 anyelis
800 1066 917 1126 Dei,
956 1067 1088 1114 inter
1128 1064 1385 1113 maledicta
1425 1071 1474 1114 et
1513 1063 1791 1130 opprobria,

106 1143 238 1190 inter
285 1141 595 1203 gravissimas
648 1140 1023 1203 persecutiones
1078 1137 1402 1202 crudelesque
1457 1152 1641 1203 poenas
1692 1152 1792 1186 non

1824 927 1880 967 10

108 1221 224 1264 sunt
263 1213 488 1262 deterriti
535 1228 562 1261 a
608 1212 972 1276 praedicatione
1021 1210 1191 1260 salutis
1237 1211 1478 1260 humanae
1518 1217 1654 1260 tanto
1695 1211 1790 1259 fre-
1872 1216 1883 1226 “

107 1290 231 1337 mitu
271 1287 556 1335 offensionis
601 1285 857 1334 humanae.
934 1284 998 1333 Et
1044 1284 1175 1348 quod
1224 1299 1308 1333 eos
1356 1285 1518 1334 divina
1557 1285 1791 1333 facientes

110 1368 254 1426 atque
295 1360 517 1409 dicentes
549 1359 809 1423 divineque
842 1359 1062 1407 viventes
1102 1356 1355 1407 debellatis
1396 1358 1607 1423 quodam
1645 1358 1789 1407 modo

110 1433 340 1484 cordibus
395 1433 532 1482 duris
580 1439 726 1497 atque
774 1431 1056 1481 introducta
1103 1446 1223 1495 pace
1270 1433 1488 1481 iustitiae
1527 1433 1701 1495 ingens
1740 1433 1791 1479 in

110 1508 316 1558 ecclesia
355 1506 538 1556 Christi
576 1505 729 1571 gloria
769 1511 1035 1555 consecuta
1074 1511 1171 1556 est:
1218 1520 1319 1554 non
1357 1507 1408 1554 in
1448 1520 1504 1554 ea
1543 1511 1792 1568 tamquam

110 1584 162 1631 in
203 1596 317 1631 suae
367 1581 566 1630 virtutis
612 1580 708 1629 fine
759 1581 1077 1645 quieverunt,
1125 1578 1211 1628 sed
1252 1594 1359 1628 eam
1398 1594 1596 1643 quoque
1635 1580 1793 1643 ipsam

111 1656 171 1705 ad
209 1654 298 1704 Dei
336 1654 542 1719 gloriam
579 1653 878 1719 referenteS,
926 1653 1067 1702 cuius
1118 1654 1272 1716 gratia
1319 1652 1442 1702 tales
1482 1658 1647 1717 erant,
1696 1653 1792 1700 isto

111 1744 308 1794 quoque
347 1728 516 1776 fomite
556 1742 657 1794 eoS,
696 1726 877 1792 quibus
917 1725 1253 1792 consulebant,
1293 1726 1352 1775 ad
1392 1741 1610 1775 amorem
1647 1725 1795 1791 illius,

111 1818 137 1851 a
191 1817 288 1866 quo
345 1808 394 1851 et
446 1802 542 1866 ipsi
594 1801 715 1851 tales
769 1801 967 1866 fierent,
1023 1799 1369 1850 accendebant.
1456 1799 1678 1863 Namque
1731 1813 1795 1847 ne

109 1881 315 1941 propter
359 1875 623 1924 humanam
661 1875 866 1939 gloriam
903 1873 1021 1922 boni
1060 1879 1249 1940 essent,
1297 1872 1534 1922 docuerat
1572 1887 1656 1921 eos
1696 1886 1793 1920 ma-

112 1950 265 2014 gister
318 1948 516 1997 illorum
570 1948 761 1997 dicens:
823 1949 1002 1997 Cavete
1053 1946 1235 2009 faeere
1289 1949 1531 1996 iustitiam
1577 1951 1795 1995 vestram

113 2037 287 2073 coram
326 2022 631 2082 hominibus,
678 2027 734 2071 ut
772 2022 1049 2070 videamini
1086 2022 1149 2070 ab
1190 2022 1291 2080 eis;
1339 2023 1565 2082 alioquin
1603 2034 1791 2069 meree-

114 2098 224 2146 dem
269 2110 369 2145 non
414 2096 662 2145 habebitis
710 2097 850 2157 apud
886 2100 1088 2157 patrem
1134 2100 1374 2156 vestrum,
1422 2096 1510 2156 qui
1547 2096 1600 2143 in
1640 2095 1795 2142 caelis

72 2163 85 2174 ”
115 2176 198 2220 est.
277 2168 374 2218 Sed
414 2183 591 2218 rursus
630 2183 691 2217 ne
730 2168 824 2217 hoc
862 2183 1095 2232 perverse
1133 2167 1475 2233 intellegentes
1514 2165 1796 2216 hominibus

113 2242 305 2308 placere
338 2248 618 2291 metuerent
641 2244 902 2306 minusque
934 2241 1230 2306 prodessent
1260 2242 1469 2308 latend0,
1510 2240 1640 2306 quod
1679 2239 1797 2288 boni

114 2323 244 2383 sunt,
276 2316 618 2365 demonstrans
651 2331 747 2380 quo
780 2315 875 2364 fine
907 2317 1220 2364 innotescere
1252 2315 1513 2365 deberent:
1552 2315 1795 2375 Luceant,

114 2391 295 2457 inquit,
342 2404 499 2453 opera
545 2395 714 2439 vestra
758 2403 932 2438 eoram
971 2391 1278 2450 hominibus,
1327 2395 1385 2439 ut
1421 2391 1627 2438 videant
1665 2389 1795 2437 bona

111 2462 256 2524 facta
295 2469 465 2514 vestra
505 2469 554 2513 et
587 2465 879 2524 qlorilicent
908 2468 1112 2525 patrem
1150 2469 1382 2523 vestrum,
1423 2465 1513 2524 qui
1550 2464 1602 2510 in
1642 2462 1797 2510 caelis

118 2543 201 2586 est.
277 2536 387 2586 Non
412 2552 529 2601 ergo
561 2543 617 2586 ut
647 2538 920 2587 videamini
958 2538 1022 2585 ab
1057 2539 1143 2598 εἰς,
1183 2536 1232 2586 id
1266 2543 1341 2585 est
1378 2535 1468 2584 hac
1507 2535 1796 2598 intentione,

237 2679 280 2734 2)
319 2678 383 2724 10.
410 2681 460 2734 5,
495 2682 566 2721 44.
631 2679 675 2734 5)
708 2677 772 2722 Io.
808 2682 884 2734 12,
917 2682 987 2722 43.
1061 2678 1132 2734 12)
1165 2677 1246 2721 Mt.
1282 2681 1359 2731 10,
1393 2681 1470 2731 333
1517 2675 1594 2718 Lo.
1639 2678 1714 2729 12,
1755 2678 1794 2718 9.

119 2738 191 2792 27)
224 2736 306 2780 Mt.
339 2742 378 2793 e,
413 2741 451 2780 1.
515 2739 589 2792 32)
622 2736 706 2783 Mt.
741 2741 780 2791 5,
816 2742 883 2781 16.

238 2874 262 2913 6
295 2868 344 2912 in
373 2881 456 2914 om.
489 2869 533 2912 A
557 2870 572 2925 fl
599 2874 650 2913 12
683 2869 760 2912 uel
790 2881 878 2913 mss
907 2870 1077 2925 (proyr.
1106 2881 1154 2923 10.
1186 2870 1288 2923 16)‚·
1321 2867 1367 2909 et
1397 2879 1422 2911 v

1825 1292 1881 1332 15

1826 1661 1883 1700 20

1827 2026 1884 2067 25

1828 2394 1886 2434 30
