2020 3122
181 153 285 205 102
851 161 886 196 s.
910 160 1188 197 Anons'rrm

177 276 270 325 diis
295 277 533 326 adulteria
557 275 819 340 displicere
847 276 1115 341 hominum,
1157 290 1279 339 quae
1305 276 1356 322 in
1387 275 1510 339 ipsis
1550 274 1866 323 concorditer

175 347 379 399 ferunt?
420 350 472 398 Si
497 357 661 399 autem
694 349 811 398 falsa
849 356 977 415 sunt,
1018 364 1079 397 ne
1121 351 1190 397 sic
1232 348 1430 411 quidem
1468 354 1679 411 possunt
1716 349 1865 398 irasci

174 426 305 473 veris
337 424 590 473 adulteriis
631 423 872 484 humaniS,
913 425 998 487 qui
1036 424 1184 471 etiam
1224 421 1358 469 falsis
1398 421 1706 470 delectantur
1745 423 1865 471 suiS.

175 498 284 546 Huc
324 498 527 564 accedit,
567 499 815 563 quoniam,
857 499 897 546 si
936 496 1055 545 illud
1095 495 1155 544 de
1197 495 1351 544 Marte
1394 510 1491 543 non
1532 494 1769 561 creditur,
1809 501 1865 544 ut

117 580 143 620 5
175 571 269 621 hoc
318 586 514 636 quoque
563 571 622 620 de
670 570 860 619 Venere
909 586 1007 618 non
1060 568 1320 635 credatur,
1375 568 1509 618 nullo
1557 568 1709 617 divini
1749 584 1863 617 con-

176 645 373 694 cubitus
429 644 634 694 obtentu
691 645 860 693 matris
914 643 1111 692 Romuli
1167 657 1313 691 causa
1368 641 1666 694 defenditur.
1749 641 1865 691 Fuit

175 725 339 768 autem
373 719 602 768 sacerdos
634 718 715 766 illa
739 717 959 783 VestaliS,
1000 723 1050 766 et
1089 717 1198 765 ideo
1241 716 1308 765 dii
1347 718 1499 780 magis
1539 717 1591 764 in
1616 715 1863 765 Romanos

176 792 471 857 sacrilegum
510 791 629 841 illud
669 792 905 856 flagitium
941 805 1086 855 quam
1125 792 1177 839 in
1217 790 1456 839 Troianos
1495 789 1687 839 Paridis
1727 789 1861 838 adul-

175 868 357 916 terium
396 866 644 915 vindicare
678 865 971 914 debuerunt.
1048 863 1171 912 Nam
1213 870 1261 912 et
1299 866 1395 929 ipsi
1426 863 1634 912 Romani
1673 863 1863 928 antiqui

90 950 145 990 10
176 942 228 989 in
268 948 440 1005 stupro
481 940 700 988 detectas
738 939 912 988 Vestae
961 938 1244 987 sacerdotes
1283 940 1415 986 vivas
1455 939 1604 986 etiam
1644 937 1859 986 defodie-
1935 933 1946 941 ⁹

173 1013 308 1080 bant,
346 1013 592 1063 adulteras
617 1019 779 1062 autem
815 1014 1035 1078 feminaS,
1076 1013 1297 1076 quamvis
1337 1011 1497 1076 aliqua
1537 1010 1863 1078 damnatione,

174 1087 305 1137 nulla
352 1078 515 1136 tamen
563 1094 721 1136 morte
769 1085 1071 1151 plectebant:
1118 1101 1276 1150 usque
1330 1085 1449 1134 adeo
1498 1087 1695 1150 gravius
1736 1099 1861 1149 quae

173 1160 412 1226 putabant
451 1160 592 1226 adyta
632 1160 793 1210 divina
834 1175 978 1225 quam
1019 1159 1230 1209 humana
1271 1159 1450 1208 cubilia
1489 1158 1817 1208 vindicabant,

852 1348 1047 1402 CAPUT
1080 1348 1170 1401 VI.

89 1465 143 1504 15
287 1456 363 1504 De
396 1457 685 1518 parricidio
726 1456 940 1518 Romuli,
982 1458 1118 1516 quod
1156 1457 1230 1504 dii
1267 1469 1365 1504 non
1405 1456 1746 1504 vindicarunt.

322 1558 469 1607 Aliud
509 1558 680 1622 adiciO,
721 1560 858 1622 quia,
899 1560 940 1607 si
978 1566 1179 1623 peccata
1218 1557 1474 1606 hominum
1512 1557 1608 1606 illis
1648 1559 1860 1606 numini-

176 1632 270 1682 bus
310 1631 643 1696 displicerent,
683 1638 739 1680 ut
778 1632 954 1680 offensi
994 1631 1183 1680 Paridis
1224 1632 1351 1680 facto
1392 1631 1640 1680 desertam
1664 1630 1862 1680 Troiam

176 1707 309 1755 ferro
364 1704 659 1769 ignibusque
715 1705 986 1769 donarent,
1040 1708 1194 1770 magis
1250 1720 1334 1754 eos
1390 1712 1561 1753 contra
1615 1704 1862 1754 Romanos

178 1786 398 1828 moveret
459 1778 656 1827 Romuli
717 1779 870 1828 frater
932 1781 1127 1829 occisus
1190 1794 1337 1843 quam
1397 1786 1569 1827 contra
1623 1778 1863 1827 Troianos

87 1861 144 1901 20
177 1853 394 1902 Graecus
418 1854 624 1901 maritus
648 1852 862 1918 inlusus;
886 1855 1040 1917 magis
1063 1855 1291 1902 inritaret
1314 1851 1634 1918 parricidium
1658 1867 1861 1900 nascen-

176 1929 240 1976 tis
279 1940 427 1990 quam
466 1928 717 1991 regnantis
769 1926 1066 1976 adulterium
1107 1928 1332 1976 civitatis.
1409 1925 1509 1974 Nec
1550 1926 1609 1974 ad
1649 1940 1862 1991 causam,

176 2015 322 2064 quam
377 2014 509 2048 nunc
565 2001 776 2065 agimUS,
831 2002 1061 2067 interest,
1110 2006 1280 2049 utrum
1326 1999 1420 2049 hoc
1467 1999 1577 2048 fieri
1621 1998 1862 2048 Romulus

175 2074 378 2122 iusserit
416 2079 500 2121 aut
523 2072 761 2122 Romulus
786 2073 974 2140 fecerit,
1015 2074 1147 2138 quod
1180 2073 1322 2123 multi
1353 2073 1642 2138 inpudentia
1668 2079 1864 2139 negant,

180 2146 323 2196 multi
345 2146 534 2210 pudore
560 2146 800 2212 dubitant,
841 2147 982 2196 multi
1019 2147 1189 2196 dolore
1230 2147 1553 2196 dissimulant.
1629 2145 1731 2196 Nec
1771 2161 1862 2195 nos

88 2227 145 2268 25
179 2222 346 2284 itaque
385 2221 436 2268 in
469 2235 525 2268 ea
565 2235 618 2268 re
651 2219 935 2284 diligentius
974 2221 1273 2284 requirenda
1304 2236 1394 2285 per
1433 2219 1699 2270 multorum
1742 2221 1862 2268 scri-

174 2301 373 2359 ptorum
420 2308 664 2358 perpensa
711 2295 992 2342 testimonia
1031 2295 1368 2344 demoremur:
1421 2293 1620 2344 Romuli
1659 2294 1863 2342 fratrem

175 2367 333 2432 palam
373 2373 566 2416 constat
613 2368 854 2432 occisum,
901 2383 1000 2416 non
1040 2367 1099 2416 ab
1139 2367 1389 2434 hostibUS,
1437 2382 1537 2416 non
1577 2367 1636 2416 ab
1676 2366 1862 2416 alienis

177 2440 230 2489 Si
268 2446 353 2489 aut
390 2442 691 2505 perpetravit
729 2448 813 2489 aut
851 2442 1109 2505 imperavit
1147 2442 1239 2490 hoc
1265 2441 1520 2507 Romulus,
1558 2442 1712 2505 magis
1751 2442 1858 2504 ipse

177 2515 271 2563 fuit
310 2514 643 2562 Romanorum
694 2529 841 2577 quam
879 2513 1017 2562 Paris
1057 2514 1384 2563 Troianorum
1425 2520 1593 2579 caput3
1643 2528 1733 2562 cur
1771 2515 1859 2578 igi-

90 2597 146 2637 30
177 2595 260 2638 tur
298 2587 523 2636 Troianis
563 2589 686 2635 iram
727 2587 932 2636 deorum
973 2589 1254 2653 provocavit
1292 2587 1372 2636 ille
1413 2587 1597 2636 alienae
1638 2588 1861 2651 coniugis

177 2670 371 2726 raptor,
429 2669 477 2710 et
527 2660 798 2709 eorundem
849 2661 1055 2710 deorum
1107 2661 1309 2711 tutelam
1355 2661 1588 2710 Romanis
1639 2662 1861 2710 invitavit

298 2837 323 2875 2
357 2846 414 2876 ne
446 2832 567 2886 AK‚·
596 2846 681 2876 nec
713 2831 787 2876 Fv
810 2834 826 2889 ΙΙ
851 2837 874 2876 7
906 2831 991 2875 illa
1023 2831 1161 2876 ΘΑΚ
1186 2831 1359 2888 (Ilia?>;
1389 2831 1470 2876 ille
1502 2831 1573 2885 F;
1607 2832 1765 2888 Sylvia
1795 2844 1821 2875 v
1845 2830 1860 2889 Η

181 2895 235 2934 16
270 2890 309 2933 si
343 2891 547 2944 OAKR·
579 2890 619 2935 si
650 2905 704 2935 eo
734 2905 880 2947 usque
911 2904 938 2935 v
