2020 3122
279 138 386 191 516
943 148 978 181 S.
1010 147 1287 182 Aueustrnn

278 264 508 326 quoniam
562 268 766 310 naturae
822 262 966 309 etiam
1022 260 1152 326 illae,
1207 275 1331 325 quae
1388 275 1448 309 ex
1495 259 1648 309 malae
1695 259 1961 309 voluntatis

275 337 415 384 initio
454 335 647 383 vitiatae
689 343 818 400 sunt,
857 336 908 382 in
948 340 1185 398 quantum
1223 335 1424 382 vitiosae
1465 340 1595 400 sunt,
1634 332 1787 382 malae
1828 339 1962 398 sunt,

275 411 326 457 in
366 414 606 472 quantum
637 414 801 457 autem
839 415 1042 457 naturae
1083 414 1212 473 sunt,
1250 407 1406 456 bonae
1448 414 1576 456 sunt.
1652 406 1718 456 Et
1755 422 1869 456 cum
1906 408 1958 455 in

274 483 448 547 poenis
496 488 572 530 est
618 488 793 531 natura
838 484 1032 548 vitiosa,
1087 487 1291 545 excepto
1340 495 1420 546 eo,
1469 480 1601 544 quod
1648 486 1822 530 natura
1869 486 1963 546 est,

217 567 241 605 5
276 557 422 605 etiam
473 555 566 604 hoc
605 555 674 605 ibi
721 555 906 605 bonum
946 563 1045 621 est,
1097 555 1227 620 quod
1273 556 1497 618 inpunita
1543 569 1643 603 non
1691 560 1782 603 est.
1855 553 1962 602 Hoc

276 631 408 678 enim
455 635 531 678 est
575 631 761 678 iustum
809 637 858 679 et
897 644 1038 677 omne
1078 630 1266 677 iustum
1317 627 1493 692 procul
1555 627 1703 676 dubio
1761 627 1962 677 bonum.

274 702 384 752 Non
435 705 567 752 enim
607 705 868 767 quisquam
914 703 975 751 de
1017 703 1144 751 vitiis
1183 700 1511 767 naturalibuS‚
1566 701 1653 750 sed
1692 700 1753 750 de
1792 700 1961 750 volun-

274 778 412 826 tariis
450 792 635 842 poenas
673 776 778 826 luit.
853 775 977 825 Nam
1016 778 1164 825 etiam
1204 774 1334 840 quod
1381 776 1556 824 vitium
1602 774 1963 824 consuetudine

274 852 484 900 nimiove
523 866 792 915 progressu
830 849 1118 899 roboratum
1164 848 1300 898 velut
1344 847 1633 898 naturaliter
1671 847 1894 915 inolevit,
1933 862 1960 896 a

189 936 241 975 10
273 923 522 974 voluntate
555 926 766 989 sumpsit
798 923 1067 973 exordium.
1144 922 1213 972 De
1246 923 1376 972 vitiis
1410 924 1590 988 quippe
1631 938 1765 972 nune
1803 922 1960 987 loqui·

273 1012 384 1047 mur
417 999 523 1046 eius
555 1003 774 1063 naturae,
814 999 894 1046 eui
933 1012 1073 1046 mens
1104 999 1236 1046 inest
1267 1011 1417 1062 capax
1455 995 1787 1062 intellegibilis
1818 995 1962 1063 lucis,

272 1086 369 1135 qua
406 1071 707 1121 discernitur
746 1073 933 1121 iustum
973 1069 1031 1119 ab
1071 1072 1270 1121 iniusto,

954 1242 1148 1297 CAPUT
1183 1243 1275 1296 IV.

273 1352 348 1400 De
379 1356 569 1401 natura
603 1353 983 1400 inrationalium
1016 1357 1107 1399 aut
1136 1354 1239 1400 vita
1272 1352 1569 1412 carentium,
1612 1364 1743 1412 quae
1776 1352 1827 1399 in
1865 1364 1957 1399 suo
1983 1371 1985 1374 ·

187 1436 239 1472 15
386 1440 576 1486 yenere
615 1430 766 1486 atque
806 1426 985 1474 ordine
1024 1426 1087 1473 ab
1127 1427 1474 1474 universitatis
1514 1427 1700 1474 decore
1739 1438 1838 1474 non

961 1500 1266 1560 discrepant.

417 1615 650 1665 Ceterum
681 1617 795 1664 vitia
827 1630 1063 1679 pecorum
1096 1621 1146 1664 et
1178 1614 1411 1664 arborum
1443 1615 1745 1680 aliarumque
1785 1630 1983 1684 rerum!

268 1688 578 1741 mutabilium
625 1695 772 1753 atque
819 1688 1099 1737 mortalium
1144 1688 1221 1737 vel
1265 1688 1519 1738 intellectu
1566 1689 1642 1738 vel
1690 1704 1840 1739 sensu
1878 1689 1956 1739 vel

268 1765 365 1812 vita
404 1764 602 1811 omnino
651 1764 947 1828 carentium,
999 1761 1179 1826 quibus
1228 1778 1402 1812 eorum
1441 1762 1739 1812 dissolubilis
1778 1769 1952 1812 natura

183 1847 236 1886 20
271 1838 628 1902 corrumpitur,
675 1835 966 1885 damnabilia
1011 1842 1187 1901 putare
1227 1836 1491 1885 ridiculum
1531 1843 1630 1902 est,
1678 1851 1790 1886 eum
1830 1838 1954 1886 istae

271 1917 525 1963 creaturae
576 1925 689 1959 eum
735 1910 936 1959 modum
975 1915 1100 1959 nutu
1140 1908 1402 1959 Creatoris
1429 1911 1732 1976 acceperint,
1781 1916 1836 1959 ut
1873 1925 1953 1959 ce·

267 1983 428 2033 dendo
483 1999 539 2032 ae
595 1983 905 2033 succedendo
966 1990 1204 2048 peragant
1263 1984 1480 2032 infimam
1532 1982 1952 2048 pulchritudinem

267 2063 546 2122 temporum
578 2059 629 2106 in
669 2072 850 2122 genere
890 2072 979 2106 suo
1019 2059 1164 2106 istius
1203 2057 1375 2106 mundi
1413 2056 1637 2122 partibus
1677 2071 1951 2122 congruen-

267 2138 380 2179 tem.
458 2130 628 2195 Neque
662 2133 794 2180 enim
826 2130 1119 2180 caelestibus
1152 2131 1349 2180 fuerant
1386 2139 1586 2180 terrena
1624 2130 1954 2197 coaequanda,

180 2214 235 2253 25
267 2211 353 2252 aut
390 2203 499 2252 ideo
538 2206 847 2254 universitati
885 2204 1057 2253 deesse
1096 2206 1191 2253 ista
1230 2203 1524 2271 debuerunt,
1565 2206 1795 2268 quoniam
1835 2210 1956 2253 sunt

267 2277 348 2326 illa
387 2277 603 2327 meliora.
683 2277 805 2326 Cum
846 2293 963 2342 ergo
1003 2279 1055 2326 in
1094 2277 1170 2326 his
1209 2278 1354 2344 lociS‚
1392 2277 1478 2327 ubi
1519 2293 1627 2326 esse
1667 2277 1780 2326 talia
1820 2293 1950 2327 com·

265 2351 486 2417 petebat,
543 2351 649 2399 aliis
704 2351 794 2399 alia
850 2350 1192 2400 deficientibus
1247 2353 1477 2401 oriuntur
1524 2358 1575 2400 et
1621 2350 1954 2400 succumbunt

265 2426 456 2473 minora
488 2424 755 2473 maioribus
787 2431 933 2488 atque
965 2426 1017 2473 in
1051 2424 1308 2489 qualitates
1341 2426 1680 2489 superantium
1720 2430 1950 2489 superata

265 2505 549 2564 vertuntur,
604 2513 772 2547 rerum
828 2504 902 2546 est
948 2498 1068 2546 ordo
1120 2500 1496 2548 transeuntium.
1573 2497 1724 2547 Cuius
1765 2498 1951 2546 ordinis

175 2581 235 2621 30
267 2571 418 2621 decus
450 2586 542 2620 nos
571 2579 836 2636 propterea
874 2586 974 2619 non
1013 2571 1237 2638 delectat,
1278 2573 1508 2636 quoniam
1545 2574 1674 2635 parti
1714 2573 1819 2620 eius
1856 2585 1960 2635 pro,
2019 2597 2020 2616 η

265 2646 553 2694 condicione
587 2651 784 2695 nostrae
817 2644 1125 2694 mortalitatis
1165 2647 1340 2694 intexti
1377 2646 1677 2711 universum,
1717 2646 1798 2693 eui
1839 2646 1949 2708 par·
2018 2683 2020 2708 a

325 2875 346 2917 t
382 2820 408 2859 2
440 2814 576 2860 initio
607 2828 720 2870 mss;
751 2815 865 2860 vitio
898 2829 922 2860 v
954 2817 969 2872 ΙΙ
1001 2820 1056 2859 14
1087 2814 1486 2860 inrationabilium
1526 2815 1612 2859 VA
1642 2817 1658 2873 ΙΙ
1691 2820 1747 2859 16
1778 2814 1947 2858 disere·
1978 2848 1982 2854 ι

263 2888 324 2931 pa
375 2888 401 2918 v
