2020 3122
497 133 563 165 DE
589 131 827 166 civaTE
851 132 940 164 DEI
964 132 1005 165 L.
1030 132 1138 166 vm.
1165 131 1201 164 c.
1226 133 1258 164 1.
1286 133 1316 163 2.
1653 117 1758 169 321

72 253 288 312 tantum,
336 259 460 309 quae
501 244 561 293 ad
609 243 886 307 theologian
926 245 1199 307 pertinent,
1247 259 1343 308 quo
1386 243 1533 292 verbo
1575 242 1761 292 Graeco

75 321 341 385 significari
387 318 718 382 intellegimus
758 317 817 366 de
858 316 1110 366 divinitate
1149 319 1392 366 rationem
1433 319 1532 366 sive
1574 332 1759 366 sermo-

73 409 210 459 nem3
256 408 348 441 nec
395 407 477 441 eas
525 393 767 456 omnium,
817 391 904 439 sed
954 405 1128 439 eorum
1166 397 1385 456 tantum,
1437 393 1521 455 qui
1562 407 1674 440 cum
1714 398 1763 440 et

70 483 184 517 esse
218 466 521 515 divinitatem
552 473 603 514 et
634 465 846 513 humana
879 479 1053 513 curare
1095 467 1421 530 consentiant,
1461 481 1558 513 non
1600 472 1762 514 tamen

74 541 306 591 sufficere
354 541 502 589 unius
548 537 964 587 incommutabilis
1003 537 1092 586 Dei
1140 538 1329 587 cultum
1376 538 1435 586 ad
1476 540 1623 587 vitam
1663 538 1760 588 adi·
1795 546 1820 586 5

74 614 358 681 piscendam
401 615 547 662 etiam
586 619 700 677 post.
737 619 947 660 mortem
986 611 1193 672 beatam,
1234 613 1320 661 sed
1361 611 1542 661 multos
1582 612 1640 661 ab
1680 612 1761 661 illo

77 704 193 738 sane
233 703 332 737 uno
367 686 591 735 conditos
632 694 778 750 atque
818 687 1073 735 institutos
1113 685 1175 734 oh
1216 700 1322 734 eam
1364 701 1561 735 causam
1602 686 1762 735 colen-

72 763 164 811 dos
211 768 400 827 putant.
477 760 540 809 Hi
585 762 680 809 iam
732 763 879 809 etiam
926 759 1159 808 Varronis
1211 761 1498 824 opinionem
1544 762 1763 809 veritatis

74 837 444 902 propinquitate
469 834 849 899 transcendunt3
890 836 931 882 si
964 833 1163 898 quidem
1194 834 1274 882 ille
1301 840 1454 883 totam
1486 833 1764 898 theologian

74 909 348 960 naturalem
371 923 530 972 usque
556 908 615 957 ad
647 908 888 957 mundum
918 909 1070 956 istum
1102 908 1177 956 vel
1209 910 1419 957 animam
1452 909 1559 957 eius
1593 916 1758 957 exten·
1795 917 1850 957 10

69 984 191 1033 dere
231 985 414 1048 potuit,
452 983 535 1031 isti
573 997 689 1030 vero
730 997 879 1046 supra
919 997 1115 1030 omnem
1154 984 1342 1031 animae
1383 988 1608 1031 naturam
1649 998 1762 1031 con-

73 1059 278 1107 fitentur
324 1055 503 1120 Deum,
549 1057 634 1120 qui
684 1071 784 1104 non
831 1055 990 1104 solum
1038 1056 1279 1105 mundum
1316 1058 1468 1105 istum
1507 1055 1763 1122 visibilem,

76 1133 162 1196 qui
208 1145 354 1196 saepe
401 1129 523 1179 caeli
571 1137 620 1179 et
669 1135 830 1192 terrae
871 1131 1069 1178 nomine
1109 1136 1449 1196 nuncupatur,
1489 1129 1575 1178 sed
1616 1132 1765 1179 etiam

72 1220 273 1254 omnem
323 1207 522 1253 omnino
570 1205 782 1252 animam
822 1203 1020 1269 fecerit,
1059 1211 1109 1252 et
1149 1206 1233 1267 qui
1273 1204 1562 1252 rationalem
1603 1211 1652 1253 et
1691 1206 1763 1253 in-

73 1278 426 1347 ¹tellectualem,
474 1279 616 1326 cuius
662 1278 859 1342 generis
905 1279 1065 1325 anima
1105 1277 1318 1326 humana
1358 1283 1454 1343 est,
1500 1279 1760 1343 participa·
1798 1286 1852 1325 15

73 1354 208 1402 tione
249 1353 327 1401 sui
363 1351 564 1400 luminis
602 1349 1016 1400 incommutabilis
1057 1358 1107 1400 et
1144 1353 1427 1416 incorporei
1465 1351 1656 1401 beatam
1698 1351 1763 1401 sa—

76 1428 158 1476 cit.
256 1425 358 1474 Hos
419 1424 737 1490 philosophos
798 1424 1078 1474 Platonicos
1140 1425 1408 1490 appellatos
1471 1439 1497 1474 a
1559 1425 1763 1475 Platone

60 1499 278 1549 ssdoctore
334 1498 571 1548 vocabulo
627 1499 845 1548 derivato
885 1498 1073 1564 nulIUS,
1129 1502 1214 1563 qui
1263 1499 1383 1549 haec
1433 1499 1508 1548 vel
1547 1501 1765 1549 tenuiter

48 1573 281 1640 '‘audivit,
326 1575 536 1638 ignorat.
613 1572 683 1622 De
722 1572 816 1622 hoc
855 1574 1007 1637 igitur
1046 1572 1271 1640 Platone,
1321 1588 1445 1638 quae
1486 1575 1764 1623 necessaria

74 1649 323 1712 praesenti
376 1649 653 1712 quaestioni
707 1649 958 1712 existimo,
1027 1646 1244 1696 breviter
1298 1648 1569 1713 adtingam,
1623 1650 1763 1712 prius
1798 1657 1853 1696 20

74 1721 183 1771 illos
222 1736 638 1782 commemoranS,
679 1723 764 1785 qui
804 1736 918 1770 eum
957 1722 1008 1770 in
1048 1721 1223 1771 eodem
1262 1737 1444 1787 genere
1485 1721 1764 1786 litterarum

78 1801 300 1860 tempore
340 1801 734 1863 praecesserunt.

772 1982 968 2036 CAPUT
999 1983 1067 2038 ΙΙ.

125 2091 202 2140 De
240 2091 434 2140 duobus
466 2091 880 2153 philosophorum
914 2092 1203 2152 qeneribas‚
1246 2093 1301 2140 id
1337 2097 1410 2140 est
1451 2091 1632 2142 Italico
1672 2097 1720 2141 et

491 2165 681 2225 Ioniae,
721 2178 994 2226 eorumque
1033 2167 1342 2214 auctoribus,
1798 2172 1853 2212 25

231 2266 480 2325 Quantum
520 2269 651 2317 enim
692 2268 879 2317 adtinet
918 2268 977 2317 ad
1015 2268 1205 2317 litteras
1245 2268 1471 2334 GraecaS,
1511 2283 1634 2332 quae
1675 2268 1763 2317 lin-

75 2355 173 2405 gua
218 2343 349 2390 inter
395 2348 586 2390 ceteras
634 2343 855 2406 gentium
902 2342 1080 2391 clarior
1125 2341 1359 2408 habetur,
1408 2342 1504 2391 duo
1551 2342 1763 2407 philoso-

78 2413 291 2479 phorum
343 2430 525 2480 genera
577 2415 864 2466 traduntur:
917 2432 1073 2466 unum
1126 2416 1349 2466 Italicum
1406 2431 1465 2464 ex
1521 2431 1576 2465 ea
1625 2423 1762 2480 parte

79 2485 265 2549 Italiae,
313 2503 438 2553 quae
485 2490 732 2554 quondam
770 2504 944 2554 magna
983 2489 1186 2539 Graecia
1226 2496 1507 2554 nuncupata
1556 2496 1652 2554 est3
1699 2488 1762 2537 al·

78 2566 243 2610 terum
280 2561 502 2612 Ionicum
548 2565 599 2612 in
648 2565 718 2612 eis
765 2566 936 2629 terriS,
982 2563 1069 2613 ubi
1109 2571 1157 2613 et
1195 2579 1328 2613 nunc
1369 2563 1570 2612 Graecia
1609 2563 1762 2611 nomi-
1795 2571 1855 2610 30

81 2639 239 2684 natur.
315 2635 538 2686 Italicum
584 2652 740 2701 genus
787 2645 1040 2688 auctorem
1089 2637 1260 2687 hahuit
1306 2636 1631 2702 Pythagoram
1680 2635 1763 2683 Sa·

82 2709 256 2774 mium,
317 2724 344 2757 a
405 2725 503 2774 quo
559 2713 705 2760 etiam
753 2711 920 2761 ferunt
973 2714 1136 2777 ipsum
1189 2710 1527 2776 philosophiae
1583 2724 1764 2758 nomen

67 2787 320 2833 exortum.
396 2783 518 2832 Nam
572 2799 686 2834 cum
748 2791 890 2834 antea
935 2787 1181 2851 sapientes
1229 2783 1622 2848 appellarentur,
1679 2784 1760 2847 qui

87 2854 231 2923 modo
279 2856 491 2920 quodam
535 2857 790 2908 laudabilis
841 2861 966 2908 vitae
1013 2858 1120 2908 aliis
1166 2864 1416 2923 praestare
1457 2855 1764 2922 videbantur,

171 2954 267 2980 Auo.
290 2955 344 2980 nn
369 2956 445 2982 c1v.
470 2956 552 2983 nm.
585 2949 616 2983 I.
1442 2944 1497 2984 21
