2020 3122
139 934 193 975 10

139 1301 193 1341 15

136 1670 193 1710 20

137 2037 193 2077 25

224 139 295 191 80
895 148 930 182 S.
953 147 1230 182 Aueusmm

223 264 356 311 ferre
374 277 472 310 non
488 266 712 326 possunt,
738 261 878 325 isque
904 266 1175 310 concentus
1194 275 1254 309 ex
1271 259 1709 310 dissimillimarum
1731 275 1909 310 vocum

223 336 559 386 moderatione
599 349 807 383 concors
846 340 1012 383 tamen
1051 334 1266 383 efficitur
1307 340 1355 383 et
1395 349 1702 398 congruens:
1739 336 1810 383 sic
1848 349 1911 384 ex

224 412 427 459 stunmis
460 415 510 458 et
546 408 727 458 infimis
751 414 802 457 et
832 407 1006 457 mediis
1038 409 1312 457 interiectis
1353 406 1625 473 ordinibUS,
1665 414 1720 457 ut
1759 409 1908 474 soniS,

223 483 474 549 moderata
513 484 703 531 ratione
744 483 990 530 civitatem
1029 496 1276 530 consensu
1316 481 1756 530 dissimillimorum
1795 496 1908 530 con-

226 559 408 623 cinere,
447 562 497 606 et
529 571 652 620 quae
692 555 947 604 harmonia
986 570 1013 604 a
1050 556 1254 604 musicis
1286 555 1467 604 dicitur
1507 557 1559 604 in
1600 561 1764 622 cantu,
1802 570 1910 604 eam

226 646 334 680 esse
387 633 440 679 in
495 632 689 680 civitate
731 629 1067 695 concordiam,
1122 630 1425 678 artissimum
1466 635 1614 693 atque
1669 630 1909 694 optimum

224 706 358 754 omni
396 707 447 753 in
487 719 541 753 re
581 703 778 769 publica
822 702 1072 752 vinculum
1123 702 1521 769 incolumitatiS,
1558 718 1762 767 eamque
1804 704 1909 752 sine

224 780 412 828 iustitia
450 777 584 827 nullo
623 783 767 842 pacto
807 791 916 835 esse
955 771 1148 843 posse,“
1197 791 1253 825 ac
1292 776 1469 826 deinde
1510 792 1624 826 cum
1662 776 1910 841 aliquanto

223 852 370 901 latius
410 858 461 901 et
499 851 704 900 uberius
744 850 1083 915 disseruisset,
1131 856 1371 914 quantum
1409 850 1670 915 prodesset
1722 852 1910 900 iustitia

226 928 409 975 civitati
448 931 784 990 quantumque
840 923 1064 988 obesset,
1120 925 1161 972 si
1201 924 1427 990 afuisset,
1476 925 1694 989 suscepit
1733 924 1910 973 deinde

224 999 410 1065 Philus,
449 1014 581 1048 unus
621 1013 794 1047 eorum
834 999 921 1061 qui
960 997 1281 1062 disputationi
1320 997 1545 1063 aderant,
1585 1004 1634 1047 et
1671 999 1912 1063 poposcit,

224 1079 280 1122 ut
318 1073 439 1122 haec
478 1074 583 1137 ipsa
623 1073 846 1135 quaestio
873 1070 1156 1135 diligentius
1196 1077 1497 1120 tractaretur
1535 1086 1591 1121 ac
1623 1071 1683 1120 de
1723 1073 1912 1121 iustitia

224 1146 366 1211 plura
406 1146 707 1207 dicerentur,
748 1151 952 1210 propter
990 1144 1125 1211 illud,
1167 1144 1298 1209 quod
1337 1146 1434 1194 iam
1472 1145 1616 1209 vulgo
1658 1144 1911 1194 ferebatur

224 1235 332 1269 rem
369 1220 617 1284 publicam
649 1221 754 1284 geri
794 1220 901 1268 sine
941 1219 1120 1267 iniuria
1152 1233 1252 1267 non
1290 1234 1450 1283 posse.
1527 1219 1664 1268 Hanc
1702 1219 1908 1284 proinde

227 1296 566 1358 quaestionem
591 1292 950 1342 discutiendam
975 1298 1024 1340 et
1064 1291 1368 1341 enodandam
1407 1308 1516 1342 esse
1556 1292 1794 1342 adsensus
1835 1299 1911 1342 est

227 1367 391 1432 Scipio
431 1366 786 1432 responditque
820 1365 941 1414 nihil
981 1381 1105 1431 esse,
1146 1366 1277 1430 quod
1319 1365 1478 1416 adhuc
1519 1366 1578 1415 de
1618 1381 1672 1415 re
1712 1365 1911 1431 publica

226 1440 412 1490 dictum
435 1446 669 1505 putarent
701 1446 750 1488 et
782 1455 879 1504 quo
910 1445 1114 1504 possent
1146 1439 1341 1504 longius
1371 1440 1619 1506 progredi,
1651 1442 1757 1489 nisi
1779 1446 1911 1489 esset

226 1515 570 1563 confirmatum
609 1529 708 1562 non
740 1513 886 1562 modo
911 1512 1088 1562 falsum
1119 1528 1227 1563 esse
1267 1513 1402 1574 illud,
1443 1516 1549 1563 sine
1588 1515 1769 1563 iniuria
1809 1529 1910 1563 non

223 1603 386 1654 posse,
426 1588 511 1637 sed
544 1587 639 1636 hoc
678 1589 991 1636 verissimum
1029 1602 1162 1653 esse,
1202 1589 1307 1636 sine
1348 1603 1538 1637 summa
1577 1589 1764 1638 iustitia
1802 1603 1911 1637 rem

223 1661 471 1727 publicam
517 1662 623 1726 regi
668 1676 767 1710 non
815 1675 975 1726 posse.
1073 1659 1225 1710 Cuius
1283 1663 1587 1726 quaestionis
1649 1661 1908 1726 explicatio

226 1751 340 1784 cum
384 1738 436 1784 in
484 1735 614 1784 diem
661 1740 1050 1799 consequentem
1095 1734 1241 1784 dilata
1288 1742 1440 1803 esset,
1490 1737 1540 1785 in
1587 1738 1735 1785 tertio
1783 1735 1909 1785 libro

224 1825 399 1874 magna
454 1809 766 1858 conflictione
820 1824 902 1858 res
957 1814 1063 1858 acta
1109 1815 1199 1858 est.
1279 1809 1508 1875 Suscepit
1556 1811 1686 1870 enim
1733 1809 1904 1859 Philus

223 1885 330 1948 ipse
355 1882 738 1948 disputationem
762 1897 950 1948 eorum,
990 1884 1076 1946 qui
1099 1884 1343 1933 sentirent
1382 1885 1486 1933 sine
1526 1885 1765 1933 iniustitia
1803 1885 1905 1948 geri

224 1972 324 2005 non
362 1972 508 2021 posse
547 1971 654 2006 rem
691 1955 952 2021 publicam,
990 1972 1209 2021 purgans
1246 1959 1528 2024 praecipue,
1567 1973 1630 2006 ne
1669 1957 1762 2006 hoc
1801 1959 1907 2022 ipse

226 2032 411 2079 sentire
467 2030 777 2097 crederetur,
833 2032 1030 2094 egitque
1088 2030 1258 2080 sedulo
1311 2047 1401 2096 pro
1447 2033 1687 2081 iniustitia
1737 2037 1909 2080 contra

223 2105 483 2165 iustitiam,
539 2110 595 2152 ut
647 2104 773 2153 hanc
829 2118 938 2153 esse
985 2103 1156 2152 utilem
1203 2106 1277 2153 rei
1315 2105 1564 2171 publicae,
1618 2105 1751 2154 illam
1789 2119 1906 2154 vero

222 2176 462 2243 inutilem,
500 2179 605 2226 veri
630 2177 872 2227 similibus
911 2177 1187 2226 rationibus
1228 2185 1278 2227 et
1317 2179 1552 2244 exemplis
1589 2178 1723 2228 velut
1762 2193 1906 2227 cona-

223 2258 364 2300 retur
403 2251 681 2300 ostendere.
758 2251 885 2300 Tum
925 2250 1119 2300 Laelius
1159 2252 1448 2316 rogantibus
1497 2250 1726 2301 omnibus
1766 2253 1906 2301 iusti·

222 2326 341 2374 tiam
380 2324 644 2374 defendere
669 2324 933 2390 adgressus
974 2331 1050 2373 est
1089 2327 1413 2393 asseruitque,
1454 2332 1692 2391 quantum
1730 2327 1906 2391 potuit,

342 2483 387 2538 8)
419 2481 533 2538 Rep.
566 2486 607 2536 2,
641 2486 711 2524 42.
774 2485 847 2537 20)
881 2482 994 2537 Rep.
1029 2487 1070 2536 2,
1102 2486 1172 2526 44.

342 2649 365 2686 1
399 2643 578 2699 isteque
613 2643 668 2687 01
706 2645 722 2701 Η
756 2648 783 2686 4
814 2643 1128 2688 moderatione
1163 2643 1220 2687 02
1254 2645 1269 2699 ΙΙ
1302 2648 1355 2687 10
1388 2643 1581 2687 afuisset
1611 2643 1779 2697 A1K²‚·
1811 2643 1903 2688 abf.

222 2717 247 2747 v
270 2703 287 2760 ss
312 2708 364 2746 11
397 2702 520 2759 pilus
551 2715 639 2746 mss
661 2704 677 2759 Η
702 2707 757 2746 14
788 2702 888 2759 geri
920 2703 978 2755 0,·
1014 2703 1115 2759 regi
1146 2702 1317 2746 AKFv
1356 2703 1370 2758 ΙΙ
1409 2707 1459 2746 17
1492 2703 1713 2758 putarent
1741 2703 1907 2759 scripsi

222 2762 406 2818 (quod.
484 2762 660 2806 dictum
690 2763 906 2818 putemus
940 2762 1161 2818 Palimps.
1204 2761 1351 2818 Vat.;)
1392 2762 1581 2817 putaret
1610 2761 1782 2804 AKFv
1805 2763 1821 2818 ΙΙ
1844 2766 1901 2804 20

222 2820 323 2876 geri
354 2821 456 2864 Fac
466 2821 567 2864 Vat
602 2823 618 2877 u
652 2826 705 2864 22
757 2820 1047 2865 conflictione
1093 2834 1205 2873 mss;
1245 2818 1584 2900 conflictatione
1629 2834 1654 2864 v
1678 2823 1693 2876 u
1717 2825 1771 2864 23
1804 2820 1905 2877 geri

226 2879 428 2933 OAKR·
459 2879 560 2936 regi
589 2893 616 2924 v
