2020 3122
565 149 632 181 m:
656 146 894 182 01v1TA'rE
917 148 1007 180 DEI
1030 148 1071 181 L.
1096 147 1184 182 ΧΠ.
1209 148 1246 181 0.
1271 149 1325 182 26.
1683 137 1789 189 553

111 263 400 311 creatricem
448 260 692 325 appellare
740 260 999 326 debemus,
1047 260 1134 308 sed
1182 262 1348 324 potius
1386 260 1524 309 illum
1564 262 1649 324 qui
1689 262 1789 309 cui-

110 335 221 384 dam
252 334 431 384 famulo
480 349 569 382 suo
617 333 764 382 dixit:
804 335 1109 394 Priusquam
1141 340 1188 383 te
1221 334 1500 395 formarem
1540 337 1592 382 in
1631 339 1789 394 uterO,

107 412 227 458 novi
263 415 322 458 te.
399 407 462 456 Et
509 408 728 471 quamvis
777 408 935 455 anima
976 409 1045 455 sic
1084 407 1160 455 vel
1201 409 1270 455 sic
1311 408 1482 456 affecta
1519 422 1788 472 praegnan-

108 484 171 531 tis
203 481 359 530 valeat
391 480 635 545 aliquibus
675 480 808 529 velut
847 479 1052 528 induere
1095 480 1410 544 qualitatibus
1451 482 1620 547 fetum,
1662 482 1790 529 sicut

108 555 168 604 de
207 557 355 619 virgis
405 556 601 603 variatis
641 555 758 602 fecit
796 552 963 619 Iacob,
1017 560 1072 602 ut
1111 569 1290 618 pecora
1341 554 1504 603 colore
1550 556 1680 602 varia
1720 556 1787 618 gi·
1822 563 1848 601 5

107 636 400 693 gnerentur:
441 635 666 677 naturam
705 635 870 676 tamen
909 626 1061 692 illam,
1102 643 1226 690 quae
1266 629 1506 693 gignitur,
1547 634 1644 676 tam
1683 630 1788 692 ipsa

106 717 205 751 non
246 703 384 767 fecit,
433 717 579 766 quam
618 717 709 750 nec
749 703 854 765 ipsa
894 716 946 749 se
987 701 1118 749 fecit.
1197 700 1454 757 Quaelibet
1491 703 1642 765 igitur
1682 716 1787 749 cor-

105 775 300 840 porales
339 775 415 824 vel
447 775 707 824 seminales
747 789 922 823 causae
962 774 1220 838 gignendis
1260 773 1410 823 rebus
1451 773 1788 835 adhibeantur,

107 851 207 898 sive
257 847 626 914 operationibus
674 847 962 912 angelorum
1009 855 1093 896 aut
1137 847 1393 896 hominum
1433 854 1517 896 aut
1556 863 1787 911 quorum·

106 938 202 987 que
249 922 531 971 animalium
585 923 685 971 sive
733 923 944 971 marium
1007 922 1399 986 feminarumque
1447 920 1787 986 mixtionibus,
1823 931 1878 970 10

106 995 353 1061 quaelibet
399 997 546 1045 etiam
593 995 837 1044 desideria
883 1002 1106 1044 motusve
1155 997 1342 1043 animae
1390 997 1560 1044 matris
1599 994 1790 1043 valeant

107 1070 289 1134 aliquid
321 1069 718 1118 liniamentorum
760 1076 843 1118 aut
883 1069 1104 1118 colorum
1143 1084 1404 1133 aspergere
1445 1071 1630 1118 teneris
1669 1067 1788 1116 mol·
1832 1065 1835 1066 ⁷

104 1143 334 1207 libusque
376 1142 722 1207 conceptibus:
761 1145 892 1207 ipsas
932 1145 1131 1191 omnino
1172 1149 1372 1191 naturas
1384 1182 1398 1209 ,
1439 1158 1562 1206 quae
1604 1144 1674 1190 sic
1713 1140 1789 1189 vel

105 1219 175 1266 sio
206 1218 259 1265 in
292 1233 381 1265 suo
415 1232 595 1281 genere
629 1217 920 1283 afficiantur,
959 1232 1059 1265 non
1099 1217 1215 1265 facit
1253 1218 1349 1264 nisi
1388 1231 1610 1265 summus
1643 1215 1789 1280 DeUS,

105 1292 247 1340 cuius
302 1290 492 1339 occulta
546 1292 766 1355 potentia
827 1296 1003 1339 cuncta
1054 1296 1321 1354 penetrans
1370 1288 1789 1338 incontaminabili
1823 1298 1878 1338 15

103 1366 383 1429 praesentia
430 1364 547 1412 facit
586 1380 694 1413 esse
736 1363 974 1428 quidquid
1015 1363 1176 1427 aliquo
1217 1363 1360 1412 modo
1404 1371 1499 1428 est,
1545 1365 1597 1412 in
1637 1378 1786 1427 quan-

103 1445 424 1502 tumcumque
473 1445 568 1503 est,
616 1439 730 1502 quia
775 1439 871 1486 nisi
917 1438 1125 1486 faciente
1173 1436 1255 1485 illo
1305 1452 1403 1485 non
1443 1437 1538 1485 tale
1578 1436 1655 1485 vel
1692 1437 1787 1486 tale

105 1518 252 1577 esset,
290 1511 376 1560 sed
408 1526 616 1576 prorsus
649 1526 756 1560 esse
790 1526 890 1559 non
929 1519 1111 1576 posset.
1188 1510 1500 1575 Quapropter
1539 1512 1581 1559 si
1619 1513 1670 1559 in
1708 1511 1789 1559 illa

103 1586 294 1651 specie,
349 1600 495 1649 quam
550 1585 827 1634 forinsecus
882 1584 1221 1650 corporalibus
1271 1585 1472 1649 opifices
1518 1584 1669 1633 rebus
1715 1586 1786 1632 in-

101 1665 309 1724 ponunt,
348 1658 525 1707 urbem
563 1658 769 1708 Romam
809 1666 858 1708 et
896 1658 1072 1707 urbem
1103 1658 1445 1706 Alexandriam
1484 1673 1584 1706 non
1625 1657 1786 1706 fabros
1819 1667 1878 1707 20

107 1738 156 1781 et
196 1732 515 1799 architectOS,
561 1733 647 1781 sed
686 1748 852 1797 regeS,
901 1747 1112 1796 quorum
1157 1731 1405 1780 voluntate
1457 1731 1660 1780 consilio
1699 1733 1786 1779 im—

102 1807 242 1869 perio
284 1805 546 1855 fabricatae
596 1813 734 1871 sunt,
783 1805 914 1854 illam
953 1805 1240 1871 Romulum,
1286 1804 1418 1853 illam
1456 1804 1787 1855 Alexandrum

104 1878 336 1928 habuisse
370 1879 580 1928 dicimus
613 1879 916 1928 conditores:
957 1885 1138 1943 quanto
1170 1880 1336 1943 potius
1367 1893 1466 1926 non
1505 1880 1599 1926 nisi
1631 1878 1787 1927 Deum

104 1951 341 2001 debemus
390 1953 696 2002 conditorem
745 1952 909 2001 dicere
949 1959 1260 2017 naturarum,
1307 1954 1391 2016 qui
1430 1967 1590 2015 neque
1631 1967 1690 2000 ex
1731 1968 1787 2001 ea

104 2028 310 2075 materia
342 2027 457 2075 facit
489 2026 685 2092 aliquid,
726 2041 872 2090 quam
903 2028 1008 2090 ipse
1042 2041 1141 2074 non
1179 2026 1368 2092 fecerit,
1406 2041 1498 2074 nec
1538 2028 1788 2089 operarios
1822 2033 1878 2075 25

100 2099 274 2165 habet,
314 2101 409 2148 nisi
450 2115 573 2163 quos
613 2101 718 2164 ipse
759 2101 1020 2166 creaverit3
1061 2106 1110 2148 et
1149 2101 1191 2147 si
1228 2100 1499 2163 potentiam
1539 2114 1692 2165 suam,
1731 2107 1787 2148 ut

99 2174 168 2222 ita
214 2173 396 2239 dicam,
448 2172 809 2222 fabricatoriam
856 2172 1006 2222 rebus
1055 2171 1332 2238 subtrahat,
1379 2174 1447 2221 ita
1485 2188 1584 2220 non
1624 2180 1786 2238 erunt,

101 2247 231 2295 sicut
269 2253 382 2295 ante
430 2262 577 2310 quam
616 2247 792 2295 fierent
831 2262 930 2295 non
971 2247 1189 2295 fuerunt.
1268 2245 1364 2294 Sed
1405 2253 1515 2295 ante
1557 2246 1666 2295 dico
1707 2261 1783 2294 ae-

99 2321 346 2385 ternitate,
386 2335 485 2368 non
510 2328 747 2385 tempore.
827 2319 948 2377 Quis
982 2322 1112 2368 enim
1152 2319 1274 2368 alius
1316 2327 1509 2369 creator
1548 2327 1624 2368 est
1662 2327 1782 2368 tem-

99 2408 291 2460 porum,
330 2395 426 2442 nisi
466 2395 550 2458 qui
590 2395 706 2443 feeit
745 2409 816 2460 ea,
857 2409 1068 2458 quorum
1106 2392 1322 2442 motibus
1362 2401 1624 2443 currerent
1662 2401 1780 2441 tem·
1815 2401 1872 2440 30

96 2463 252 2530 pora?

218 2595 262 2649 3)
295 2593 497 2656 Hierem.
533 2601 571 2648 1,
605 2599 645 2639 5.
710 2597 753 2650 6)
786 2592 898 2639 Gen.
932 2600 1003 2650 30,
1037 2600 1107 2637 37.

219 2761 244 2800 5
276 2756 409 2800 uario
442 2756 595 2800 colore
628 2757 673 2799 A
697 2757 711 2812 ΙΙ
737 2759 762 2799 8
794 2755 1090 2812 gignentibus
1123 2756 1166 2798 A
1191 2757 1206 2810 ΙΙ
1233 2760 1284 2798 17
1318 2753 1412 2797 tale
1446 2766 1543 2797 esse
1586 2752 1629 2795 V
