2020 3122
247 140 352 192 538
925 149 959 183 S.
984 150 1259 185 AUGUSTINI

245 263 416 328 legunt
469 262 663 312 videant
716 279 742 312 a
797 261 976 327 quibus
1032 265 1374 327 quaestionum
1428 264 1663 328 periculis
1718 263 1929 314 debeant

246 343 538 403 temperare,
577 352 669 386 nec
694 337 753 386 ad
786 338 947 386 omnia
980 351 1032 385 se
1078 336 1281 386 idoneos
1322 336 1625 387 arbitrentur
1662 339 1926 403 potiusque

246 410 532 474 intellegant
571 425 717 474 quam
765 412 828 459 sit
867 410 1086 475 apostolo
1126 410 1566 475 obtemperandum
1604 413 1929 476 praecipienti

178 509 187 517 -
247 483 526 550 salubriter,
565 484 652 533 ubi
691 486 780 534 ait:
831 485 958 534 Dico
1014 490 1179 534 autem
1228 500 1326 547 per
1375 488 1602 546 qratiam
1653 485 1752 534 Dei
1799 500 1929 546 quae

188 567 214 607 5

167 937 221 976 10

162 1422 215 1463 15

164 1792 220 1831 20

164 2157 219 2197 25

163 2528 219 2567 30

247 560 370 607 data
403 563 477 606 est
506 560 630 607 milii
658 559 883 608 omnibus
914 561 1005 619 qai
1031 564 1149 607 sant
1181 560 1232 607 in
1271 559 1422 619 vobiS,
1461 573 1560 607 non
1594 561 1710 620 plus
1748 574 1930 620 sapere

248 646 398 692 qaam
436 637 632 695 oportet
668 647 874 694 sapere,
920 634 1013 681 sed
1047 646 1229 694 sapere
1268 633 1339 680 ad
1375 635 1777 694 temperantiam,
1818 634 1927 681 uni-

249 707 432 766 cuique
461 709 594 755 sicut
624 707 761 755 Deus
794 709 1018 768 partitus
1057 711 1132 755 est
1168 719 1455 754 mensuram
1488 707 1625 765 fidei.
1705 705 1758 754 Si
1797 707 1930 754 enim

246 794 338 843 pro
378 778 565 828 viribus
605 781 707 829 suis
749 779 905 828 alatur
943 779 1121 845 infanS,
1160 779 1258 845 fiet,
1298 785 1354 828 ut
1393 778 1662 828 crescendo
1702 778 1813 843 plus
1853 794 1928 827 ca-

247 854 370 919 piat3
411 855 453 901 si
484 859 648 902 autem
681 854 810 901 vires
844 868 960 901 suae
995 853 1276 917 capacitatis
1309 853 1526 919 excedat,
1566 852 1760 902 deficiet
1793 859 1926 901 ante-

252 941 397 990 quam
438 934 642 976 creseat.

894 1054 1086 1108 CAPUT
1117 1054 1289 1108 XVII.

257 1163 363 1221 Quo
409 1165 553 1212 modo
602 1165 936 1224 intelleyenda
983 1166 1050 1212 sit
1087 1165 1339 1225 promissa
1385 1164 1576 1211 homini
1611 1178 1642 1212 a
1683 1163 1788 1212 Deo
1829 1165 1931 1211 vita

639 1243 851 1286 aeterna
891 1242 1009 1286 ante
1048 1243 1273 1298 tempora
1313 1242 1538 1285 aeterna.

397 1339 532 1397 Quae
596 1339 789 1389 saecula
850 1341 1198 1404 praeterierint
1260 1346 1521 1403 antequam
1581 1353 1738 1403 genus
1792 1339 1931 1387 insti-

246 1419 474 1462 tueretur
503 1413 788 1478 humanum,
827 1428 904 1462 me
939 1414 1095 1462 fateor
1126 1415 1377 1478 ignorare3
1417 1428 1515 1461 non
1556 1419 1720 1461 tamen
1761 1411 1932 1461 dubito

250 1486 372 1535 nihil
418 1489 617 1535 omnino
666 1493 919 1535 creaturae
969 1486 1191 1535 Creatori
1238 1502 1347 1535 esse
1396 1493 1727 1535 coaeternum.
1804 1485 1933 1534 Dicit

250 1562 398 1609 etiam
429 1560 678 1624 apostolus
710 1566 933 1624 tempora
965 1569 1179 1626 aeterna,
1219 1575 1310 1608 nec
1344 1574 1400 1608 ea
1439 1560 1620 1625 futura,
1660 1559 1761 1624 sed,
1801 1558 1932 1624 quod
1999 1598 2002 1600 v

249 1636 401 1698 magis
448 1640 523 1682 est
570 1634 870 1699 mirandum,
909 1636 1188 1698 praeterita.
1268 1633 1350 1682 Sic
1390 1635 1521 1682 enim
1560 1635 1648 1682 ait:
1697 1635 1760 1683 In
1797 1647 1932 1695 spem

249 1711 382 1757 vitae
429 1714 694 1768 aeternae,
742 1722 892 1769 quam
932 1710 1168 1770 promisit
1218 1721 1318 1757 non
1364 1709 1586 1756 mendax
1631 1708 1769 1756 Deus
1816 1714 1934 1756 ante

253 1788 477 1844 tempora
535 1788 778 1839 aeterna;
839 1781 1182 1842 manifestavit
1242 1786 1409 1830 autem
1471 1782 1776 1843 temporibus
1829 1783 1934 1829 sais

248 1857 454 1904 verbum
505 1870 665 1904 saum.
743 1854 873 1904 Ecce
921 1855 1044 1904 dixit
1087 1862 1222 1904 retro
1279 1855 1410 1918 quod
1466 1855 1652 1903 fuerint
1709 1861 1932 1919 tempora

248 1935 462 1994 aeterna,
502 1944 625 1993 quae
658 1936 821 1978 tamen
855 1944 954 1977 non
987 1929 1171 1977 fuerint
1203 1927 1302 1976 Deo
1336 1934 1612 1994 coaeterna,
1654 1930 1695 1977 si
1734 1927 1933 1992 quidem

247 2002 327 2050 ille
377 2010 488 2052 ante
538 2009 761 2067 tempora
808 2010 1007 2051 aeterna
1054 2017 1153 2050 non
1205 2002 1364 2050 solum
1403 2008 1529 2068 erat,
1575 2017 1747 2051 verum
1787 2003 1931 2051 etiam

249 2078 477 2140 promisit
521 2078 667 2124 vitam
724 2082 996 2141 aeternam,
1053 2090 1199 2139 quam
1251 2076 1578 2124 manifestavit
1625 2074 1932 2140 temporibus

251 2151 375 2215 suiS,
428 2150 478 2198 id
534 2156 609 2198 est
663 2152 917 2214 congruiS,
972 2149 1090 2214 quid
1139 2149 1269 2199 aliud
1309 2164 1455 2213 quam
1494 2148 1710 2197 Verbum
1750 2145 1932 2198 suum?

249 2222 353 2271 Hoc
402 2230 478 2271 est
524 2224 655 2271 enim
703 2225 799 2272 vita
846 2230 1058 2272 aeterna.
1137 2222 1244 2280 Quo
1293 2222 1439 2271 modo
1487 2228 1651 2271 autem
1689 2224 1931 2287 promisit,

250 2311 362 2345 cum
396 2295 676 2344 hominibus
708 2298 879 2360 utique
918 2298 1217 2363 promiserit,
1257 2298 1341 2360 qui
1379 2295 1598 2344 nondum
1638 2302 1778 2345 erant
1816 2302 1927 2345 ante

249 2377 472 2434 tempora
526 2375 746 2434 aeterna,
801 2371 897 2418 nisi
952 2371 1064 2434 quia
1111 2372 1161 2418 in
1209 2371 1316 2419 eius
1365 2370 1654 2418 aeternitate
1695 2375 1840 2433 atque
1881 2371 1933 2419 in

249 2445 357 2508 ipso
403 2442 562 2491 Verbo
619 2445 725 2491 eius
787 2442 947 2491 eidem
1009 2449 1271 2492 coaeterno
1325 2444 1423 2491 iam
1483 2442 1930 2507 praedestinatione

249 2517 399 2566 fixum
439 2523 557 2582 erat,
597 2515 726 2580 quod
768 2531 857 2565 suo
896 2523 1118 2580 tempore
1158 2517 1382 2566 futurum
1422 2513 1562 2565 erat?

371 2647 413 2699 7)
447 2643 580 2688 Rom.
614 2647 685 2698 12,
717 2640 758 2688 3.
820 2645 894 2698 21)
929 2643 1018 2686 Tit.
1054 2648 1093 2697 1,
1126 2648 1151 2686 2
1186 2658 1252 2699 sq.

370 2824 397 2862 4
429 2818 504 2863 dei
534 2832 646 2873 mss‚·
677 2832 759 2863 om.
791 2832 817 2863 v
855 2821 870 2874 u
910 2823 935 2862 5
966 2818 1087 2862 inter
1117 2830 1200 2861 uos
1232 2818 1277 2861 A
1311 2819 1327 2875 n
1366 2822 1390 2861 7
1424 2818 1542 2862 sicut,
1570 2834 1645 2863 un.
1678 2832 1705 2863 v
1742 2820 1758 2875 11
1796 2818 1932 2877 28511

253 2878 348 2922 eius
390 2877 548 2931 VAF,·
578 2878 627 2921 in
656 2877 802 2934 ipsius
831 2891 858 2921 v

342 3045 368 3072 fi
