2020 3122
159 945 214 983 10

163 1312 216 1350 15

164 1680 221 1718 20

164 2046 221 2086 25

167 2415 222 2453 30

239 150 346 202 276
910 159 945 193 s.
969 159 1243 194 Aneusmmr

242 275 498 339 indignum
538 279 628 339 est,
668 274 763 321 nisi
802 271 862 320 ad
904 274 1050 322 vitam
1090 287 1389 336 sensumque
1428 273 1762 339 pervenerint,
1802 287 1926 336 quae
1993 330 1997 334 ,

243 362 449 397 munera
489 346 671 395 selecta
709 361 806 395 non
849 346 1031 395 dantur
1070 361 1096 394 3
1136 346 1227 395 (1115
1268 345 1489 411 56166115,
1533 345 1620 394 56(1
1659 360 1686 393 3
1725 345 1926 409 quibus-

242 421 352 469 dam
391 421 654 484 incognitis
695 427 744 468 et
782 435 899 484 prae
939 421 1149 469 istorum
1189 419 1422 483 dignitate
1462 418 1715 482 neglectis,
1786 418 1926 477 Quod

242 496 284 546 si
330 493 662 559 respondetur
709 494 930 542 omnium
980 494 1235 542 initiorum
1286 498 1581 557 potestatem
1628 491 1810 541 habere
1858 492 1927 541 Ia-

243 582 363 616 num
408 574 457 616 et
502 566 614 616 ideo
659 566 730 615 illi
777 568 923 615 etiam
972 567 1103 630 quod
1150 568 1370 631 aperitur
1419 567 1680 630 conceptui
1718 581 1818 614 non
1855 567 1928 615 in-

244 643 423 690 merito
471 639 708 707 adtribui,
761 646 809 689 et
857 642 1076 689 omnium
1123 641 1368 688 seminum
1409 639 1678 688 Saturnum
1726 646 1774 688 et
1818 639 1929 688 ideo

245 716 619 763 seminationem
667 729 863 778 quoque
910 713 1124 762 hominis
1171 728 1270 761 non
1316 728 1462 778 posse
1512 712 1571 761 ab
1613 714 1719 762 eius
1759 728 1929 778 opera-

245 790 434 837 ratione
475 789 689 853 seiungi,
730 788 951 835 omnium
990 788 1235 835 seminum
1275 786 1659 835 emittendorum
1698 786 1932 836 Liberum
1980 844 1996 855 l

246 868 295 910 et
318 860 546 910 Liberam
580 867 628 909 et
659 860 769 909 ideo
804 860 879 908 1115
906 861 1053 908 6113111
1077 875 1323 926 praeesse,
1362 875 1485 923 quae
1527 860 1586 908 ad
1626 859 1929 909 substituen-

247 935 335 983 dos
382 935 607 983 homines
657 935 934 998 pertinent,
983 935 1202 982 omnium
1241 933 1612 997 purgandorum
1653 940 1702 982 et
1739 935 1931 998 parien-

246 1008 422 1056 dorum
473 1007 711 1056 lunonem
763 1014 812 1055 et
858 1006 967 1055 ideo
1019 1022 1127 1054 eam
1180 1022 1280 1055 non
1335 1006 1507 1055 deesse
1557 1006 1933 1071 purgationibus

247 1082 540 1130 seminarum
587 1088 636 1129 et
681 1079 921 1145 partubus
971 1080 1247 1129 hominum:
1295 1087 1534 1143 quaerant
1573 1081 1691 1144 quid
1730 1095 1933 1145 respon-

246 1155 393 1203 deant
424 1155 483 1204 de
509 1153 740 1203 Vitumno
768 1161 816 1202 et
842 1153 1062 1220 SentinO,
1102 1160 1270 1202 utrum
1303 1162 1352 1202 et
1389 1155 1524 1218 ipsos
1563 1153 1713 1203 velint
1752 1153 1934 1203 habere

247 1230 469 1278 omnium
521 1243 645 1292 quae
700 1229 870 1276 vivunt
924 1234 974 1276 et
1028 1229 1248 1276 sentiunt
1301 1234 1610 1292 potestatem.
1697 1227 1839 1285 Quod
1894 1229 1936 1276 si

251 1301 551 1366 concedunt,
606 1301 872 1350 adtendant
928 1316 1073 1364 quam
1128 1316 1212 1350 eos
1267 1300 1526 1350 sublimius
1575 1301 1785 1350 locaturi
1823 1303 1936 1350 sint.

250 1375 372 1423 Nam
428 1374 699 1424 seminibus
753 1376 889 1423 nasci
942 1377 994 1422 in
1050 1380 1183 1423 terra
1234 1382 1282 1423 et
1334 1389 1393 1423 ex
1439 1381 1572 1423 terra
1622 1382 1718 1440 est3
1773 1376 1936 1424 vivere

251 1455 416 1498 autem
463 1455 609 1512 atque
659 1449 845 1496 sentire
893 1450 1039 1496 etiam
1094 1448 1213 1496 deos
1260 1447 1481 1496 sidereos
1528 1450 1806 1513 opinantur.
1885 1448 1938 1498 Si

253 1529 418 1571 autem
459 1522 631 1570 dicunt
671 1520 901 1570 Vitumno
943 1529 1088 1585 atque
1131 1521 1335 1570 Sentino
1374 1521 1496 1570 11366
1537 1522 1638 1570 5613
1678 1521 1938 1588 adtributa,

253 1611 378 1659 quae
426 1597 477 1643 in
524 1610 671 1644 carne
718 1597 973 1643 vivescunt
1021 1602 1069 1643 et
1108 1594 1336 1644 sensibus
1375 1595 1809 1645 adminiculantur:
1847 1610 1938 1644 cur

254 1685 353 1717 non
393 1669 515 1718 deus
545 1668 641 1735 ille,
682 1670 767 1732 qui
805 1669 921 1717 facit
960 1670 1123 1717 omnia
1160 1671 1322 1717 vivere
1364 1675 1510 1732 atque
1552 1671 1752 1735 sentire,
1791 1671 1937 1718 etiam

253 1744 394 1791 carni
435 1743 581 1790 vitam
620 1741 825 1806 praebet
865 1748 914 1791 et
952 1757 1168 1809 sensum,
1207 1742 1471 1791 universali
1511 1757 1659 1807 opere
1699 1743 1793 1791 hoc
1832 1759 1937 1792 mu·

251 1831 348 1865 nus
392 1817 539 1864 etiam
586 1814 827 1880 partubus
868 1813 1130 1865 tribuens?
1185 1823 1234 1864 et
1274 1816 1391 1880 quid
1431 1831 1555 1880 opus
1594 1822 1670 1864 est
1710 1815 1937 1865 Vitumno

250 1897 397 1953 atque
453 1886 695 1937 Sentino‘?
757 1888 898 1946 Quod
947 1891 990 1937 si
1044 1889 1102 1937 ab
1149 1889 1259 1955 illo,
1314 1891 1399 1953 qui
1445 1891 1570 1938 vitae
1622 1896 1671 1938 et
1710 1889 1938 1938 sensibus

251 1962 598 2011 universaliter
628 1963 891 2029 praesidet,
930 1963 1007 2011 his
1039 1965 1179 2027 quasi
1212 1963 1404 2012 famulis
1436 1964 1531 2012 ista
1563 1963 1775 2012 carnalia
1806 1963 1938 2012 velut

254 2042 472 2084 extrema
512 2042 561 2084 et
600 2037 696 2084 ima
736 2038 997 2085 commissa
1037 2042 1174 2086 sunt:
1212 2038 1343 2086 itane
1384 2043 1500 2086 sunt
1538 2036 1608 2086 illi
1647 2036 1818 2086 selecti
1855 2036 1936 2085 de·

254 2110 414 2157 stituti
468 2109 670 2175 familia,
725 2117 780 2160 ut
836 2125 936 2158 non
974 2111 1254 2160 invenirent
1293 2109 1472 2174 quibus
1521 2112 1667 2159 etiam
1712 2112 1808 2175 ipsi
1846 2112 1938 2159 ista

254 2184 651 2248 committerent,
698 2182 784 2231 sed
826 2198 939 2231 cum
977 2190 1079 2232 tota
1111 2199 1199 2233 sua
1238 2183 1513 2250 nobilitate,
1559 2199 1655 2248 qua
1693 2184 1784 2232 visi
1823 2189 1939 2233 sunt
1974 2188 1981 2193 “

254 2255 509 2321 seligendi,
549 2271 673 2320 opus
714 2256 877 2304 facere
919 2272 1031 2305 611111
1070 2255 1369 2321 ignobilibus
1409 2254 1741 2322 cogerentur?
1815 2256 1937 2306 Iuno

254 2329 437 2392 selecta
478 2335 526 2377 et
564 2330 733 2393 regina
771 2329 998 2394 iovisque
1036 2345 1218 2396 „soror
1257 2338 1306 2380 et
1346 2326 1575 2396 coniux“;
1614 2331 1735 2379 haec
1774 2337 1939 2380 tamen

255 2402 483 2451 iterduca
523 2408 598 2450 est
643 2404 813 2466 pueris
862 2409 911 2451 et
950 2418 1075 2468 opus
1115 2404 1230 2452 facit
1269 2419 1382 2453 611111
1422 2403 1606 2453 deabus
1644 2404 1938 2468 lgnobilissi-

255 2478 348 2524 mis
388 2475 586 2524 Abeona
634 2482 683 2523 et
720 2475 932 2524 Adeona.
1010 2476 1082 2526 lbi
1130 2483 1405 2542 posuerunt
1445 2483 1494 2526 et
1530 2477 1744 2527 Mentem
1783 2478 1939 2542 deam,

254 2564 377 2614 quae
419 2549 563 2598 saciat
611 2550 780 2613 pueris
826 2548 1005 2598 bonam
1045 2557 1287 2617 mentem,
1335 2558 1384 2599 et
1423 2552 1554 2600 inter
1595 2551 1807 2600 selectos
1846 2553 1938 2599 ista

253 2638 351 2672 non
391 2625 606 2688 ponitur,
646 2624 786 2686 quasi
824 2624 1087 2686 quicquam
1126 2626 1283 2672 maius
1322 2626 1563 2688 praestari
1601 2624 1787 2673 homini
1825 2638 1936 2688 pos-

254 2698 340 2761 sit3
391 2697 594 2760 ponitur
633 2701 797 2745 autem
837 2695 984 2763 luno,
1033 2698 1146 2761 quia
1184 2697 1410 2746 Iterduca
1450 2704 1525 2747 est
1564 2704 1614 2747 et
1653 2697 1937 2762 Domiduca,
1971 2710 1975 2711 ⁷

373 2887 428 2924 22
462 2881 671 2938 partibus
704 2881 838 2938 AKu
863 2887 917 2925 33
949 2883 1107 2938 potest
1137 2881 1285 2926 AKF
1310 2883 1438 2939 (134,
1469 2887 1529 2937 2,·
1559 2886 1663 2936 151,
1694 2886 1783 2938 22)
1850 2944 1854 2947 η
