<?xml version="1.0" encoding="UTF-8"?>
<!DOCTYPE html PUBLIC "-//W3C//DTD XHTML 1.0 Transitional//EN"
    "http://www.w3.org/TR/xhtml1/DTD/xhtml1-transitional.dtd">
<html xmlns="http://www.w3.org/1999/xhtml" xml:lang="en" lang="en">
 <head>
  <title>
</title>
<meta http-equiv="Content-Type" content="text/html;charset=utf-8" />
  <meta name='ocr-system' content='tesseract 3.04.00' />
  <meta name='ocr-capabilities' content='ocr_page ocr_carea ocr_par ocr_line ocrx_word'/>
</head>
<body>
  <div class='ocr_page' id='page_1' title='image "./decivitatedeilib01auguuoft_0279.png"; bbox 0 0 2020 3122; ppageno 0'>
   <div class='ocr_carea' id='block_1_1' title="bbox 584 131 1790 183">
    <p class='ocr_par' dir='ltr' id='par_1_1' title="bbox 584 131 1790 183">
     <span class='ocr_line' id='line_1_1' title="bbox 584 131 1790 183; baseline 0.012 -13"><span class='ocrx_word' id='word_1_1' title='bbox 584 138 651 170; x_wconf 80' lang='lat' dir='ltr'>DE</span> <span class='ocrx_word' id='word_1_2' title='bbox 677 137 918 171; x_wconf 80' lang='lat' dir='ltr'><strong>CIVITATE</strong></span> <span class='ocrx_word' id='word_1_3' title='bbox 940 139 1028 171; x_wconf 83' lang='lat' dir='ltr'>DEI</span> <span class='ocrx_word' id='word_1_4' title='bbox 1052 140 1093 172; x_wconf 81' lang='lat' dir='ltr'>L.</span> <span class='ocrx_word' id='word_1_5' title='bbox 1118 141 1183 173; x_wconf 76' lang='lat' dir='ltr'>vr.</span> <span class='ocrx_word' id='word_1_6' title='bbox 1201 141 1237 174; x_wconf 88' lang='lat' dir='ltr'>c.</span> <span class='ocrx_word' id='word_1_7' title='bbox 1263 143 1317 175; x_wconf 88' lang='lat'>10.</span> <span class='ocrx_word' id='word_1_8' title='bbox 1684 131 1790 183; x_wconf 83' lang='grc'>267</span> 
     </span>
    </p>
   </div>
   <div class='ocr_carea' id='block_1_2' title="bbox 808 303 1100 359">
    <p class='ocr_par' dir='ltr' id='par_1_2' title="bbox 808 303 1100 359">
     <span class='ocr_line' id='line_1_2' title="bbox 808 303 1100 359; baseline 0.003 -2"><span class='ocrx_word' id='word_1_9' title='bbox 808 303 1004 358; x_wconf 75' lang='lat' dir='ltr'>CAPUT</span> <span class='ocrx_word' id='word_1_10' title='bbox 1036 304 1100 359; x_wconf 89' lang='lat' dir='ltr'>X.</span> 
     </span>
    </p>
   </div>
   <div class='ocr_carea' id='block_1_3' title="bbox 111 412 1793 548">
    <p class='ocr_par' dir='ltr' id='par_1_3' title="bbox 111 412 1793 548">
     <span class='ocr_line' id='line_1_3' title="bbox 111 412 1793 479; baseline 0.002 -17"><span class='ocrx_word' id='word_1_11' title='bbox 111 414 188 464; x_wconf 87' lang='lat' dir='ltr'><strong><em>De</em></strong></span> <span class='ocrx_word' id='word_1_12' title='bbox 226 414 462 463; x_wconf 75' lang='lat' dir='ltr'>libertate</span> <span class='ocrx_word' id='word_1_13' title='bbox 494 412 734 471; x_wconf 76' lang='lat' dir='ltr'><strong><em>Senecae,</em></strong></span> <span class='ocrx_word' id='word_1_14' title='bbox 774 415 863 472; x_wconf 77' lang='lat' dir='ltr'>qui</span> <span class='ocrx_word' id='word_1_15' title='bbox 900 414 1236 462; x_wconf 76' lang='lat' dir='ltr'>vehementius</span> <span class='ocrx_word' id='word_1_16' title='bbox 1275 418 1469 464; x_wconf 76' lang='lat' dir='ltr'>civilem</span> <span class='ocrx_word' id='word_1_17' title='bbox 1510 419 1793 479; x_wconf 68' lang='lat' dir='ltr'>theoloyian</span> 
     </span>
     <span class='ocr_line' id='line_1_4' title="bbox 422 485 1489 548; baseline 0.003 -14"><span class='ocrx_word' id='word_1_18' title='bbox 422 487 753 548; x_wconf 74' lang='lat' dir='ltr'><strong><em>reprehendit</em></strong></span> <span class='ocrx_word' id='word_1_19' title='bbox 790 500 940 546; x_wconf 82' lang='lat' dir='ltr'>quam</span> <span class='ocrx_word' id='word_1_20' title='bbox 992 485 1155 534; x_wconf 81' lang='lat' dir='ltr'>Varro</span> <span class='ocrx_word' id='word_1_21' title='bbox 1190 486 1489 547; x_wconf 79' lang='lat' dir='ltr'><em>fabulosam.</em></span> 
     </span>
    </p>
   </div>
   <div class='ocr_carea' id='block_1_4' title="bbox 109 587 1796 2719">
    <p class='ocr_par' dir='ltr' id='par_1_4' title="bbox 109 587 1796 2719">
     <span class='ocr_line' id='line_1_5' title="bbox 256 587 1793 655; baseline 0.003 -18"><span class='ocrx_word' id='word_1_22' title='bbox 256 587 482 637; x_wconf 81' lang='lat' dir='ltr'>Libertas</span> <span class='ocrx_word' id='word_1_23' title='bbox 530 603 671 655; x_wconf 89' lang='lat' dir='ltr'>sane,</span> <span class='ocrx_word' id='word_1_24' title='bbox 720 603 843 653; x_wconf 90' lang='lat' dir='ltr'>quae</span> <span class='ocrx_word' id='word_1_25' title='bbox 890 588 1006 637; x_wconf 90' lang='lat' dir='ltr'>huic</span> <span class='ocrx_word' id='word_1_26' title='bbox 1047 588 1226 654; x_wconf 83' lang='lat' dir='ltr'>defuit,</span> <span class='ocrx_word' id='word_1_27' title='bbox 1273 604 1334 637; x_wconf 92' lang='lat' dir='ltr'>ne</span> <span class='ocrx_word' id='word_1_28' title='bbox 1375 592 1518 640; x_wconf 87' lang='lat' dir='ltr'>istam</span> <span class='ocrx_word' id='word_1_29' title='bbox 1558 591 1793 642; x_wconf 88' lang='lat' dir='ltr'>urbanam</span> 
     </span>
     <span class='ocr_line' id='line_1_6' title="bbox 111 662 1792 730; baseline 0.002 -18"><span class='ocrx_word' id='word_1_30' title='bbox 111 662 388 727; x_wconf 87' lang='lat' dir='ltr'>theologian</span> <span class='ocrx_word' id='word_1_31' title='bbox 429 662 696 711; x_wconf 81' lang='lat' dir='ltr'>theatricae</span> <span class='ocrx_word' id='word_1_32' title='bbox 737 662 1033 712; x_wconf 85' lang='lat' dir='ltr'>simillimam</span> <span class='ocrx_word' id='word_1_33' title='bbox 1082 668 1250 726; x_wconf 91' lang='lat' dir='ltr'>aperte</span> <span class='ocrx_word' id='word_1_34' title='bbox 1291 664 1419 713; x_wconf 89' lang='lat' dir='ltr'>sicut</span> <span class='ocrx_word' id='word_1_35' title='bbox 1457 663 1587 712; x_wconf 89' lang='lat' dir='ltr'>illam</span> <span class='ocrx_word' id='word_1_36' title='bbox 1626 681 1792 730; x_wconf 89' lang='lat' dir='ltr'>repre-</span> 
     </span>
     <span class='ocr_line' id='line_1_7' title="bbox 109 735 1793 802; baseline 0.001 -16"><span class='ocrx_word' id='word_1_37' title='bbox 109 735 326 786; x_wconf 91' lang='lat' dir='ltr'>hendere</span> <span class='ocrx_word' id='word_1_38' title='bbox 360 735 581 801; x_wconf 78' lang='lat' dir='ltr'>auderet,</span> <span class='ocrx_word' id='word_1_39' title='bbox 620 735 820 785; x_wconf 86' lang='lat' dir='ltr'>Annaeo</span> <span class='ocrx_word' id='word_1_40' title='bbox 855 735 1087 802; x_wconf 82' lang='lat' dir='ltr'>Senecae,</span> <span class='ocrx_word' id='word_1_41' title='bbox 1127 751 1273 801; x_wconf 87' lang='lat' dir='ltr'>quem</span> <span class='ocrx_word' id='word_1_42' title='bbox 1314 737 1562 786; x_wconf 87' lang='lat' dir='ltr'>nonnullis</span> <span class='ocrx_word' id='word_1_43' title='bbox 1601 739 1793 789; x_wconf 89' lang='lat' dir='ltr'>indiciis</span> 
     </span>
     <span class='ocr_line' id='line_1_8' title="bbox 110 809 1794 879; baseline 0.001 -20"><span class='ocrx_word' id='word_1_44' title='bbox 110 812 388 860; x_wconf 89' lang='lat' dir='ltr'>invenimus</span> <span class='ocrx_word' id='word_1_45' title='bbox 453 809 788 874; x_wconf 88' lang='lat' dir='ltr'>apostolorum</span> <span class='ocrx_word' id='word_1_46' title='bbox 843 816 1129 859; x_wconf 89' lang='lat' dir='ltr'>nostrorum</span> <span class='ocrx_word' id='word_1_47' title='bbox 1184 809 1420 859; x_wconf 82' lang='lat' dir='ltr'>claruisse</span> <span class='ocrx_word' id='word_1_48' title='bbox 1474 812 1794 879; x_wconf 80' lang='lat' dir='ltr'>temporibus,</span> 
     </span>
     <span class='ocr_line' id='line_1_9' title="bbox 111 882 1793 950; baseline 0.001 -16"><span class='ocrx_word' id='word_1_49' title='bbox 111 900 210 934; x_wconf 92' lang='lat' dir='ltr'>non</span> <span class='ocrx_word' id='word_1_50' title='bbox 259 883 456 948; x_wconf 89' lang='lat' dir='ltr'>quidem</span> <span class='ocrx_word' id='word_1_51' title='bbox 505 899 564 932; x_wconf 88' lang='lat' dir='ltr'><strong><em>ex</em></strong></span> <span class='ocrx_word' id='word_1_52' title='bbox 613 890 741 950; x_wconf 92' lang='lat' dir='ltr'>toto,</span> <span class='ocrx_word' id='word_1_53' title='bbox 787 899 958 933; x_wconf 88' lang='lat' dir='ltr'>verum</span> <span class='ocrx_word' id='word_1_54' title='bbox 1009 899 1068 932; x_wconf 87' lang='lat' dir='ltr'><strong><em>ex</em></strong></span> <span class='ocrx_word' id='word_1_55' title='bbox 1108 882 1268 947; x_wconf 86' lang='lat' dir='ltr'>aliqua</span> <span class='ocrx_word' id='word_1_56' title='bbox 1306 891 1447 948; x_wconf 88' lang='lat' dir='ltr'>parte</span> <span class='ocrx_word' id='word_1_57' title='bbox 1486 901 1585 934; x_wconf 91' lang='lat' dir='ltr'>non</span> <span class='ocrx_word' id='word_1_58' title='bbox 1626 885 1793 935; x_wconf 86' lang='lat' dir='ltr'>defuit.</span> 
     </span>
     <span class='ocr_line' id='line_1_10' title="bbox 111 957 1795 1026; baseline 0.001 -20"><span class='ocrx_word' id='word_1_59' title='bbox 111 958 277 1007; x_wconf 87' lang='lat' dir='ltr'>Adfuit</span> <span class='ocrx_word' id='word_1_60' title='bbox 331 959 463 1006; x_wconf 90' lang='lat' dir='ltr'>enim</span> <span class='ocrx_word' id='word_1_61' title='bbox 510 957 771 1022; x_wconf 82' lang='lat' dir='ltr'>scribenti,</span> <span class='ocrx_word' id='word_1_62' title='bbox 826 959 1007 1006; x_wconf 87' lang='lat' dir='ltr'>viventi</span> <span class='ocrx_word' id='word_1_63' title='bbox 1056 957 1226 1006; x_wconf 83' lang='lat' dir='ltr'>defuit.</span> <span class='ocrx_word' id='word_1_64' title='bbox 1303 957 1425 1006; x_wconf 88' lang='lat' dir='ltr'>Nam</span> <span class='ocrx_word' id='word_1_65' title='bbox 1464 960 1515 1007; x_wconf 88' lang='lat' dir='ltr'>in</span> <span class='ocrx_word' id='word_1_66' title='bbox 1556 975 1613 1008; x_wconf 93' lang='lat' dir='ltr'>eo</span> <span class='ocrx_word' id='word_1_67' title='bbox 1654 959 1795 1026; x_wconf 79' lang='lat' dir='ltr'>libre,</span> 
     </span>
     <span class='ocr_line' id='line_1_11' title="bbox 112 1031 1793 1098; baseline 0.001 -17"><span class='ocrx_word' id='word_1_68' title='bbox 112 1047 257 1096; x_wconf 90' lang='lat' dir='ltr'>quem</span> <span class='ocrx_word' id='word_1_69' title='bbox 283 1037 455 1080; x_wconf 86' lang='lat' dir='ltr'>contra</span> <span class='ocrx_word' id='word_1_70' title='bbox 478 1032 858 1096; x_wconf 84' lang='lat' dir='ltr'>superstitiones</span> <span class='ocrx_word' id='word_1_71' title='bbox 890 1031 1122 1098; x_wconf 81' lang='lat' dir='ltr'>condidit,</span> <span class='ocrx_word' id='word_1_72' title='bbox 1152 1031 1317 1081; x_wconf 63' lang='lat' dir='ltr'>&#39;multo</span> <span class='ocrx_word' id='word_1_73' title='bbox 1358 1034 1606 1096; x_wconf 82' lang='lat' dir='ltr'>copiosius</span> <span class='ocrx_word' id='word_1_74' title='bbox 1647 1040 1793 1098; x_wconf 87' lang='lat' dir='ltr'>atque</span> 
     </span>
     <span class='ocr_line' id='line_1_12' title="bbox 109 1104 1795 1170; baseline 0.001 -16"><span class='ocrx_word' id='word_1_75' title='bbox 109 1105 448 1155; x_wconf 80' lang='lat' dir='ltr'>vehementius</span> <span class='ocrx_word' id='word_1_76' title='bbox 495 1104 817 1170; x_wconf 86' lang='lat' dir='ltr'>reprehendit</span> <span class='ocrx_word' id='word_1_77' title='bbox 869 1107 973 1170; x_wconf 89' lang='lat' dir='ltr'>ipse</span> <span class='ocrx_word' id='word_1_78' title='bbox 1030 1104 1223 1154; x_wconf 85' lang='lat' dir='ltr'>civilem</span> <span class='ocrx_word' id='word_1_79' title='bbox 1269 1107 1414 1154; x_wconf 89' lang='lat' dir='ltr'>istam</span> <span class='ocrx_word' id='word_1_80' title='bbox 1461 1112 1508 1155; x_wconf 92' lang='lat' dir='ltr'>et</span> <span class='ocrx_word' id='word_1_81' title='bbox 1556 1106 1795 1156; x_wconf 84' lang='lat' dir='ltr'>urbanam</span> 
     </span>
     <span class='ocr_line' id='line_1_13' title="bbox 110 1177 1795 1244; baseline 0.001 -16"><span class='ocrx_word' id='word_1_82' title='bbox 110 1178 388 1244; x_wconf 86' lang='lat' dir='ltr'>theologian</span> <span class='ocrx_word' id='word_1_83' title='bbox 428 1194 575 1243; x_wconf 84' lang='lat' dir='ltr'>quam</span> <span class='ocrx_word' id='word_1_84' title='bbox 613 1177 766 1227; x_wconf 89' lang='lat' dir='ltr'>Varro</span> <span class='ocrx_word' id='word_1_85' title='bbox 807 1178 1096 1228; x_wconf 83' lang='lat' dir='ltr'>theatricam</span> <span class='ocrx_word' id='word_1_86' title='bbox 1137 1185 1283 1243; x_wconf 88' lang='lat' dir='ltr'>atque</span> <span class='ocrx_word' id='word_1_87' title='bbox 1324 1178 1608 1229; x_wconf 88' lang='lat' dir='ltr'>fabulosam.</span> <span class='ocrx_word' id='word_1_88' title='bbox 1673 1179 1795 1230; x_wconf 89' lang='lat' dir='ltr'>Cum</span> 
     </span>
     <span class='ocr_line' id='line_1_14' title="bbox 111 1252 1795 1321; baseline 0 -19"><span class='ocrx_word' id='word_1_89' title='bbox 111 1254 242 1302; x_wconf 90' lang='lat' dir='ltr'>enim</span> <span class='ocrx_word' id='word_1_90' title='bbox 297 1252 356 1301; x_wconf 90' lang='lat' dir='ltr'>de</span> <span class='ocrx_word' id='word_1_91' title='bbox 409 1252 684 1301; x_wconf 88' lang='lat' dir='ltr'>simulacris</span> <span class='ocrx_word' id='word_1_92' title='bbox 740 1259 929 1317; x_wconf 85' lang='lat' dir='ltr'>ageret:</span> <span class='ocrx_word' id='word_1_93' title='bbox 981 1252 1221 1318; x_wconf 81' lang='lat' dir='ltr'>„SacrOS,</span> <span class='ocrx_word' id='word_1_94' title='bbox 1271 1255 1455 1319; x_wconf 89' lang='lat' dir='ltr'>inquit,</span> <span class='ocrx_word' id='word_1_95' title='bbox 1494 1254 1795 1321; x_wconf 79' lang='lat' dir='ltr'>inmortaleS,</span> 
     </span>
     <span class='ocr_line' id='line_1_15' title="bbox 111 1325 1795 1393; baseline 0.001 -17"><span class='ocrx_word' id='word_1_96' title='bbox 111 1325 413 1376; x_wconf 88' lang='lat' dir='ltr'>inviolabiles</span> <span class='ocrx_word' id='word_1_97' title='bbox 466 1328 516 1374; x_wconf 90' lang='lat' dir='ltr'>in</span> <span class='ocrx_word' id='word_1_98' title='bbox 569 1327 773 1375; x_wconf 89' lang='lat' dir='ltr'>materia</span> <span class='ocrx_word' id='word_1_99' title='bbox 819 1326 1051 1375; x_wconf 88' lang='lat' dir='ltr'>vilissima</span> <span class='ocrx_word' id='word_1_100' title='bbox 1099 1333 1244 1390; x_wconf 88' lang='lat' dir='ltr'>atque</span> <span class='ocrx_word' id='word_1_101' title='bbox 1292 1326 1515 1376; x_wconf 88' lang='lat' dir='ltr'>inmobili</span> <span class='ocrx_word' id='word_1_102' title='bbox 1554 1327 1795 1393; x_wconf 85' lang='lat' dir='ltr'>dedicant,</span> 
     </span>
     <span class='ocr_line' id='line_1_16' title="bbox 112 1399 1795 1467; baseline 0.001 -19"><span class='ocrx_word' id='word_1_103' title='bbox 112 1399 307 1450; x_wconf 85' lang='lat' dir='ltr'>habitus</span> <span class='ocrx_word' id='word_1_104' title='bbox 360 1399 456 1448; x_wconf 93' lang='lat' dir='ltr'>illis</span> <span class='ocrx_word' id='word_1_105' title='bbox 518 1399 773 1448; x_wconf 89' lang='lat' dir='ltr'>hominum</span> <span class='ocrx_word' id='word_1_106' title='bbox 829 1400 1144 1464; x_wconf 87' lang='lat' dir='ltr'>ferarumque</span> <span class='ocrx_word' id='word_1_107' title='bbox 1202 1406 1250 1449; x_wconf 87' lang='lat' dir='ltr'>et</span> <span class='ocrx_word' id='word_1_108' title='bbox 1306 1402 1543 1467; x_wconf 88' lang='lat' dir='ltr'>piscium,</span> <span class='ocrx_word' id='word_1_109' title='bbox 1598 1402 1795 1465; x_wconf 85' lang='lat' dir='ltr'>quidam</span> 
     </span>
     <span class='ocr_line' id='line_1_17' title="bbox 112 1473 1796 1540; baseline 0.001 -17"><span class='ocrx_word' id='word_1_110' title='bbox 112 1489 228 1523; x_wconf 86' lang='lat' dir='ltr'>vero</span> <span class='ocrx_word' id='word_1_111' title='bbox 283 1475 435 1522; x_wconf 89' lang='lat' dir='ltr'>mixto</span> <span class='ocrx_word' id='word_1_112' title='bbox 492 1489 635 1539; x_wconf 86' lang='lat' dir='ltr'>sexu,</span> <span class='ocrx_word' id='word_1_113' title='bbox 691 1473 897 1523; x_wconf 86' lang='lat' dir='ltr'>diversis</span> <span class='ocrx_word' id='word_1_114' title='bbox 953 1473 1258 1538; x_wconf 81' lang='lat' dir='ltr'>corporibus</span> <span class='ocrx_word' id='word_1_115' title='bbox 1300 1474 1539 1540; x_wconf 82' lang='lat' dir='ltr'>induunt3</span> <span class='ocrx_word' id='word_1_116' title='bbox 1595 1477 1796 1524; x_wconf 86' lang='lat' dir='ltr'>numina</span> 
     </span>
     <span class='ocr_line' id='line_1_18' title="bbox 111 1547 1794 1615; baseline 0.002 -20"><span class='ocrx_word' id='word_1_117' title='bbox 111 1553 300 1614; x_wconf 85' lang='lat' dir='ltr'>vocant,</span> <span class='ocrx_word' id='word_1_118' title='bbox 340 1562 463 1612; x_wconf 84' lang='lat' dir='ltr'>quae</span> <span class='ocrx_word' id='word_1_119' title='bbox 490 1548 532 1596; x_wconf 91' lang='lat' dir='ltr'>si</span> <span class='ocrx_word' id='word_1_120' title='bbox 556 1548 734 1612; x_wconf 89' lang='lat' dir='ltr'>spiritu</span> <span class='ocrx_word' id='word_1_121' title='bbox 767 1554 968 1613; x_wconf 90' lang='lat' dir='ltr'>accepto</span> <span class='ocrx_word' id='word_1_122' title='bbox 1002 1547 1165 1597; x_wconf 88' lang='lat' dir='ltr'>subito</span> <span class='ocrx_word' id='word_1_123' title='bbox 1199 1555 1536 1615; x_wconf 89' lang='lat' dir='ltr'>occurrerent,</span> <span class='ocrx_word' id='word_1_124' title='bbox 1575 1555 1794 1598; x_wconf 87' lang='lat' dir='ltr'>monstra</span> 
     </span>
     <span class='ocr_line' id='line_1_19' title="bbox 111 1616 1794 1688; baseline 0.001 -18"><span class='ocrx_word' id='word_1_125' title='bbox 111 1616 460 1670; x_wconf 85' lang='lat' dir='ltr'>haberentur.“</span> <span class='ocrx_word' id='word_1_126' title='bbox 535 1620 721 1671; x_wconf 90' lang='lat' dir='ltr'>Deinde</span> <span class='ocrx_word' id='word_1_127' title='bbox 754 1620 1001 1686; x_wconf 85' lang='lat' dir='ltr'>aliquanto</span> <span class='ocrx_word' id='word_1_128' title='bbox 1033 1628 1161 1688; x_wconf 89' lang='lat' dir='ltr'>post,</span> <span class='ocrx_word' id='word_1_129' title='bbox 1201 1636 1315 1670; x_wconf 91' lang='lat' dir='ltr'>cum</span> <span class='ocrx_word' id='word_1_130' title='bbox 1346 1621 1624 1686; x_wconf 85' lang='lat' dir='ltr'>theologian</span> <span class='ocrx_word' id='word_1_131' title='bbox 1656 1629 1794 1672; x_wconf 82' lang='lat' dir='ltr'>natu-</span> 
     </span>
     <span class='ocr_line' id='line_1_20' title="bbox 113 1694 1795 1760; baseline 0.001 -17"><span class='ocrx_word' id='word_1_132' title='bbox 113 1695 266 1744; x_wconf 84' lang='lat' dir='ltr'>ralem</span> <span class='ocrx_word' id='word_1_133' title='bbox 331 1694 620 1760; x_wconf 87' lang='lat' dir='ltr'>praedicans</span> <span class='ocrx_word' id='word_1_134' title='bbox 687 1695 998 1760; x_wconf 89' lang='lat' dir='ltr'>quorundam</span> <span class='ocrx_word' id='word_1_135' title='bbox 1057 1694 1464 1760; x_wconf 89' lang='lat' dir='ltr'>philosophorum</span> <span class='ocrx_word' id='word_1_136' title='bbox 1526 1698 1795 1745; x_wconf 85' lang='lat' dir='ltr'>sententias</span> 
     </span>
     <span class='ocr_line' id='line_1_21' title="bbox 114 1767 1793 1835; baseline 0 -18"><span class='ocrx_word' id='word_1_137' title='bbox 114 1768 421 1835; x_wconf 86' lang='lat' dir='ltr'>digessisset,</span> <span class='ocrx_word' id='word_1_138' title='bbox 468 1770 700 1834; x_wconf 89' lang='lat' dir='ltr'>opposuit</span> <span class='ocrx_word' id='word_1_139' title='bbox 747 1768 842 1817; x_wconf 89' lang='lat' dir='ltr'>sibi</span> <span class='ocrx_word' id='word_1_140' title='bbox 890 1771 1226 1833; x_wconf 89' lang='lat' dir='ltr'>quaestionem</span> <span class='ocrx_word' id='word_1_141' title='bbox 1276 1775 1325 1816; x_wconf 92' lang='lat' dir='ltr'>et</span> <span class='ocrx_word' id='word_1_142' title='bbox 1365 1770 1450 1818; x_wconf 88' lang='lat' dir='ltr'>ait:</span> <span class='ocrx_word' id='word_1_143' title='bbox 1511 1767 1647 1835; x_wconf 92' lang='lat' dir='ltr'>„Hoc</span> <span class='ocrx_word' id='word_1_144' title='bbox 1686 1769 1793 1818; x_wconf 91' lang='lat' dir='ltr'>loco</span> 
     </span>
     <span class='ocr_line' id='line_1_22' title="bbox 114 1841 1796 1906; baseline 0.001 -15"><span class='ocrx_word' id='word_1_145' title='bbox 114 1842 232 1891; x_wconf 91' lang='lat' dir='ltr'>dicit</span> <span class='ocrx_word' id='word_1_146' title='bbox 271 1841 467 1906; x_wconf 86' lang='lat' dir='ltr'>aliquis:</span> <span class='ocrx_word' id='word_1_147' title='bbox 521 1841 727 1891; x_wconf 91' lang='lat' dir='ltr'>Credam</span> <span class='ocrx_word' id='word_1_148' title='bbox 767 1857 856 1906; x_wconf 86' lang='lat' dir='ltr'>ego</span> <span class='ocrx_word' id='word_1_149' title='bbox 898 1841 1088 1890; x_wconf 89' lang='lat' dir='ltr'>caelum</span> <span class='ocrx_word' id='word_1_150' title='bbox 1128 1848 1177 1890; x_wconf 90' lang='lat' dir='ltr'>et</span> <span class='ocrx_word' id='word_1_151' title='bbox 1216 1848 1400 1891; x_wconf 88' lang='lat' dir='ltr'>terram</span> <span class='ocrx_word' id='word_1_152' title='bbox 1439 1842 1557 1891; x_wconf 86' lang='lat' dir='ltr'>deos</span> <span class='ocrx_word' id='word_1_153' title='bbox 1597 1857 1705 1891; x_wconf 89' lang='lat' dir='ltr'>esse</span> <span class='ocrx_word' id='word_1_154' title='bbox 1747 1850 1796 1892; x_wconf 90' lang='lat' dir='ltr'>et</span> 
     </span>
     <span class='ocr_line' id='line_1_23' title="bbox 115 1912 1794 1981; baseline 0 -17"><span class='ocrx_word' id='word_1_155' title='bbox 115 1930 265 1980; x_wconf 85' lang='lat' dir='ltr'>supra</span> <span class='ocrx_word' id='word_1_156' title='bbox 301 1915 470 1964; x_wconf 85' lang='lat' dir='ltr'>lunam</span> <span class='ocrx_word' id='word_1_157' title='bbox 509 1915 650 1981; x_wconf 83' lang='lat' dir='ltr'>alios,</span> <span class='ocrx_word' id='word_1_158' title='bbox 698 1916 823 1964; x_wconf 83' lang='lat' dir='ltr'>infra</span> <span class='ocrx_word' id='word_1_159' title='bbox 865 1912 1022 1964; x_wconf 75' lang='lat' dir='ltr'>alios?</span> <span class='ocrx_word' id='word_1_160' title='bbox 1082 1914 1185 1980; x_wconf 87' lang='lat' dir='ltr'>Ego</span> <span class='ocrx_word' id='word_1_161' title='bbox 1226 1916 1379 1964; x_wconf 89' lang='lat' dir='ltr'>feram</span> <span class='ocrx_word' id='word_1_162' title='bbox 1420 1923 1503 1965; x_wconf 89' lang='lat' dir='ltr'>aut</span> <span class='ocrx_word' id='word_1_163' title='bbox 1540 1915 1794 1965; x_wconf 85' lang='lat' dir='ltr'>Platonem</span> 
     </span>
     <span class='ocr_line' id='line_1_24' title="bbox 114 1987 1795 2054; baseline 0 -16"><span class='ocrx_word' id='word_1_164' title='bbox 114 1995 198 2038; x_wconf 86' lang='lat' dir='ltr'>aut</span> <span class='ocrx_word' id='word_1_165' title='bbox 250 1988 634 2053; x_wconf 86' lang='lat' dir='ltr'>Peripateticum</span> <span class='ocrx_word' id='word_1_166' title='bbox 690 1987 992 2054; x_wconf 86' lang='lat' dir='ltr'>Stratonem,</span> <span class='ocrx_word' id='word_1_167' title='bbox 1049 2004 1259 2053; x_wconf 91' lang='lat' dir='ltr'>quorum</span> <span class='ocrx_word' id='word_1_168' title='bbox 1315 1988 1438 2038; x_wconf 86' lang='lat' dir='ltr'>alter</span> <span class='ocrx_word' id='word_1_169' title='bbox 1484 1990 1602 2038; x_wconf 87' lang='lat' dir='ltr'>fecit</span> <span class='ocrx_word' id='word_1_170' title='bbox 1648 1989 1795 2038; x_wconf 90' lang='lat' dir='ltr'>deum</span> 
     </span>
     <span class='ocr_line' id='line_1_25' title="bbox 114 2058 1794 2128; baseline 0.001 -17"><span class='ocrx_word' id='word_1_171' title='bbox 114 2065 220 2112; x_wconf 88' lang='lat' dir='ltr'>sine</span> <span class='ocrx_word' id='word_1_172' title='bbox 262 2077 492 2127; x_wconf 90' lang='lat' dir='ltr'>corpore,</span> <span class='ocrx_word' id='word_1_173' title='bbox 532 2061 654 2111; x_wconf 89' lang='lat' dir='ltr'>alter</span> <span class='ocrx_word' id='word_1_174' title='bbox 694 2064 799 2111; x_wconf 93' lang='lat' dir='ltr'>sine</span> <span class='ocrx_word' id='word_1_175' title='bbox 841 2058 1069 2111; x_wconf 77' lang='lat' dir='ltr'>animo?“</span> <span class='ocrx_word' id='word_1_176' title='bbox 1134 2061 1196 2111; x_wconf 90' lang='lat' dir='ltr'>Et</span> <span class='ocrx_word' id='word_1_177' title='bbox 1236 2062 1294 2111; x_wconf 87' lang='lat' dir='ltr'>ad</span> <span class='ocrx_word' id='word_1_178' title='bbox 1333 2061 1427 2111; x_wconf 90' lang='lat' dir='ltr'>hoc</span> <span class='ocrx_word' id='word_1_179' title='bbox 1466 2063 1794 2128; x_wconf 90' lang='lat' dir='ltr'>respondens:</span> 
     </span>
     <span class='ocr_line' id='line_1_26' title="bbox 112 2135 1794 2203; baseline 0 -18"><span class='ocrx_word' id='word_1_180' title='bbox 112 2135 271 2203; x_wconf 87' lang='lat' dir='ltr'>„Quid</span> <span class='ocrx_word' id='word_1_181' title='bbox 312 2151 429 2200; x_wconf 86' lang='lat' dir='ltr'>ergo</span> <span class='ocrx_word' id='word_1_182' title='bbox 468 2135 687 2202; x_wconf 84' lang='lat' dir='ltr'>tandem,</span> <span class='ocrx_word' id='word_1_183' title='bbox 725 2137 908 2202; x_wconf 89' lang='lat' dir='ltr'>inquit,</span> <span class='ocrx_word' id='word_1_184' title='bbox 947 2137 1137 2185; x_wconf 86' lang='lat' dir='ltr'>veriora</span> <span class='ocrx_word' id='word_1_185' title='bbox 1176 2135 1266 2185; x_wconf 89' lang='lat' dir='ltr'>tibi</span> <span class='ocrx_word' id='word_1_186' title='bbox 1305 2136 1533 2186; x_wconf 88' lang='lat' dir='ltr'>videntur</span> <span class='ocrx_word' id='word_1_187' title='bbox 1572 2136 1626 2186; x_wconf 90' lang='lat' dir='ltr'>T.</span> <span class='ocrx_word' id='word_1_188' title='bbox 1667 2136 1794 2185; x_wconf 88' lang='lat' dir='ltr'>Tatii</span> 
     </span>
     <span class='ocr_line' id='line_1_27' title="bbox 115 2207 1795 2259; baseline 0 0"><span class='ocrx_word' id='word_1_189' title='bbox 115 2216 199 2259; x_wconf 82' lang='lat' dir='ltr'>aut</span> <span class='ocrx_word' id='word_1_190' title='bbox 236 2209 432 2258; x_wconf 90' lang='lat' dir='ltr'>Romuli</span> <span class='ocrx_word' id='word_1_191' title='bbox 472 2216 556 2258; x_wconf 88' lang='lat' dir='ltr'>aut</span> <span class='ocrx_word' id='word_1_192' title='bbox 595 2209 724 2258; x_wconf 90' lang='lat' dir='ltr'>Tulli</span> <span class='ocrx_word' id='word_1_193' title='bbox 762 2209 957 2258; x_wconf 85' lang='lat' dir='ltr'>Hostilii</span> <span class='ocrx_word' id='word_1_194' title='bbox 1006 2207 1229 2258; x_wconf 77' lang='lat' dir='ltr'>somnia?</span> <span class='ocrx_word' id='word_1_195' title='bbox 1307 2209 1583 2259; x_wconf 87' lang='lat' dir='ltr'>Cloacinam</span> <span class='ocrx_word' id='word_1_196' title='bbox 1623 2210 1795 2259; x_wconf 90' lang='lat' dir='ltr'>Tatius</span> 
     </span>
     <span class='ocr_line' id='line_1_28' title="bbox 116 2282 1794 2351; baseline 0 -19"><span class='ocrx_word' id='word_1_197' title='bbox 116 2283 356 2333; x_wconf 85' lang='lat' dir='ltr'>dedicavit</span> <span class='ocrx_word' id='word_1_198' title='bbox 401 2282 564 2349; x_wconf 89' lang='lat' dir='ltr'>deam,</span> <span class='ocrx_word' id='word_1_199' title='bbox 611 2282 786 2332; x_wconf 89' lang='lat' dir='ltr'>Picum</span> <span class='ocrx_word' id='word_1_200' title='bbox 825 2282 1214 2348; x_wconf 88' lang='lat' dir='ltr'>Tiberinumque</span> <span class='ocrx_word' id='word_1_201' title='bbox 1254 2283 1517 2351; x_wconf 79' lang='lat' dir='ltr'>RomulUS,</span> <span class='ocrx_word' id='word_1_202' title='bbox 1556 2283 1794 2332; x_wconf 85' lang='lat' dir='ltr'>Hostilius</span> 
     </span>
     <span class='ocr_line' id='line_1_29' title="bbox 115 2355 1794 2421; baseline -0.001 -15"><span class='ocrx_word' id='word_1_203' title='bbox 115 2355 353 2406; x_wconf 90' lang='lat' dir='ltr'>Pavorem</span> <span class='ocrx_word' id='word_1_204' title='bbox 403 2363 549 2420; x_wconf 89' lang='lat' dir='ltr'>atque</span> <span class='ocrx_word' id='word_1_205' title='bbox 604 2355 847 2405; x_wconf 88' lang='lat' dir='ltr'>Pallorem</span> <span class='ocrx_word' id='word_1_206' title='bbox 902 2359 1213 2406; x_wconf 84' lang='lat' dir='ltr'>taeterrimos</span> <span class='ocrx_word' id='word_1_207' title='bbox 1267 2357 1521 2406; x_wconf 91' lang='lat' dir='ltr'>hominum</span> <span class='ocrx_word' id='word_1_208' title='bbox 1576 2358 1794 2421; x_wconf 86' lang='lat' dir='ltr'>affectus,</span> 
     </span>
     <span class='ocr_line' id='line_1_30' title="bbox 117 2430 1792 2497; baseline -0.001 -19"><span class='ocrx_word' id='word_1_209' title='bbox 117 2444 326 2494; x_wconf 88' lang='lat' dir='ltr'>quorum</span> <span class='ocrx_word' id='word_1_210' title='bbox 361 2430 482 2479; x_wconf 88' lang='lat' dir='ltr'>alter</span> <span class='ocrx_word' id='word_1_211' title='bbox 515 2431 694 2479; x_wconf 90' lang='lat' dir='ltr'>mentis</span> <span class='ocrx_word' id='word_1_212' title='bbox 732 2432 934 2479; x_wconf 88' lang='lat' dir='ltr'>territae</span> <span class='ocrx_word' id='word_1_213' title='bbox 974 2438 1138 2480; x_wconf 90' lang='lat' dir='ltr'>motus</span> <span class='ocrx_word' id='word_1_214' title='bbox 1179 2437 1268 2497; x_wconf 88' lang='lat' dir='ltr'>est,</span> <span class='ocrx_word' id='word_1_215' title='bbox 1308 2430 1431 2479; x_wconf 88' lang='lat' dir='ltr'>alter</span> <span class='ocrx_word' id='word_1_216' title='bbox 1471 2432 1693 2495; x_wconf 88' lang='lat' dir='ltr'>corporis</span> <span class='ocrx_word' id='word_1_217' title='bbox 1732 2445 1792 2477; x_wconf 90' lang='lat' dir='ltr'>ne</span> 
     </span>
     <span class='ocr_line' id='line_1_31' title="bbox 116 2502 1792 2570; baseline -0.001 -19"><span class='ocrx_word' id='word_1_218' title='bbox 116 2502 317 2552; x_wconf 85' lang='lat' dir='ltr'>morbus</span> <span class='ocrx_word' id='word_1_219' title='bbox 369 2503 590 2570; x_wconf 91' lang='lat' dir='ltr'>quidem,</span> <span class='ocrx_word' id='word_1_220' title='bbox 639 2503 724 2552; x_wconf 90' lang='lat' dir='ltr'>sed</span> <span class='ocrx_word' id='word_1_221' title='bbox 772 2503 920 2552; x_wconf 88' lang='lat' dir='ltr'>color.</span> <span class='ocrx_word' id='word_1_222' title='bbox 997 2503 1128 2553; x_wconf 89' lang='lat' dir='ltr'>Haec</span> <span class='ocrx_word' id='word_1_223' title='bbox 1176 2506 1377 2553; x_wconf 87' lang='lat' dir='ltr'>numina</span> <span class='ocrx_word' id='word_1_224' title='bbox 1416 2505 1581 2567; x_wconf 89' lang='lat' dir='ltr'>potius</span> <span class='ocrx_word' id='word_1_225' title='bbox 1622 2502 1792 2551; x_wconf 90' lang='lat' dir='ltr'>credes</span> 
     </span>
     <span class='ocr_line' id='line_1_32' title="bbox 116 2572 1792 2642; baseline -0.001 -18"><span class='ocrx_word' id='word_1_226' title='bbox 116 2582 165 2625; x_wconf 92' lang='lat' dir='ltr'>et</span> <span class='ocrx_word' id='word_1_227' title='bbox 204 2577 337 2625; x_wconf 90' lang='lat' dir='ltr'>caelo</span> <span class='ocrx_word' id='word_1_228' title='bbox 376 2572 655 2641; x_wconf 72' lang='lat' dir='ltr'>recipies?“</span> <span class='ocrx_word' id='word_1_229' title='bbox 691 2577 759 2626; x_wconf 90' lang='lat' dir='ltr'><strong><em>De</em></strong></span> <span class='ocrx_word' id='word_1_230' title='bbox 799 2579 919 2642; x_wconf 91' lang='lat' dir='ltr'>ipsis</span> <span class='ocrx_word' id='word_1_231' title='bbox 958 2593 1074 2626; x_wconf 89' lang='lat' dir='ltr'>vero</span> <span class='ocrx_word' id='word_1_232' title='bbox 1117 2577 1292 2626; x_wconf 89' lang='lat' dir='ltr'>ritibus</span> <span class='ocrx_word' id='word_1_233' title='bbox 1333 2576 1600 2625; x_wconf 89' lang='lat' dir='ltr'>crudeliter</span> <span class='ocrx_word' id='word_1_234' title='bbox 1638 2577 1792 2639; x_wconf 91' lang='lat' dir='ltr'>turpi-</span> 
     </span>
     <span class='ocr_line' id='line_1_33' title="bbox 116 2648 1794 2719; baseline -0.002 -21"><span class='ocrx_word' id='word_1_235' title='bbox 116 2648 209 2698; x_wconf 89' lang='lat' dir='ltr'>bus</span> <span class='ocrx_word' id='word_1_236' title='bbox 249 2665 395 2713; x_wconf 82' lang='lat' dir='ltr'>quam</span> <span class='ocrx_word' id='word_1_237' title='bbox 434 2649 586 2699; x_wconf 90' lang='lat' dir='ltr'>libere</span> <span class='ocrx_word' id='word_1_238' title='bbox 628 2649 847 2716; x_wconf 74' lang='lat' dir='ltr'>scripsit!</span> <span class='ocrx_word' id='word_1_239' title='bbox 908 2650 1040 2719; x_wconf 90' lang='lat' dir='ltr'>„Ille,</span> <span class='ocrx_word' id='word_1_240' title='bbox 1078 2653 1254 2715; x_wconf 89' lang='lat' dir='ltr'>inquit,</span> <span class='ocrx_word' id='word_1_241' title='bbox 1292 2649 1456 2697; x_wconf 87' lang='lat' dir='ltr'>viriles</span> <span class='ocrx_word' id='word_1_242' title='bbox 1498 2648 1590 2697; x_wconf 88' lang='lat' dir='ltr'>sibi</span> <span class='ocrx_word' id='word_1_243' title='bbox 1628 2655 1794 2712; x_wconf 89' lang='lat' dir='ltr'>partes</span> 
     </span>
    </p>
   </div>
   <div class='ocr_carea' id='block_1_5' title="bbox 115 2802 1794 2919">
    <p class='ocr_par' dir='ltr' id='par_1_5' title="bbox 115 2802 1794 2919">
     <span class='ocr_line' id='line_1_34' title="bbox 241 2802 1794 2863; baseline -0.004 -13"><span class='ocrx_word' id='word_1_244' title='bbox 241 2812 295 2849; x_wconf 81' lang='lat'>14</span> <span class='ocrx_word' id='word_1_245' title='bbox 327 2807 487 2850; x_wconf 74' lang='lat' dir='ltr'>dicant</span> <span class='ocrx_word' id='word_1_246' title='bbox 516 2805 587 2849; x_wconf 86' lang='lat' dir='ltr'>K¹</span> <span class='ocrx_word' id='word_1_247' title='bbox 609 2806 624 2861; x_wconf 85' lang='grc' dir='ltr'>ΙΙ</span> <span class='ocrx_word' id='word_1_248' title='bbox 648 2811 701 2850; x_wconf 84' lang='grc'>21</span> <span class='ocrx_word' id='word_1_249' title='bbox 737 2806 863 2851; x_wconf 76' lang='lat' dir='ltr'>dicei:</span> <span class='ocrx_word' id='word_1_250' title='bbox 893 2806 963 2850; x_wconf 86' lang='grc' dir='ltr'>Κ1</span> <span class='ocrx_word' id='word_1_251' title='bbox 987 2808 1002 2863; x_wconf 70' lang='grc' dir='ltr'>Η</span> <span class='ocrx_word' id='word_1_252' title='bbox 1026 2810 1080 2850; x_wconf 83' lang='grc'>25</span> <span class='ocrx_word' id='word_1_253' title='bbox 1113 2820 1176 2862; x_wconf 76' lang='lat' dir='ltr'>sq.</span> <span class='ocrx_word' id='word_1_254' title='bbox 1207 2804 1298 2849; x_wconf 66' lang='lat' dir='ltr'>‘cati</span> <span class='ocrx_word' id='word_1_255' title='bbox 1331 2840 1339 2850; x_wconf 93' lang='lat'>.</span> <span class='ocrx_word' id='word_1_256' title='bbox 1374 2840 1384 2850; x_wconf 84' lang='lat'><strong>.</strong></span> <span class='ocrx_word' id='word_1_257' title='bbox 1417 2802 1578 2847; x_wconf 80' lang='lat' dir='ltr'>hostili</span> <span class='ocrx_word' id='word_1_258' title='bbox 1606 2802 1677 2845; x_wconf 90' lang='lat' dir='ltr'>K¹</span> <span class='ocrx_word' id='word_1_259' title='bbox 1699 2803 1714 2858; x_wconf 78' lang='grc' dir='ltr'>ΙΙ</span> <span class='ocrx_word' id='word_1_260' title='bbox 1739 2806 1794 2845; x_wconf 81' lang='lat'>28</span> 
     </span>
     <span class='ocr_line' id='line_1_35' title="bbox 115 2862 889 2919; baseline 0 -11"><span class='ocrx_word' id='word_1_261' title='bbox 115 2862 356 2909; x_wconf 84' lang='lat' dir='ltr'>hominum</span> <span class='ocrx_word' id='word_1_262' title='bbox 387 2865 537 2919; x_wconf 80' lang='lat' dir='ltr'>KFv,·</span> <span class='ocrx_word' id='word_1_263' title='bbox 569 2865 774 2910; x_wconf 86' lang='lat' dir='ltr'>omnium</span> <span class='ocrx_word' id='word_1_264' title='bbox 808 2865 889 2910; x_wconf 82' lang='lat' dir='ltr'>CA</span> 
     </span>
    </p>
   </div>
   <div class='ocr_carea' id='block_1_6' title="bbox 1828 1043 1884 1081">
    <p class='ocr_par' dir='ltr' id='par_1_6' title="bbox 1828 1043 1884 1081">
     <span class='ocr_line' id='line_1_36' title="bbox 1828 1043 1884 1081; baseline 0.018 -1"><span class='ocrx_word' id='word_1_265' title='bbox 1828 1043 1884 1081; x_wconf 88' lang='lat'>10</span> 
     </span>
    </p>
   </div>
   <div class='ocr_carea' id='block_1_7' title="bbox 1831 1409 1884 1448">
    <p class='ocr_par' dir='ltr' id='par_1_7' title="bbox 1831 1409 1884 1448">
     <span class='ocr_line' id='line_1_37' title="bbox 1831 1409 1884 1448; baseline 0.019 -1"><span class='ocrx_word' id='word_1_266' title='bbox 1831 1409 1884 1448; x_wconf 85' lang='lat'>15</span> 
     </span>
    </p>
   </div>
   <div class='ocr_carea' id='block_1_8' title="bbox 1827 1777 1884 1816">
    <p class='ocr_par' dir='ltr' id='par_1_8' title="bbox 1827 1777 1884 1816">
     <span class='ocr_line' id='line_1_38' title="bbox 1827 1777 1884 1816; baseline 0 0"><span class='ocrx_word' id='word_1_267' title='bbox 1827 1777 1884 1816; x_wconf 83' lang='lat'>20</span> 
     </span>
    </p>
   </div>
   <div class='ocr_carea' id='block_1_9' title="bbox 1827 2145 1883 2184">
    <p class='ocr_par' dir='ltr' id='par_1_9' title="bbox 1827 2145 1883 2184">
     <span class='ocr_line' id='line_1_39' title="bbox 1827 2145 1883 2184; baseline 0 0"><span class='ocrx_word' id='word_1_268' title='bbox 1827 2145 1883 2184; x_wconf 84' lang='lat'>25</span> 
     </span>
    </p>
   </div>
   <div class='ocr_carea' id='block_1_10' title="bbox 1826 2511 1881 2550">
    <p class='ocr_par' dir='ltr' id='par_1_10' title="bbox 1826 2511 1881 2550">
     <span class='ocr_line' id='line_1_40' title="bbox 1826 2511 1881 2550; baseline 0.018 -1"><span class='ocrx_word' id='word_1_269' title='bbox 1826 2511 1881 2550; x_wconf 89' lang='grc'>30</span> 
     </span>
    </p>
   </div>
  </div>
 </body>
</html>
