2020 3122
517 158 584 190 DE
608 157 851 191 CIVITATE
874 159 964 191 DEI
988 160 1030 191 L.
1054 160 1105 192 Π.
1130 159 1167 193 c.
1193 163 1245 194 20.
1271 165 1324 195 21.
1699 155 1766 206 79

92 270 326 321 Colantur
378 276 435 320 ut
480 269 747 336 voluerint,
801 269 943 319 ludos
989 279 1257 335 exposcant
1303 274 1470 338 quales
1511 276 1767 344 voluerint,

88 360 211 409 quos
251 359 365 394 cum
403 345 507 394 suis
537 343 613 392 vel
652 343 713 392 de
747 345 850 392 suis
881 346 1073 408 possint
1109 344 1290 395 habere
1331 347 1625 400 cultoribus:
1664 357 1766 399 tan-

82 426 189 468 tum
215 418 444 483 efficiant,
482 423 539 466 ut
562 416 647 466 tali
671 416 892 466 felicitati
931 417 1053 467 nihil
1093 417 1152 466 ab
1192 419 1349 487 hoste,
1387 422 1508 471 nihil
1548 439 1574 471 a
1612 431 1767 490 peste,

81 491 202 542 nihil
251 491 310 541 ab
360 491 458 541 11113
506 490 643 541 clade
689 486 970 540 1110031111.α
1045 490 1166 549 Quis
1212 492 1338 542 hanc
1376 510 1482 544 rem
1520 496 1767 561 publicam

82 581 245 632 sanus,
286 580 386 614 11011
419 565 577 614 dicam
609 564 828 613 Romano
860 566 1067 629 imperio
1077 604 1091 630 ,
1133 565 1219 614 sed
1252 566 1420 616 domui
1453 568 1767 636 Sardanapali

81 635 474 704 comparaverit?
525 640 610 703 qui
658 638 907 703 quondam
946 654 1035 688 rex
1074 641 1142 688 ita
1181 640 1275 689 fuit
1313 641 1645 706 voluptatibus
1684 645 1766 694 de-

82 713 230 780 ditus,
268 720 327 763 ut
364 714 415 762 in
448 712 678 777 sepulcro
720 727 810 762 sno
852 711 1002 761 scribi
1042 713 1218 762 fecerit
1258 729 1314 763 ea
1353 715 1454 764 sola
1494 731 1546 765 se
1585 717 1766 767 habere

80 794 354 853 mortuum,
394 801 518 851 quae
557 785 708 835 libido
749 787 879 852 eiuS,
918 788 1066 836 etiam
1106 802 1220 847 cum
1258 790 1458 855 viveret,
1496 789 1766 839 hauriendo

82 867 472 926 consumpserat.
551 859 709 919 Quem
741 875 908 925 regem
933 861 1016 910 isti
1041 862 1082 910 si
1106 860 1348 911 haberent
1372 862 1467 912 sibi
1499 865 1548 912 in
1587 863 1767 914 talibus

81 935 420 1000 indulgentem
458 950 550 983 nec
589 936 641 983 in
681 936 753 983 eis
802 936 1031 998 cuiquam
1070 934 1168 984 ulla
1207 938 1468 986 severitate
1509 936 1766 987 adversan-

81 1015 197 1075 tem,
235 1008 351 1058 huic
374 1007 608 1058 libentius
634 1023 780 1073 quam
804 1008 1011 1057 Romani
1049 1015 1243 1058 veteres
1281 1009 1490 1060 Romulo
1530 1011 1768 1076 templum

84 1089 132 1131 et
171 1082 418 1131 flaminem
457 1090 821 1131 consecrarent.

740 1239 931 1293 CAPUT
963 1241 1106 1293 XXI.

90 1350 231 1408 Quae
268 1349 517 1398 sententia
558 1346 725 1408 fuerit
769 1348 1029 1397 Ciceronis
1078 1350 1139 1398 de
1179 1349 1413 1398 Romana
1453 1365 1511 1399 re
1544 1351 1766 1412 publica.

231 1450 329 1500 Sed
361 1453 403 1500 si
435 1453 768 1500 contemnitur
801 1452 886 1515 qui
916 1450 1186 1500 Romanam
1224 1466 1330 1500 rem
1369 1451 1617 1517 publicam
1654 1469 1762 1517 pes-

83 1527 255 1575 simam
309 1540 365 1574 ac
417 1525 847 1590 flagitiosissimam
901 1524 1045 1591 dixit,
1099 1540 1192 1574 nec
1240 1531 1416 1574 curant
1462 1527 1546 1575 isti
1585 1534 1767 1591 quanta

81 1614 277 1649 morum
307 1600 637 1664 pessimorum
669 1613 724 1648 ac
748 1598 1243 1663 flagitiosissimorum
1281 1598 1390 1648 labe
1429 1614 1484 1649 ac
1524 1599 1766 1649 dedecore

82 1673 367 1739 impleatur,
413 1672 500 1722 sed
551 1673 889 1722 tantummodo
940 1679 996 1722 ut
1047 1674 1284 1723 consistat
1333 1679 1383 1722 et
1430 1680 1644 1723 maneat:
1684 1689 1765 1724 au·

83 1747 219 1797 diant
257 1762 364 1796 eam
402 1762 516 1813 non,
555 1755 611 1796 ut
644 1746 905 1796 Sallustius
944 1754 1126 1812 narrat,
1164 1749 1428 1811 pessimam
1467 1762 1522 1796 ac
1561 1747 1764 1812 flagitio-

84 1823 327 1871 sissimam
350 1821 543 1887 factam,
583 1820 684 1886 sed,
724 1822 854 1870 sicut
878 1819 1052 1870 Cicero
1077 1820 1309 1886 disputat,
1347 1822 1444 1869 iam
1467 1827 1586 1870 tunc
1625 1836 1764 1885 pror·

85 1911 168 1945 sus
206 1897 397 1960 perisse
446 1901 496 1944 et
545 1894 729 1944 nullam
776 1896 976 1943 omnino
1022 1896 1320 1944 remansisse
1360 1909 1466 1943 rem
1503 1894 1764 1959 publicam.

82 1968 279 2018 Inducit
316 1970 448 2018 enim
488 1968 783 2035 Scipionem,
823 1983 936 2017 eum
975 1970 1139 2032 ipsum
1178 1969 1263 2032 qui
1303 1967 1646 2032 Carthaginem
1684 1984 1764 2018 ex·

82 2044 317 2109 tinxerat,
371 2042 431 2091 de
478 2057 532 2091 re
578 2041 775 2107 publica
822 2041 1178 2108 disputantem,
1225 2041 1420 2106 quando
1465 2043 1764 2107 praesentie-

84 2115 229 2166 batur
268 2131 323 2166 ea
364 2117 698 2182 corruptione,
738 2131 885 2181 quam
924 2114 1161 2165 describit
1201 2115 1475 2181 SallustiuS,
1514 2117 1610 2165 iam
1648 2118 1764 2165 iam·

85 2205 181 2255 que
232 2191 468 2256 peritura.
544 2189 615 2238 Eo
670 2191 853 2254 quippe
903 2196 1125 2254 tempore
1177 2189 1478 2254 disputatur,
1533 2205 1630 2254 quo
1668 2191 1763 2238 iam

84 2279 214 2313 unus
268 2263 604 2314 Gracchorum
659 2265 853 2313 occisus
902 2264 1021 2329 fuit,
1075 2278 1101 2311 a
1151 2278 1247 2327 quo
1289 2262 1461 2312 scribit
1500 2263 1766 2312 seditiones

85 2352 256 2402 graves
280 2339 504 2402 coepisse
530 2337 807 2387 Sallustius
883 2337 1006 2386 Nam
1044 2339 1219 2386 mortis
1253 2338 1359 2386 eius
1399 2337 1453 2385 fit
1491 2338 1543 2385 in
1583 2336 1765 2385 eisdem

85 2410 223 2461 libris
262 2413 676 2461 commemoratio.
755 2410 879 2460 Cum
919 2417 1083 2460 autem
1117 2410 1281 2475 Scipio
1321 2412 1372 2459 in
1411 2410 1614 2459 secundi
1654 2408 1765 2457 libri

86 2485 181 2534 fine
220 2485 452 2552 dixisset,
503 2493 598 2552 „ut
650 2487 702 2534 in
748 2484 928 2534 fidibus
975 2491 1059 2534 aut
1105 2483 1239 2533 tibiis
1287 2490 1432 2548 atque
1473 2490 1619 2532 cantu
1658 2484 1764 2546 ipso

1802 949 1855 988 10

1800 1462 1852 1502 15

1798 1831 1854 1871 20

1798 2198 1852 2237 25

87 2573 142 2608 ac
187 2558 390 2608 vocibus
437 2565 707 2608 concentus
755 2565 831 2608 est
877 2559 1075 2623 quidam
1121 2557 1365 2607 tenendus
1413 2571 1471 2604 ex
1519 2556 1763 2604 distinctis
1796 2564 1851 2603 30

89 2634 244 2699 sonis,
290 2648 438 2697 quem
491 2635 788 2682 inmutatum
835 2639 918 2682 aut
957 2632 1320 2696 discrepantem
1359 2643 1503 2678 aures
1544 2627 1763 2676 eruditae

206 2762 280 2816 27)
311 2759 429 2805 Hist.
462 2761 496 2804 Ι.

208 2897 262 2935 17
293 2891 764 2949 flagitiosissimorum
795 2891 962 2945 Halm;
992 2889 1332 2946 flagitiosorum
1366 2901 1388 2931 v
