2038 3152
635 173 701 204 DE
726 171 964 206 CIVITATE
989 173 1078 204 DEI
1100 173 1141 205 L.
1165 173 1195 204 1.
1219 171 1257 205 C.
1281 173 1312 205 3.
1792 163 1821 213 7

30 303 51 361 ‚32
125 285 404 336 honoribus
436 285 751 349 dignissimos
781 284 1079 334 habuerunt.
1155 283 1342 348 Nempe
1383 285 1511 349 apud
1537 284 1821 351 Vergilium,

44 410 47 415 ,
122 375 282 425 quem
319 365 583 424 propterea
613 357 806 423 parvuli
843 358 1029 423 legunt,
1069 364 1124 407 ut
1164 357 1392 407 videlicet
1429 365 1574 423 poeta
1614 374 1820 423 magnus

132 435 452 496 omniumque
483 431 908 496 praeclarissimus
947 438 1094 496 atque
1141 433 1356 495 optimus
1387 434 1574 480 teneris
1606 431 1820 481 ebibitus

133 508 308 556 animis
348 521 448 555 non
487 505 627 554 facile
669 505 910 554 oblivione
950 507 1107 570 possit
1147 503 1346 570 aboleri,
1386 505 1660 555 secundum
1700 506 1818 555 illud

132 579 346 630 Horatii:
1854 590 1881 629 5

282 683 388 741 Quo
429 684 583 732 semel
622 686 699 731 est
736 683 914 731 inbuta
951 698 1123 731 recens
1165 683 1388 732 servabit
1429 684 1631 732 odorem

281 758 434 806 Testa
472 757 557 805 diu
599 783 662 790 --

132 859 260 925 apud
307 859 441 909 hunc
489 874 606 924 ergo
647 858 914 924 Vergilium
960 874 1136 923 nempe
1177 859 1299 908 Iuno
1347 858 1602 909 inducitur
1640 860 1819 909 infesta

50 931 51 934 ’
130 933 359 982 Troianis
420 933 570 982 Aeolo
638 940 896 982 ventorum
959 934 1064 997 regi
1125 933 1361 982 adversus
1425 948 1509 982 eos
1570 934 1818 983 inritando

130 1007 320 1056 dicere:
1856 1019 1911 1058 10

282 1110 414 1158 Gens
453 1111 651 1158 inimica
689 1110 812 1157 mihi
851 1111 1167 1172 Tyrrhenum
1204 1111 1412 1173 navigat
1450 1116 1661 1173 aequor'

278 1184 427 1231 Ilium
465 1184 516 1231 in
554 1184 757 1231 Italiam
795 1187 999 1244 portans
1038 1185 1296 1246 victosque
1335 1187 1558 1246 penates·

54 1278 58 1322 Ῐ
131 1285 266 1335 Itane
299 1287 408 1335 istis
437 1285 699 1350 penatibus
731 1287 873 1334 victis
905 1285 1124 1352 Romam,
1165 1301 1224 1334 ne
1266 1288 1565 1352 vinceretur,
1603 1288 1818 1351 pruden-

130 1368 206 1410 tes
246 1359 589 1408 commendare
630 1356 947 1408 debuerunt?
995 1359 1091 1408 Sed
1131 1359 1251 1408 haec
1292 1359 1414 1408 Iuno
1455 1359 1647 1409 dicebat
1686 1361 1820 1410 velut

48 1429 55 1499 f
125 1435 254 1483 irata
285 1433 477 1499 mulier,
518 1432 635 1498 quid
667 1432 957 1497 loqueretur
987 1435 1233 1498 ignorans
1298 1433 1427 1491 Quid
1467 1433 1656 1483 Aeneas
1694 1437 1818 1501 ipse,
1853 1447 1907 1484 15

130 1509 243 1572 pius
281 1509 463 1569 totiens
503 1506 791 1573 appellatUS,
831 1522 994 1556 nonne
1035 1509 1102 1556 ita
1142 1513 1329 1556 narrat:

279 1611 506 1660 Panthus
547 1609 844 1675 Othryades,
885 1612 1013 1660 arcis
1053 1611 1341 1673 Phoebique
1382 1613 1624 1672 sacerdos,

280 1684 430 1733 Sacra,
458 1700 609 1733 manu
648 1685 903 1747 victosque
943 1686 1061 1734 deos
1091 1701 1401 1748 parvumque
1438 1689 1671 1747 nepotem

279 1759 394 1820 Ipse
433 1758 591 1807 trahit
629 1775 875 1821 cursuque
915 1775 1085 1808 amens
1125 1759 1188 1807 ad
1226 1760 1398 1807 limina
1437 1759 1631 1808 tendit?

50 1861 53 1866 '
128 1861 302 1910 Nonne
336 1861 454 1910 deos
479 1863 628 1927 ipsoS,
668 1876 791 1925 quos
822 1862 978 1910 victos
1011 1877 1108 1910 non
1149 1860 1341 1910 dubitat
1380 1861 1560 1927 dicere,
1600 1861 1694 1910 sibi
1732 1878 1816 1927 po·
1851 1873 1907 1912 20

127 1937 229 1984 tius
269 1950 415 1999 quam
455 1950 507 1984 se
547 1934 643 1983 illis
681 1933 910 1999 perhibet
950 1935 1332 2001 commendatOS,
1373 1950 1484 1984 cum
1526 1937 1572 1984 ei
1611 1935 1817 1985 dicitur:

279 2039 430 2087 Sacra
469 2055 685 2101 suosque
723 2039 819 2087 tibi
857 2039 1169 2088 commendat
1210 2040 1357 2088 Troia
1395 2039 1636 2102 penates?

133 2141 186 2190 Si
217 2143 367 2206 igitur
399 2140 641 2205 Vergilius
671 2138 793 2190 tales
826 2140 944 2190 deos
977 2148 1027 2190 et
1058 2143 1213 2191 victos
1245 2141 1364 2191 dicit
1396 2148 1460 2208 et,
1498 2149 1554 2192 ut
1585 2141 1660 2190 vel
1699 2143 1815 2191 victi

130 2230 328 2279 quoquo
380 2215 523 2263 modo
570 2214 856 2280 evaderent,
903 2214 1090 2263 homini
1137 2215 1526 2266 commendatos:
1567 2231 1690 2280 quae
1731 2215 1813 2264 de-

125 2290 311 2337 mentia
337 2295 425 2354 est,
457 2289 736 2337 existimare
762 2287 838 2337 his
869 2288 1119 2338 tutoribus
1143 2288 1348 2338 Romam
1380 2291 1630 2354 sapienter
1661 2289 1813 2338 fuisse
1847 2299 1904 2338 25

124 2364 441 2411 commissam
496 2368 545 2411 et
598 2363 694 2410 nisi
743 2377 827 2410 eos
883 2363 1128 2411 amisisset
1181 2378 1281 2411 non
1326 2364 1546 2427 potuisse
1598 2360 1814 2412 vastari?

129 2434 283 2484 Immo
323 2451 439 2484 vero
485 2437 640 2484 victos
687 2434 806 2484 deos
852 2442 1100 2500 tamquam
1139 2437 1391 2501 praesides
1432 2452 1487 2485 ac
1527 2436 1815 2485 defensores

131 2508 310 2574 colere,
348 2508 466 2573 quid
500 2515 575 2558 est
606 2508 736 2558 aliud
771 2524 915 2572 quam
955 2516 1125 2558 tenere
1167 2525 1265 2558 non
1305 2512 1507 2559 numina
1546 2509 1687 2574 hona,
1728 2509 1814 2557 sed

4 2608 6 2610 v
42 2579 89 2653 ''³3-
135 2583 297 2630 omina
337 2579 496 2632 mala?
573 2582 767 2640 Quanto
809 2584 940 2631 enim
979 2585 1250 2647 sapientius
1291 2583 1532 2648 creditur,
1581 2598 1679 2631 non
1718 2582 1813 2629 Ro-

252 2710 295 2762 7)
327 2710 443 2765 Epp.
493 2716 540 2764 1,
591 2715 638 2766 2,
688 2714 757 2754 69.
823 2712 895 2763 12)
935 2710 1048 2754 Aen.
1094 2716 1139 2765 1,
1180 2715 1234 2754 67
1277 2725 1342 2765 sq.
1407 2711 1477 2764 19)
1512 2714 1558 2763 2,
1594 2713 1677 2752 319
1712 2723 1813 2763 sqq.
1858 2757 1863 2761 ,

5 2793 13 2830 5
38 2762 48 2819 :l
102 2768 203 2825 ,22)
235 2771 335 2812 293.

250 2905 303 2943 13
336 2901 587 2956 prudenter
619 2901 780 2957 A1129
813 2900 1000 2945 nomina
1036 2900 1140 2944 CA²
