2020 3122
510 126 577 158 DE
602 123 843 167 mvrrssffl
863 125 955 158 nm
977 125 1019 158 L.
1042 125 1110 159 Π.
1134 124 1170 159 c.
1194 126 1248 158 30.
1272 127 1326 159 31.
1674 112 1778 164 185

97 243 191 292 ista
229 239 374 305 culpa
410 239 623 288 maiores
654 237 826 287 talium
865 235 1242 286 simulacrorum
1279 238 1592 288 institutores
1631 244 1778 301 atque

85 313 338 380 ‚cultores3
375 312 578 378 inplicat
609 318 660 362 et
696 313 875 378 ipsum,
915 312 1016 377 qui,
1056 309 1361 374 quantolibet
1399 310 1595 376 eloquio
1635 325 1688 360 se
1726 307 1778 360 in

97 387 377 437 libertatem
409 388 597 436 nitatur
629 384 868 450 evolvere,
907 398 1112 433 necesse
1150 383 1362 433 habebat
1400 386 1493 434 ista
1531 386 1778 451 venerari3

98 476 191 512 nec
238 459 368 526 quod
414 461 467 508 in
513 459 604 509 hac
651 458 983 524 disputatione
1040 457 1256 506 disertus
1304 460 1520 525 insonat,
1574 459 1778 508 muttire

99 534 304 584 auderet
359 535 411 582 in
461 533 632 598 populi
690 534 935 581 contione.
1026 531 1240 595 Agamus
1290 533 1457 596 itaque
1513 531 1781 581 Christiani
1811 538 1839 580 5

98 608 305 659 Domino
329 606 432 656 Deo
458 614 629 657 nostro
661 608 857 672 gratiaS,
896 620 997 654 non
1037 604 1170 654 caelo
1211 613 1260 654 et
1299 612 1478 670 terrae,
1517 607 1647 655 sicut
1685 607 1779 654 iste

100 682 332 748 disputat,
371 681 458 730 sed
483 682 530 730 ei
555 682 640 745 qui
664 680 783 730 fecit
814 679 1005 729 caelum
1036 686 1086 728 et
1117 686 1316 740 terram,
1358 681 1442 743 qui
1481 679 1569 728 has
1609 694 1779 743 super-

98 757 352 820 stitioneS,
391 769 513 818 quas
550 756 646 804 iste
683 753 866 803 Balbus
905 752 1039 802 velut
1074 752 1356 802 balbutiens
1394 754 1475 801 vix
1512 752 1780 817 reprehen—

99 829 192 896 dit,
245 844 336 894 per
375 828 675 878 altissimam⁴
700 827 884 878 Christi
921 826 1272 893 humilitatem,
1317 842 1407 892 per
1447 825 1782 891 apostolorum

97 903 528 969 praedicationem,
566 917 656 967 per
693 902 842 951 fidem
879 907 1154 966 martyrum
1190 916 1282 965 pro
1321 901 1527 950 veritate
1568 901 1779 949 morien·
1815 908 1872 949 10

99 979 224 1026 tium
272 983 321 1026 et
367 991 481 1026 cum
527 978 733 1025 veritate
780 977 1050 1024 viventium
1096 990 1196 1024 non
1245 974 1405 1024 soliun
1450 976 1503 1022 in
1548 973 1782 1023 cordibus

98 1050 372 1115 religiosiS‚
426 1065 599 1099 verum
654 1052 803 1100 etiam
855 1051 907 1098 in
961 1047 1165 1098 aedibus
1220 1049 1578 1113 superstitiosis
1628 1047 1783 1096 libera

87 1138 306 1174 suorum
345 1125 582 1173 servitute
623 1123 879 1172 subvertit.

727 1294 920 1349 CAPUT
959 1294 1156 1352 XXXI.

100 1403 176 1453 Be
214 1404 531 1466 opinionibus
583 1403 850 1464 VarroniS‚
890 1405 980 1464 qui
1015 1403 1294 1466 reprobata
1327 1404 1661 1465 persuasione
1692 1415 1781 1463 po-
1819 1408 1875 1448 15

93 1480 285 1540 pulari,
325 1479 444 1528 lieet
482 1479 554 1527 ad
589 1479 818 1527 notitiam
859 1479 970 1527 veri
1006 1478 1106 1526 Dei
1141 1491 1241 1526 non
1274 1478 1589 1539 pervenerit,
1630 1489 1784 1524 unum

382 1558 545 1601 tamen
586 1551 746 1599 Deum
787 1552 1051 1601 colendum
1090 1565 1196 1601 esse
1234 1552 1502 1600 censuerit.

250 1654 378 1712 Quid
431 1656 537 1719 ipse
591 1654 744 1702 Varro
754 1693 768 1720 ,
823 1668 972 1718 quem
1029 1652 1251 1702 dolemus
1297 1655 1349 1701 in
1403 1651 1554 1701 rebus
1608 1651 1785 1700 divinis

100 1727 242 1778 ludos
289 1729 564 1794 scaenicoS,
619 1728 840 1793 quamvis
886 1742 988 1776 non
1034 1726 1217 1776 iudicio
1262 1728 1488 1791 proprio,
1542 1727 1783 1791 posuisse,

86 1816 216 1851 .cum
255 1801 313 1850 ad
353 1801 472 1851 deos
511 1800 744 1850 colendos
776 1801 946 1850 multis
985 1800 1106 1850 locis
1145 1800 1279 1849 velut
1317 1799 1579 1864 religiosus
1618 1798 1782 1848 horte·
1817 1806 1876 1847 20

89 1881 205 1940 ntur,
252 1890 417 1924 nonne
462 1876 531 1924 ita
581 1875 846 1924 confitetur
891 1890 991 1924 non
1041 1890 1094 1923 se
1141 1873 1221 1923 illa
1267 1873 1450 1923 iudicio
1499 1873 1589 1922 s'uo
1629 1874 1784 1937 sequi,

104 1950 226 2013 quae
279 1950 525 1998 civitatem
563 1947 834 1998 Romanam
879 1949 1156 1998 instituisse
1204 1953 1578 2013 commemorat,
1625 1952 1703 2013 ut,
1743 1948 1786 1994 si

91 2037 210 2072 -eam
249 2023 496 2072 civitatem
537 2037 712 2071 novam
752 2024 1100 2088 constitueret,
1141 2037 1200 2070 ex
1240 2031 1444 2070 naturae
1482 2022 1647 2085 potius
1686 2020 1784 2068 for—

102 2095 233 2145 mula
271 2095 391 2145 deos
441 2094 738 2160 nominaque
794 2111 967 2146 eorum
1016 2111 1068 2145 se
1109 2096 1262 2144 fuisse
1303 2094 1647 2144 dedicaturum
1686 2108 1784 2142 non

101 2168 294 2219 dubitet
355 2166 617 2219 confiteri?
674 2169 771 2219 Sed
831 2172 928 2219 iam
991 2171 1222 2234 quoniam
1275 2170 1327 2218 in
1381 2174 1548 2218 vetere
1602 2167 1785 2233 populo
1819 2173 1876 2214 25

105 2250 260 2310 esset,
321 2249 571 2308 acceptam
634 2243 693 2292 ab
748 2245 963 2308 antiquis
1025 2245 1281 2292 nominum
1336 2250 1384 2292 et
1438 2243 1788 2307 cognominum

103 2314 357 2366 historiam
405 2324 601 2384 tenere,
656 2323 714 2366 ut
751 2317 929 2366 tradita
969 2323 1070 2382 est,
1124 2315 1306 2366 debere
1347 2331 1399 2365 se
1441 2315 1583 2382 dicit,
1638 2321 1688 2364 et
1726 2314 1787 2363 ad

107 2403 218 2438 eum
240 2391 388 2440 finem
411 2390 493 2439 illa
517 2390 737 2440 scribere
770 2406 826 2439 ac
856 2392 1176 2456 perscrutari,
1215 2396 1271 2439 ut
1302 2391 1468 2454 potius
1508 2404 1593 2438 eos
1631 2389 1786 2452 magis

106 2462 266 2512 colere
307 2479 453 2528 quam
492 2464 747 2530 despicere
786 2464 962 2529 vulgus
1000 2464 1130 2514 velit.
1208 2463 1398 2521 Quibus
1437 2462 1600 2512 verbis
1639 2462 1786 2511 homo

95 2539 419 2587 vacutissimus
459 2540 579 2587 satis
616 2538 801 2587 indicat
837 2553 938 2588 non
978 2553 1030 2587 se
1071 2539 1265 2604 aperire
1306 2538 1482 2603 omnia,
1522 2550 1647 2600 quae
1686 2548 1786 2583 non
1817 2540 1875 2581 30

94 2609 200 2658 -sihi
235 2617 428 2661 tantum
475 2614 782 2677 contemptui
830 2618 1018 2679 essent,
1065 2612 1152 2661 sed
1202 2613 1348 2661 etiam
1386 2612 1481 2675 ipsi
1518 2608 1663 2672 vulgo
1703 2607 1784 2655 de-

107 2685 354 2746 spicienda
400 2686 710 2752 viderentur,
756 2687 853 2735 nisi
899 2692 1198 2735 tacerentur.
1275 2683 1378 2748 Ego
1425 2685 1518 2731 ista
1558 2683 1784 2731 conicere

226 2859 283 2900 24
314 2856 493 2916 eorum]
527 2856 719 2901 deorum
750 2856 796 2901 A
820 2858 914 2913 1126
946 2855 1187 2901 numinum
1217 2854 1263 2899 A
