2038 3152
232 170 300 222 38
910 179 946 214 S.
972 179 1250 214 Auens'rmr

230 295 520 343 auctoritate
562 292 912 359 praescribant,
949 294 1046 342 nisi
1083 292 1221 342 illum
1253 291 1503 357 Catonem,
1543 293 1629 356 qui
1667 306 1720 340 se
1743 291 1913 341 Uticae

229 367 432 433 occidit3
478 382 578 416 non
625 368 740 431 quia
788 366 923 416 solus
969 366 1018 415 id
1068 367 1208 431 fecit,
1259 363 1346 414 sed
1385 366 1500 429 quia
1537 366 1612 414 vir
1651 364 1826 414 doctus
1865 371 1916 414 et

229 441 416 505 probus
440 440 727 506 habebatur,
766 446 822 490 ut
859 442 1038 489 merito
1076 445 1281 504 putetur
1321 440 1468 487 etiam
1503 444 1642 488 recte
1680 438 1792 488 fieri
1828 453 1914 504 po-

231 517 386 582 tuisse
425 514 501 563 vel
539 529 683 579 posse
725 513 856 578 quod
895 514 1025 563 fecit.
1101 512 1170 562 De
1212 514 1354 561 cuius
1394 512 1522 561 facto
1563 512 1681 577 quid
1718 514 1914 578 potissi-

175 597 200 636 5
232 602 370 637 mum
393 588 566 654 dicam,
605 589 701 636 nisi
734 587 865 652 quod
897 588 1040 636 amici
1065 588 1171 635 eius
1212 587 1359 635 etiam
1399 585 1532 635 docti
1571 586 1769 651 quidam
1807 588 1916 653 viri,

228 663 318 726 qui
355 661 449 711 hoc
497 662 606 711 fieri
651 661 946 726 prudentius
993 659 1363 725 dissuadebant,
1409 659 1729 709 inbecillioris
1769 675 1915 725 quam

232 736 452 785 fortioris
486 737 640 785 animi
679 735 869 784 facinus
909 750 1016 784 esse
1058 741 1374 799 censuerunt,
1414 749 1511 798 quo
1552 734 1913 784 demonstrare·

233 817 316 859 tur
348 825 447 858 non
479 809 711 858 honestas
743 810 906 874 turpia
937 822 1250 873 praecavenS,
1288 807 1376 856 sed
1414 801 1673 857 infirmitas
1711 807 1915 858 adversa

236 898 335 932 non
383 880 670 932 sustinens}>
718 881 822 931 Hoc
871 889 920 930 et
969 883 1074 946 ipse
1123 880 1240 930 Cato
1287 883 1339 930 in
1388 896 1478 930 suo
1518 883 1773 931 carissimo
1810 881 1912 931 filio

147 966 200 1005 10
232 956 476 1006 iudicavit.
553 956 675 1005 Nam
707 957 748 1004 si
786 963 930 1020 turpe
963 962 1069 1004 erat
1107 954 1199 1004 sub
1239 956 1443 1004 victoria
1475 954 1696 1004 Caesaris
1735 957 1914 1022 vivere,

231 1046 321 1079 cur
361 1037 532 1079 auctor
570 1030 717 1079 huius
757 1028 1079 1094 turpitudinis
1117 1028 1216 1077 filio
1257 1029 1366 1095 fuit,
1405 1044 1552 1093 quem
1591 1029 1651 1078 de
1693 1028 1914 1078 Caesaris

231 1104 532 1168 benignitate
579 1105 744 1152 omnia
790 1118 989 1167 sperare
1036 1099 1326 1167 praecepit?
1388 1101 1487 1152 Cur
1533 1118 1633 1152 non
1684 1110 1733 1152 et
1758 1103 1914 1153 *illum

226 1192 400 1227 secum
433 1179 593 1242 coegit
616 1176 683 1226 aad
708 1173 954 1226 mortem?
1007 1175 1132 1225 Nam
1174 1178 1217 1225 si
1257 1191 1371 1225 eum
1409 1176 1577 1241 filium,
1616 1178 1704 1241 qui
1743 1182 1915 1226 contra

231 1253 494 1316 imperium
539 1252 591 1300 in
628 1250 822 1300 hostem
860 1256 1187 1316 pugnaverat,
1234 1251 1382 1299 etiam
1422 1251 1660 1299 victorem
1697 1249 1913 1301 laudabi-

146 1334 197 1371 15
229 1324 343 1374 liter
380 1323 660 1388 Torquatus
693 1324 887 1390 occidit,
926 1338 1015 1372 cur
1045 1325 1204 1372 victus
1235 1325 1362 1372 victo
1395 1322 1493 1372 filio
1533 1326 1756 1389 pepercit
1781 1324 1915 1390 Cat0,

228 1399 315 1463 qui
353 1413 452 1446 non
479 1399 713 1463 pepercit
752 1394 880 1446 sibi?
949 1397 1022 1446 An
1061 1398 1256 1462 turpius
1297 1403 1402 1446 erat
1441 1403 1613 1446 contra
1650 1400 1914 1463 imperium

233 1486 341 1520 esse
380 1473 634 1536 victorem,
673 1486 820 1535 quam
859 1477 1031 1520 contra
1071 1471 1222 1520 decus
1261 1471 1392 1519 ferre
1432 1468 1707 1521 victorem?
1767 1471 1912 1522 Nullo

229 1545 375 1594 modo
398 1546 567 1609 ’igitur
592 1544 709 1594 Cato
749 1551 895 1609 turpe
936 1558 1043 1594 esse
1082 1544 1315 1594 iudicavit
1354 1543 1445 1594 sub
1486 1547 1670 1595 victore
1705 1544 1913 1595 Caesare

231 1620 417 1684 vivere3
468 1618 685 1682 alioquin
732 1617 791 1667 ab
839 1618 929 1667 hac
977 1618 1284 1683 turpitudine
1331 1624 1537 1683 paterno
1584 1619 1717 1668 ferro
1758 1619 1912 1669 filium

145 1701 201 1739 20
234 1691 479 1741 liberaret.
543 1692 671 1749 Quid
696 1699 771 1741 est
794 1707 930 1758 ergo,
969 1693 1065 1741 nisi
1090 1691 1221 1756 quod
1251 1691 1407 1741 filium
1446 1699 1685 1757 quantum
1723 1695 1915 1760 amavit,

230 1767 310 1815 cui
347 1767 484 1830 parci
530 1780 557 1814 a
597 1765 802 1815 Caesare
852 1771 902 1815 et
939 1768 1153 1830 speravit
1192 1772 1241 1815 et
1279 1766 1453 1833 voluit,
1499 1772 1690 1816 tantum
1729 1766 1913 1831 gloriae

228 1841 384 1903 ipsius
425 1838 668 1906 CaesariS,
720 1854 781 1889 ne
822 1838 882 1888 ab
921 1839 1003 1888 illo
1044 1841 1192 1889 etiam
1231 1839 1326 1889 sibi
1362 1846 1674 1906 parceretur,
1713 1846 1769 1890 ut
1790 1842 1912 1906 *ipse

230 1911 409 1961 Caesar
449 1913 629 1962 dixisse
670 1913 852 1979 fertur,
897 1914 1092 1979 invidit,
1144 1920 1247 1979 aut,
1295 1919 1351 1962 ut
1386 1913 1572 1979 aliquid
1612 1930 1703 1964 nos
1742 1916 1912 1965 mitius

230 1985 464 2052 dicamus,
503 1983 736 2035 erubuit?

141 2141 196 2179 25
849 2128 1044 2183 CAPUT
1078 2131 1275 2185 XXIV.

275 2236 419 2294 Quod
456 2238 507 2284 in
546 2250 607 2284 ea
646 2238 851 2296 virtute,
892 2252 993 2297 qua
1033 2238 1259 2299 Reyulus
1305 2239 1491 2288 Catone
1522 2240 1875 2300 praestantior
1922 2294 1928 2298 ,

503 2307 618 2369 fuit,
658 2312 810 2358 multo
849 2313 1009 2371 maqis
1048 2314 1301 2361 emineant
1344 2313 1633 2361 Christiani.

375 2410 559 2459 Nolunt
597 2418 761 2461 autem
807 2413 911 2478 isti,
959 2420 1129 2463 contra
1169 2429 1294 2478 quos
1333 2416 1544 2481 agimuS,
1590 2421 1646 2464 ut
1685 2421 1909 2464 sanctum

229 2485 389 2532 virum
427 2483 538 2550 Iob,
585 2485 670 2549 qui
715 2492 816 2534 tarn
860 2485 1104 2536 horrenda
1152 2488 1277 2536 mala
1314 2489 1365 2537 in
1405 2503 1494 2537 sua
1533 2503 1678 2537 carne
1706 2489 1913 2553 perpeti

136 2567 196 2605 30
230 2556 399 2606 maluit
432 2573 576 2621 quam
616 2557 765 2607 inlata
804 2558 897 2608 sibi
935 2567 1092 2610 morte
1133 2560 1361 2610 omnibus
1393 2576 1563 2610 carere
1596 2559 1912 2626 cruciatibuS,

229 2630 304 2679 vel
343 2630 462 2680 alios
495 2637 690 2680 sanctos
730 2647 790 2680 ex
814 2632 991 2681 litteris
1031 2636 1213 2683 nostris
1253 2650 1443 2683 summa
1483 2636 1774 2684 auctoritate
1814 2633 1910 2683 cel-

230 2705 436 2752 sissimis
483 2705 674 2768 fideque
730 2706 1051 2772 dignissimiS,
1106 2710 1191 2771 qui
1242 2710 1572 2772 captivitatem
1623 2708 1910 2756 dominatio-

350 2851 403 2889 10
433 2846 659 2892 iudicauit
690 2846 838 2891 AK‘F
867 2849 991 2902 (18)‚·
1037 2847 1262 2892 indicavit
1291 2862 1317 2893 υ
1357 2851 1372 2906 Η
1413 2854 1466 2893 11
1499 2848 1594 2893 filio
1626 2861 1739 2902 mss‚·
1777 2849 1912 2904 pater

228 2903 323 2947 filio
355 2919 380 2948 υ
405 2907 420 2961 u
443 2910 499 2950 20
532 2906 603 2950 est
633 2919 715 2949 om.
749 2905 818 2958 A‚-
850 2919 959 2962 ergo
994 2908 1063 2951 est
1094 2907 1195 2950 KF
