2020 3122
562 135 628 167 DE
653 134 890 168 CIVITATE
914 137 1002 169 Dm
1024 139 1066 171 L.
1090 140 1134 172 v.
1159 140 1196 173 c.
1220 142 1273 174 32.
1297 143 1350 174 33.
1680 132 1785 185 315

727 270 922 327 CAPUT
946 274 1166 329 XXXII.

179 381 330 438 ,Quod
363 384 737 428 sacramentum
777 383 1131 443 redemptionis
1178 383 1365 433 Christi
1401 388 1550 435 nullis
1589 392 1726 436 retro

220 453 524 515 temporibus
570 451 796 513 defuerit
838 469 1133 516 semperque
1170 459 1235 503 sit
1272 459 1484 507 diversis
1522 462 1674 520 siqni-

579 529 907 586 ficationibus
939 531 1310 590 praedicatum.

255 627 360 677 Hoc
407 630 698 693 mysterium
747 631 870 679 vitae
918 637 1145 679 aeternae
1193 633 1290 679 iam
1335 632 1447 680 inde
1488 632 1547 681 ab
1588 634 1787 682 exordio
1820 631 1845 670 5
1889 624 1893 633 ¹

106 704 305 768 generis
354 701 555 751 humani
605 718 695 767 per
746 703 984 767 quaedam
1035 706 1173 768 signa
1220 712 1269 753 et
1319 713 1622 754 sacramenta
1667 714 1787 755 tem-

108 775 313 842 poribus
361 790 599 841 congrua‚
647 776 826 840 quibus
875 779 1115 843 oportuit,
1162 793 1251 842 per
1299 778 1496 842 angelos
1542 779 1788 843 praedica-

109 859 215 900 tum
269 856 358 898 est.
435 849 621 898 Deinde
668 850 880 914 populus
935 850 1190 900 Hebraeus
1243 853 1295 900 in
1350 867 1496 900 unam
1548 851 1789 915 quandam

109 939 214 973 rem
253 921 514 989 publicam,
554 938 676 988 quae
711 923 804 972 hoc
844 931 1204 973 sacramentum
1245 931 1427 990 ageret,
1466 931 1790 990 congregatus

107 1004 208 1064 est,
257 996 344 1045 ubi
393 1011 483 1061 per
530 997 768 1060 quosdam
816 999 1029 1047 scientes
1043 1038 1056 1064 ,
1105 1014 1196 1063 per
1235 998 1474 1063 quosdam
1512 1001 1790 1048 nescientes
1826 996 1879 1035 10

108 1071 184 1137 id,
223 1070 354 1134 quod
395 1085 453 1119 ex
493 1070 704 1120 adventu
745 1070 927 1120 Christi
965 1087 1122 1136 usque
1162 1087 1293 1121 nunc
1334 1078 1383 1121 et
1422 1072 1654 1137 deinceps
1694 1074 1790 1137 agi·

108 1151 214 1211 tur,
259 1145 693 1208 praenuntiaretur
739 1159 848 1194 esse
887 1152 1173 1211 venturum3
1221 1161 1387 1210 sparsa
1438 1148 1583 1194 etiam
1621 1152 1792 1210 postea

106 1218 280 1268 eadem
303 1224 449 1282 gente
472 1233 563 1282 per
587 1224 758 1282 gentes
797 1226 1003 1283 propter
1042 1220 1378 1268 testimonium
1419 1221 1792 1284 scripturarum,

110 1291 290 1356 quibus
352 1297 551 1340 aeterna
613 1291 743 1341 salus
805 1294 856 1340 in
920 1291 1114 1341 Christo
1173 1293 1342 1342 futura
1400 1293 1648 1357 praedicta
1704 1299 1792 1341 est.

111 1364 294 1415 Omnes
333 1366 466 1414 enim
504 1379 603 1414 non
644 1365 802 1414 solum
840 1365 1150 1431 prophetiae,
1198 1381 1321 1431 quae
1360 1367 1413 1414 in
1460 1365 1623 1414 verbis
1664 1372 1793 1431 sunt,
1827 1361 1880 1401 15

111 1454 203 1488 nec
234 1445 426 1488 tantum
455 1445 720 1504 praecepta
755 1441 898 1506 vitae,
938 1454 1062 1504 quae
1102 1455 1267 1488 mores
1305 1441 1637 1504 pietatemque
1678 1454 1792 1487 con·

113 1512 325 1562 formant
349 1519 494 1576 atque
519 1512 614 1562 illis
652 1513 832 1562 litteris
872 1515 1204 1579 continentur,
1244 1528 1416 1562 verum
1456 1514 1602 1562 etiam
1641 1527 1794 1578 sacra,

113 1586 408 1652 sacerdotia,
453 1585 826 1635 tabernaculum
866 1589 966 1635 sive
1007 1587 1267 1653 templum,
1307 1586 1500 1651 altaria,
1541 1586 1792 1650 sacrificia,

110 1661 434 1724 ceremoniae,
474 1659 578 1708 dies
610 1660 724 1709 festi
755 1667 804 1709 et
835 1660 1074 1724 quidquid
1105 1660 1236 1709 aliud
1269 1659 1328 1708 ad
1360 1674 1467 1708 eam
1506 1661 1794 1708 servitutem

114 1734 356 1799 pertinet,
411 1748 534 1798 quae
591 1733 691 1782 Deo
747 1733 956 1783 debetur
1011 1740 1060 1782 et
1110 1733 1294 1782 Graece
1348 1735 1547 1797 proprie
1603 1732 1794 1795 λατρεία
1826 1728 1881 1768 20

110 1806 295 1855 dicitur
334 1834 404 1841 --
445 1822 500 1856 ea
547 1808 817 1871 significata
866 1814 915 1856 et
951 1808 1295 1871 praenuntiata
1334 1813 1471 1871 sunt,
1519 1820 1641 1869 quae
1681 1820 1792 1869 pro-

43 1908 47 1912 -
112 1886 223 1944 pter
263 1886 510 1929 aeternam
550 1881 699 1928 vitam
737 1879 953 1929 fidelium
993 1881 1044 1928 in
1078 1878 1272 1928 Christo
1313 1887 1361 1928 et
1400 1878 1598 1943 impleta
1637 1878 1792 1927 credi-

115 1968 224 2001 mus
265 1959 312 2002 et
350 1953 545 2018 impleri
584 1955 832 2002 cernimus
873 1959 922 2002 et
960 1952 1206 2017 implenda
1245 1952 1550 2002 confidimus.

712 2080 904 2134 CAPUT
943 2081 1196 2134 XXXIII.

122 2188 268 2246 Quod
296 2203 394 2250 per
431 2192 588 2238 solam
634 2189 973 2238 Christianam
1019 2191 1314 2249 reliqionem
1352 2186 1676 2248 manifestari
1706 2201 1793 2249 po-
1827 2196 1881 2235 25

212 2265 369 2311 tuerit
401 2261 617 2324 fallacia
655 2265 923 2325 spirituum
962 2265 1298 2323 maliqnorum
1338 2263 1401 2310 de
1439 2262 1689 2310 hominum

672 2350 853 2386 errore
886 2337 1233 2397 qaudentium.

261 2437 359 2486 Per
389 2437 514 2488 hanc
540 2454 657 2503 ergo
689 2438 977 2503 religionem
1016 2453 1165 2487 unam
1197 2444 1246 2487 et
1284 2451 1449 2486 veram
1486 2437 1646 2500 potuit
1684 2449 1793 2499 ape-

117 2511 206 2559 riri
244 2510 362 2560 deos
400 2514 621 2577 gentium
660 2528 769 2561 esse
808 2512 1210 2561 inmundissimos
1250 2511 1534 2574 daemones,
1582 2507 1673 2556 sub
1713 2507 1793 2555 de-

117 2583 399 2634 functarum
446 2585 787 2635 occasionibus
827 2587 1099 2635 animarum
1139 2584 1214 2633 vel
1253 2590 1590 2634 creaturarum
1630 2581 1791 2645 specie
1826 2589 1881 2629 30

240 2731 293 2770 16
326 2727 600 2772 confirmant
631 2727 671 2773 C
703 2729 719 2784 ΙΙ
758 2733 811 2772 21
845 2727 1107 2784 significata
1138 2727 1185 2769 et
1215 2722 1541 2781 praenuntiata
1571 2721 1678 2763 sunt
1707 2731 1794 2784 mss

117 2785 361 2838 (sententia
390 2787 457 2830 sic
486 2788 664 2841 finitur,
694 2788 828 2843 quasi
843 2787 1161 2842 praecesserit.-
1195 2782 1418 2827 Omnibus
1454 2815 1462 2824 .
1499 2817 1508 2825 .
1539 2779 1793 2835 prophetns

124 2875 135 2886 .
169 2877 178 2887 .
209 2844 470 2902 praeceptis
503 2849 625 2901 etc.);
657 2844 1035 2902 significaverunt
1066 2846 1114 2888 et
1143 2839 1585 2899 praenuntiaverunt
1613 2851 1639 2881 v
