2020 3122
205 157 276 209 50
883 166 916 199 s.
942 165 1220 200 Auensnm

811 347 1008 402 CAPUT
1042 347 1291 401 XXXIII.

317 457 392 506 De
432 459 566 505 vitiis
607 457 967 516 Romanorum,
1007 469 1131 516 quos
1162 457 1372 517 patriae
1408 469 1509 504 non
1549 457 1782 504 correxit

944 543 1149 578 ever-seo.

355 631 395 680 Ο
436 637 627 681 mentes
675 630 919 681 amentes!
967 633 1078 695 quis
1125 637 1201 680 est
1247 630 1326 679 hic
1373 637 1538 679 tantus
1585 646 1683 679 non
1734 645 1894 697 error,
1964 641 1966 643 ’

149 716 173 754 5
207 705 293 753 sed
333 705 494 771 furor,
533 712 590 755 ut
628 707 832 754 exitium
870 711 1112 771 vestrum,
1153 706 1281 753 sicut
1319 703 1618 770 audivimus,
1657 703 1888 768 plangen-

206 778 339 827 tibus
379 777 700 828 orientalibus
738 778 932 843 populis
973 786 1021 827 et
1059 778 1281 826 maximis
1322 776 1599 826 civitatibus
1638 779 1688 826 in
1729 792 1889 826 remo-

207 853 411 901 tissimis
450 854 599 901 terris
638 851 888 916 publicum
930 852 1118 901 luctum
1164 865 1537 914 maeroremque
1593 850 1891 900 ducentibus

206 940 292 974 vos
331 925 522 975 theatra
569 927 873 989 quaereretis
919 927 1171 974 intraretis
1218 923 1488 988 impleretis
1536 930 1585 972 et
1623 924 1778 973 multo
1818 925 1890 973 in—

208 1000 400 1048 saniora
440 1014 586 1063 quam
619 999 814 1047 fuerant
851 1005 994 1047 antea
1033 994 1298 1046 faceretis?
1336 997 1472 1045 Hanc
1512 998 1787 1046 animorum
1825 996 1891 1046 la-

121 1083 175 1122 10
206 1071 319 1121 bem
359 1087 414 1120 ac
435 1071 666 1138 pestem,
712 1072 837 1120 hanc
884 1071 1144 1136 probitatis
1184 1077 1234 1120 et
1271 1070 1544 1120 honestatis
1584 1072 1891 1120 eversionem

207 1145 344 1194 vobis
379 1144 543 1210 Scipio
581 1145 661 1194 ille
695 1145 958 1211 metuebat,
997 1144 1192 1210 quando
1233 1145 1458 1194 construi
1497 1144 1687 1193 theatra
1725 1144 1890 1209 prohi—

206 1218 374 1285 bebat,
423 1219 618 1283 quando
657 1218 809 1268 rebus
847 1221 1101 1283 prosperis
1148 1234 1235 1267 vos
1274 1218 1414 1267 facile
1454 1219 1706 1282 corrumpi
1746 1225 1893 1282 atque

209 1294 365 1342 everti
414 1307 560 1356 posse
608 1291 863 1357 cernebat,
914 1292 1108 1357 quando
1157 1306 1242 1340 vos
1283 1291 1341 1340 ab
1380 1291 1547 1340 hostili
1586 1298 1778 1340 terrore
1819 1306 1893 1340 se-

210 1381 359 1416 curos
398 1381 506 1414 esse
532 1364 740 1415 nolebat.
802 1365 972 1430 Neque
1006 1367 1138 1414 enim
1169 1364 1402 1414 censebat
1432 1363 1512 1413 ille
1552 1364 1746 1414 felicem
1785 1379 1892 1414 esse

121 1450 177 1490 15
210 1454 318 1488 rem
347 1438 596 1503 publicam
628 1438 872 1488 stantibus
903 1438 1178 1505 moenibuS,
1216 1437 1478 1487 ruentibus
1510 1437 1744 1487 moribus.
1797 1438 1895 1487 Sed

208 1515 260 1562 in
284 1512 421 1561 vobis
445 1511 556 1577 plus
580 1512 731 1561 valuit
754 1513 886 1576 quod
911 1512 1173 1562 daemones
1212 1513 1349 1576 impii
1389 1511 1708 1577 seduxerunt,
1747 1526 1895 1576 quam

211 1586 342 1651 quod
380 1586 605 1634 homines
628 1586 819 1650 providi
858 1592 1227 1651 praecaverunt.
1303 1584 1429 1634 Hinc
1470 1591 1546 1634 est
1584 1585 1716 1649 quod
1754 1585 1894 1653 mala,

211 1674 335 1724 quae
376 1660 535 1708 facitis
546 1698 560 1726 ,
607 1658 745 1708 vobis
791 1661 1009 1724 inputari
1047 1675 1146 1708 non
1185 1658 1354 1725 vultis,
1407 1658 1532 1707 mala
1570 1673 1714 1725 vero,
1769 1673 1894 1723 quae

210 1734 447 1799 patimini,
488 1731 777 1782 Christianis
802 1732 1107 1797 temporibus
1133 1734 1384 1798 inputatiS.
1461 1731 1633 1796 Neque
1674 1733 1805 1782 enim
1842 1734 1895 1781 in

122 1818 179 1858 20
211 1813 374 1856 vestra
429 1807 694 1855 securitate
745 1813 966 1871 pacatam
1027 1822 1134 1855 rem
1186 1805 1455 1871 publicam,
1510 1805 1596 1854 sed
1650 1805 1895 1855 luxuriam

215 1882 452 1944 quaeritis
504 1881 801 1946 inpunitam,
856 1882 939 1944 qui
990 1879 1239 1945 depravati
1292 1878 1443 1928 rebus
1495 1881 1749 1944 prosperis
1803 1894 1896 1929 nec

215 1955 400 2018 corrigi
438 1955 670 2017 potuistis
717 1954 948 2002 adversis,
1025 1952 1226 2003 Volebat
1265 1968 1350 2002 vos
1388 1952 1469 2002 ille
1511 1952 1676 2018 Scipio
1714 1954 1896 2002 terreri

214 2026 273 2076 ab
319 2026 484 2092 hoste,
534 2042 595 2075 ne
642 2028 693 2075 in
739 2026 982 2076 luxuriam
1028 2027 1271 2076 flueretis:
1323 2041 1410 2075 vos
1456 2041 1548 2075 nec
1597 2028 1797 2076 contriti
1835 2025 1894 2075 ab

212 2100 354 2149 hoste
403 2099 648 2149 luxuriam
694 2102 1026 2165 repressistiS,
1071 2100 1355 2165 perdidistis
1402 2099 1663 2150 utilitatem
1702 2099 1894 2150 calami·

125 2184 181 2224 25
213 2175 349 2240 tatiS,
389 2180 439 2222 et
477 2174 743 2222 miserrimi
781 2174 896 2223 sacti
928 2175 1047 2222 estis
1087 2180 1136 2223 et
1173 2174 1372 2238 pessimi
1413 2174 1768 2238 permansistis

813 2373 1010 2428 CAPUT
1042 2374 1290 2427 XXXIV.

290 2482 366 2531 Be
405 2483 668 2531 elementia
708 2482 817 2543 Dei,
857 2496 989 2543 quae
1036 2483 1181 2531 Urbis
1218 2482 1474 2530 excidium
1514 2484 1822 2543 temperavit.

362 2583 425 2633 Et
472 2591 636 2634 tamen
688 2584 817 2648 quod
866 2585 1025 2632 vivitis
1065 2583 1148 2632 Dei
1192 2590 1291 2648 est,
1339 2585 1423 2647 qui
1473 2582 1609 2632 vobis
1647 2583 1894 2647 parcendo

216 2659 466 2724 admonet,
515 2665 570 2707 ut
618 2659 931 2722 corrigamini
977 2657 1294 2723 paenitend03
1340 2658 1426 2721 qui
1466 2655 1604 2705 vobis
1636 2658 1783 2706 etiam
1821 2659 1894 2706 in—

127 2743 183 2782 30
216 2734 367 2796 gratis
404 2733 673 2797 praestitit,
712 2737 768 2779 ut
805 2730 881 2780 vel
921 2730 1012 2779 sub
1053 2732 1249 2779 nomine
1289 2745 1544 2779 servorum
1584 2731 1691 2778 eius
1730 2729 1806 2778 vel
1843 2731 1894 2778 in

215 2805 335 2855 locis
374 2812 645 2870 martyrum
683 2805 790 2853 eius
835 2803 1040 2853 hostiles
1079 2819 1252 2853 manus
1291 2802 1577 2852 evaderetis
1655 2802 1893 2852 Romulus

218 2886 266 2927 et
312 2878 495 2928 Remus
543 2877 730 2943 asylum
776 2878 1090 2926 constituisse
1138 2876 1484 2944 perhibentur,
1533 2891 1631 2940 quo
1671 2877 1895 2940 quisquis
