<?xml version="1.0" encoding="UTF-8"?>
<!DOCTYPE html PUBLIC "-//W3C//DTD XHTML 1.0 Transitional//EN"
    "http://www.w3.org/TR/xhtml1/DTD/xhtml1-transitional.dtd">
<html xmlns="http://www.w3.org/1999/xhtml" xml:lang="en" lang="en">
 <head>
  <title>
</title>
<meta http-equiv="Content-Type" content="text/html;charset=utf-8" />
  <meta name='ocr-system' content='tesseract 3.04.00' />
  <meta name='ocr-capabilities' content='ocr_page ocr_carea ocr_par ocr_line ocrx_word'/>
</head>
<body>
  <div class='ocr_page' id='page_1' title='image "./decivitatedeilib01auguuoft_0455.png"; bbox 0 0 2020 3122; ppageno 0'>
   <div class='ocr_carea' id='block_1_1' title="bbox 545 151 1792 203">
    <p class='ocr_par' dir='ltr' id='par_1_1' title="bbox 545 151 1792 203">
     <span class='ocr_line' id='line_1_1' title="bbox 545 151 1792 203; baseline 0.01 -12"><span class='ocrx_word' id='word_1_1' title='bbox 545 160 612 191; x_wconf 82' lang='lat' dir='ltr'><strong>DE</strong></span> <span class='ocrx_word' id='word_1_2' title='bbox 637 159 878 193; x_wconf 79' lang='lat' dir='ltr'>CIVITATE</span> <span class='ocrx_word' id='word_1_3' title='bbox 901 161 990 193; x_wconf 78' lang='lat' dir='ltr'><strong>Dm</strong></span> <span class='ocrx_word' id='word_1_4' title='bbox 1014 162 1055 194; x_wconf 80' lang='lat' dir='ltr'><strong>L.</strong></span> <span class='ocrx_word' id='word_1_5' title='bbox 1080 162 1125 195; x_wconf 83' lang='lat' dir='ltr'><strong>x.</strong></span> <span class='ocrx_word' id='word_1_6' title='bbox 1151 162 1187 194; x_wconf 84' lang='lat' dir='ltr'><strong>c.</strong></span> <span class='ocrx_word' id='word_1_7' title='bbox 1214 163 1267 195; x_wconf 79' lang='lat'><strong>26.</strong></span> <span class='ocrx_word' id='word_1_8' title='bbox 1293 163 1345 195; x_wconf 81' lang='lat'><strong>27.</strong></span> <span class='ocrx_word' id='word_1_9' title='bbox 1685 151 1792 203; x_wconf 83' lang='lat'><strong>443</strong></span> 
     </span>
    </p>
   </div>
   <div class='ocr_carea' id='block_1_2' title="bbox 53 272 1881 1664">
    <p class='ocr_par' dir='ltr' id='par_1_2' title="bbox 105 272 1852 927">
     <span class='ocr_line' id='line_1_2' title="bbox 111 272 1792 341; baseline 0.002 -20"><span class='ocrx_word' id='word_1_10' title='bbox 111 287 207 337; x_wconf 89' lang='lat' dir='ltr'><strong>quo</strong></span> <span class='ocrx_word' id='word_1_11' title='bbox 248 272 319 320; x_wconf 88' lang='lat' dir='ltr'><strong>eis</strong></span> <span class='ocrx_word' id='word_1_12' title='bbox 357 273 409 320; x_wconf 91' lang='lat' dir='ltr'><strong>in</strong></span> <span class='ocrx_word' id='word_1_13' title='bbox 439 285 559 336; x_wconf 87' lang='lat' dir='ltr'><strong>pace</strong></span> <span class='ocrx_word' id='word_1_14' title='bbox 592 272 854 321; x_wconf 78' lang='lat' dir='ltr'><strong>sociemur.</strong></span> <span class='ocrx_word' id='word_1_15' title='bbox 933 272 1060 330; x_wconf 85' lang='lat' dir='ltr'>Quid</span> <span class='ocrx_word' id='word_1_16' title='bbox 1101 273 1258 323; x_wconf 89' lang='lat' dir='ltr'><strong>adhuc</strong></span> <span class='ocrx_word' id='word_1_17' title='bbox 1299 275 1531 341; x_wconf 84' lang='lat' dir='ltr'><strong>trepidaS,</strong></span> <span class='ocrx_word' id='word_1_18' title='bbox 1570 289 1598 322; x_wconf 92' lang='lat' dir='ltr'><strong>o</strong></span> <span class='ocrx_word' id='word_1_19' title='bbox 1638 274 1792 339; x_wconf 89' lang='lat' dir='ltr'><strong>philo-</strong></span> 
     </span>
     <span class='ocr_line' id='line_1_3' title="bbox 112 344 1794 411; baseline 0.001 -16"><span class='ocrx_word' id='word_1_20' title='bbox 112 345 287 411; x_wconf 89' lang='lat' dir='ltr'><strong>sophe,</strong></span> <span class='ocrx_word' id='word_1_21' title='bbox 327 344 561 394; x_wconf 90' lang='lat' dir='ltr'><strong>adversus</strong></span> <span class='ocrx_word' id='word_1_22' title='bbox 600 350 871 408; x_wconf 85' lang='lat' dir='ltr'><strong>potestates</strong></span> <span class='ocrx_word' id='word_1_23' title='bbox 911 352 959 395; x_wconf 92' lang='lat' dir='ltr'><strong>et</strong></span> <span class='ocrx_word' id='word_1_24' title='bbox 999 348 1129 396; x_wconf 90' lang='lat' dir='ltr'><strong>veris</strong></span> <span class='ocrx_word' id='word_1_25' title='bbox 1167 348 1433 398; x_wconf 88' lang='lat' dir='ltr'><strong>virtutibus</strong></span> <span class='ocrx_word' id='word_1_26' title='bbox 1474 354 1524 397; x_wconf 90' lang='lat' dir='ltr'><strong>et</strong></span> <span class='ocrx_word' id='word_1_27' title='bbox 1562 350 1666 397; x_wconf 89' lang='lat' dir='ltr'><strong>veri</strong></span> <span class='ocrx_word' id='word_1_28' title='bbox 1704 347 1794 397; x_wconf 93' lang='lat' dir='ltr'><strong>Dei</strong></span> 
     </span>
     <span class='ocr_line' id='line_1_4' title="bbox 110 416 1795 471; baseline 0.002 -3"><span class='ocrx_word' id='word_1_29' title='bbox 110 416 400 469; x_wconf 89' lang='lat' dir='ltr'><strong>muneribus</strong></span> <span class='ocrx_word' id='word_1_30' title='bbox 438 417 626 468; x_wconf 84' lang='lat' dir='ltr'><strong>invidas</strong></span> <span class='ocrx_word' id='word_1_31' title='bbox 666 417 847 468; x_wconf 89' lang='lat' dir='ltr'><strong>habere</strong></span> <span class='ocrx_word' id='word_1_32' title='bbox 887 418 1092 468; x_wconf 81' lang='lat' dir='ltr'><strong>liberam</strong></span> <span class='ocrx_word' id='word_1_33' title='bbox 1132 419 1336 470; x_wconf 78' lang='lat' dir='ltr'><strong>vocem?</strong></span> <span class='ocrx_word' id='word_1_34' title='bbox 1387 421 1488 470; x_wconf 90' lang='lat' dir='ltr'><strong>Iam</strong></span> <span class='ocrx_word' id='word_1_35' title='bbox 1527 421 1795 471; x_wconf 86' lang='lat' dir='ltr'><strong>distinxisti</strong></span> 
     </span>
     <span class='ocr_line' id='line_1_5' title="bbox 109 491 1794 561; baseline 0.001 -19"><span class='ocrx_word' id='word_1_36' title='bbox 109 492 306 557; x_wconf 88' lang='lat' dir='ltr'><strong>angelos</strong></span> <span class='ocrx_word' id='word_1_37' title='bbox 318 532 331 557; x_wconf 93' lang='lat'><strong>,</strong></span> <span class='ocrx_word' id='word_1_38' title='bbox 369 493 454 557; x_wconf 91' lang='lat' dir='ltr'><strong>qui</strong></span> <span class='ocrx_word' id='word_1_39' title='bbox 492 491 653 541; x_wconf 83' lang='lat' dir='ltr'><strong>Patris</strong></span> <span class='ocrx_word' id='word_1_40' title='bbox 694 492 985 542; x_wconf 79' lang='lat' dir='ltr'><strong>adnuntiant</strong></span> <span class='ocrx_word' id='word_1_41' title='bbox 1024 493 1342 559; x_wconf 89' lang='lat' dir='ltr'><strong>voluntatem,</strong></span> <span class='ocrx_word' id='word_1_42' title='bbox 1382 495 1441 543; x_wconf 91' lang='lat' dir='ltr'><strong>ab</strong></span> <span class='ocrx_word' id='word_1_43' title='bbox 1481 497 1553 544; x_wconf 89' lang='lat' dir='ltr'><strong>eis</strong></span> <span class='ocrx_word' id='word_1_44' title='bbox 1593 495 1794 561; x_wconf 82' lang='lat' dir='ltr'><strong>angeliS,</strong></span> 
     </span>
     <span class='ocr_line' id='line_1_6' title="bbox 107 565 1852 631; baseline 0.002 -17"><span class='ocrx_word' id='word_1_45' title='bbox 107 568 193 630; x_wconf 89' lang='lat' dir='ltr'><strong>qui</strong></span> <span class='ocrx_word' id='word_1_46' title='bbox 232 565 291 615; x_wconf 90' lang='lat' dir='ltr'><strong>ad</strong></span> <span class='ocrx_word' id='word_1_47' title='bbox 331 565 567 630; x_wconf 83' lang='lat' dir='ltr'><strong>theurgos</strong></span> <span class='ocrx_word' id='word_1_48' title='bbox 598 565 823 615; x_wconf 90' lang='lat' dir='ltr'><strong>homines</strong></span> <span class='ocrx_word' id='word_1_49' title='bbox 863 569 1032 616; x_wconf 90' lang='lat' dir='ltr'><strong>nescio</strong></span> <span class='ocrx_word' id='word_1_50' title='bbox 1073 582 1169 631; x_wconf 88' lang='lat' dir='ltr'><strong>qua</strong></span> <span class='ocrx_word' id='word_1_51' title='bbox 1208 567 1407 616; x_wconf 88' lang='lat' dir='ltr'><strong>deducti</strong></span> <span class='ocrx_word' id='word_1_52' title='bbox 1447 575 1550 617; x_wconf 91' lang='lat' dir='ltr'><strong>arte</strong></span> <span class='ocrx_word' id='word_1_53' title='bbox 1591 569 1792 618; x_wconf 87' lang='lat' dir='ltr'><strong>descen·</strong></span> <span class='ocrx_word' id='word_1_54' title='bbox 1826 578 1852 617; x_wconf 85' lang='lat'>5</span> 
     </span>
     <span class='ocr_line' id='line_1_7' title="bbox 108 639 1793 706; baseline 0.002 -18"><span class='ocrx_word' id='word_1_55' title='bbox 108 639 244 689; x_wconf 91' lang='lat' dir='ltr'><strong>dunt.</strong></span> <span class='ocrx_word' id='word_1_56' title='bbox 323 639 451 698; x_wconf 87' lang='lat' dir='ltr'><strong>Quid</strong></span> <span class='ocrx_word' id='word_1_57' title='bbox 491 639 651 688; x_wconf 88' lang='lat' dir='ltr'><strong>adhuc</strong></span> <span class='ocrx_word' id='word_1_58' title='bbox 691 654 778 689; x_wconf 90' lang='lat' dir='ltr'><strong>eos</strong></span> <span class='ocrx_word' id='word_1_59' title='bbox 816 640 1052 706; x_wconf 85' lang='lat' dir='ltr'><strong>honoraS,</strong></span> <span class='ocrx_word' id='word_1_60' title='bbox 1093 646 1148 690; x_wconf 87' lang='lat' dir='ltr'><strong>ut</strong></span> <span class='ocrx_word' id='word_1_61' title='bbox 1187 641 1321 690; x_wconf 89' lang='lat' dir='ltr'><strong>dicas</strong></span> <span class='ocrx_word' id='word_1_62' title='bbox 1359 644 1682 706; x_wconf 87' lang='lat' dir='ltr'><strong>pronuntiare</strong></span> <span class='ocrx_word' id='word_1_63' title='bbox 1723 642 1793 691; x_wconf 90' lang='lat' dir='ltr'><strong>di-</strong></span> 
     </span>
     <span class='ocr_line' id='line_1_8' title="bbox 106 710 1792 781; baseline 0.001 -19"><span class='ocrx_word' id='word_1_64' title='bbox 106 710 252 763; x_wconf 71' lang='lat' dir='ltr'><strong>vina?</strong></span> <span class='ocrx_word' id='word_1_65' title='bbox 308 713 443 771; x_wconf 86' lang='lat' dir='ltr'><strong>Quae</strong></span> <span class='ocrx_word' id='word_1_66' title='bbox 483 713 681 762; x_wconf 86' lang='lat' dir='ltr'><strong>tandem</strong></span> <span class='ocrx_word' id='word_1_67' title='bbox 721 713 881 762; x_wconf 86' lang='lat' dir='ltr'><strong>divina</strong></span> <span class='ocrx_word' id='word_1_68' title='bbox 919 716 1269 781; x_wconf 89' lang='lat' dir='ltr'><strong>pronuntiant,</strong></span> <span class='ocrx_word' id='word_1_69' title='bbox 1309 717 1395 779; x_wconf 90' lang='lat' dir='ltr'><strong>qui</strong></span> <span class='ocrx_word' id='word_1_70' title='bbox 1435 730 1535 763; x_wconf 90' lang='lat' dir='ltr'><strong>non</strong></span> <span class='ocrx_word' id='word_1_71' title='bbox 1574 715 1792 764; x_wconf 90' lang='lat' dir='ltr'><strong>volunta-</strong></span> 
     </span>
     <span class='ocr_line' id='line_1_9' title="bbox 106 784 1792 854; baseline 0 -18"><span class='ocrx_word' id='word_1_72' title='bbox 106 793 207 836; x_wconf 87' lang='lat' dir='ltr'><strong>tem</strong></span> <span class='ocrx_word' id='word_1_73' title='bbox 230 787 391 836; x_wconf 89' lang='lat' dir='ltr'><strong>Patris</strong></span> <span class='ocrx_word' id='word_1_74' title='bbox 423 784 688 836; x_wconf 77' lang='lat' dir='ltr'><strong>nuntiant?</strong></span> <span class='ocrx_word' id='word_1_75' title='bbox 742 786 928 852; x_wconf 85' lang='lat' dir='ltr'><strong>Nempe</strong></span> <span class='ocrx_word' id='word_1_76' title='bbox 953 788 1023 837; x_wconf 91' lang='lat' dir='ltr'><strong>illi</strong></span> <span class='ocrx_word' id='word_1_77' title='bbox 1048 794 1178 854; x_wconf 90' lang='lat' dir='ltr'><strong>sunt,</strong></span> <span class='ocrx_word' id='word_1_78' title='bbox 1218 803 1342 853; x_wconf 90' lang='lat' dir='ltr'><strong>quos</strong></span> <span class='ocrx_word' id='word_1_79' title='bbox 1376 790 1528 838; x_wconf 91' lang='lat' dir='ltr'><strong>sacris</strong></span> <span class='ocrx_word' id='word_1_80' title='bbox 1559 788 1792 853; x_wconf 87' lang='lat' dir='ltr'><strong>precibus</strong></span> 
     </span>
     <span class='ocr_line' id='line_1_10' title="bbox 105 861 1792 927; baseline 0.001 -18"><span class='ocrx_word' id='word_1_81' title='bbox 105 861 299 910; x_wconf 90' lang='lat' dir='ltr'><strong>invidus</strong></span> <span class='ocrx_word' id='word_1_82' title='bbox 339 861 570 926; x_wconf 87' lang='lat' dir='ltr'><strong>alligavit,</strong></span> <span class='ocrx_word' id='word_1_83' title='bbox 610 876 670 909; x_wconf 88' lang='lat' dir='ltr'><strong>ne</strong></span> <span class='ocrx_word' id='word_1_84' title='bbox 711 868 1021 925; x_wconf 83' lang='lat' dir='ltr'><strong>praestarent</strong></span> <span class='ocrx_word' id='word_1_85' title='bbox 1060 864 1249 911; x_wconf 90' lang='lat' dir='ltr'><strong>animae</strong></span> <span class='ocrx_word' id='word_1_86' title='bbox 1289 864 1660 927; x_wconf 85' lang='lat' dir='ltr'><strong>purgationem,</strong></span> <span class='ocrx_word' id='word_1_87' title='bbox 1700 877 1792 910; x_wconf 91' lang='lat' dir='ltr'><strong>nec</strong></span> 
     </span>
    </p>

    <p class='ocr_par' dir='ltr' id='par_1_3' title="bbox 103 934 1881 1591">
     <span class='ocr_line' id='line_1_11' title="bbox 107 934 1880 1001; baseline 0 -18"><span class='ocrx_word' id='word_1_88' title='bbox 107 949 133 983; x_wconf 90' lang='lat' dir='ltr'><strong>a</strong></span> <span class='ocrx_word' id='word_1_89' title='bbox 171 934 322 1001; x_wconf 92' lang='lat' dir='ltr'><strong>bono,</strong></span> <span class='ocrx_word' id='word_1_90' title='bbox 370 941 426 984; x_wconf 91' lang='lat' dir='ltr'><strong>ut</strong></span> <span class='ocrx_word' id='word_1_91' title='bbox 465 934 609 1000; x_wconf 86' lang='lat' dir='ltr'><strong>dicis,</strong></span> <span class='ocrx_word' id='word_1_92' title='bbox 656 950 868 999; x_wconf 88' lang='lat' dir='ltr'><strong>purgare</strong></span> <span class='ocrx_word' id='word_1_93' title='bbox 918 937 1146 1000; x_wconf 89' lang='lat' dir='ltr'><strong>cupiente</strong></span> <span class='ocrx_word' id='word_1_94' title='bbox 1187 935 1246 985; x_wconf 92' lang='lat' dir='ltr'><strong>ab</strong></span> <span class='ocrx_word' id='word_1_95' title='bbox 1286 936 1382 984; x_wconf 90' lang='lat' dir='ltr'><strong>illis</strong></span> <span class='ocrx_word' id='word_1_96' title='bbox 1420 936 1630 985; x_wconf 91' lang='lat' dir='ltr'><strong>vinculis</strong></span> <span class='ocrx_word' id='word_1_97' title='bbox 1670 935 1792 984; x_wconf 91' lang='lat' dir='ltr'><strong>solvi</strong></span> <span class='ocrx_word' id='word_1_98' title='bbox 1827 945 1880 984; x_wconf 91' lang='lat'><strong>10</strong></span> 
     </span>
     <span class='ocr_line' id='line_1_12' title="bbox 105 1008 1791 1074; baseline 0.001 -17"><span class='ocrx_word' id='word_1_99' title='bbox 105 1014 155 1057; x_wconf 91' lang='lat' dir='ltr'><strong>et</strong></span> <span class='ocrx_word' id='word_1_100' title='bbox 205 1023 320 1058; x_wconf 81' lang='lat' dir='ltr'><strong>suae</strong></span> <span class='ocrx_word' id='word_1_101' title='bbox 371 1010 605 1074; x_wconf 87' lang='lat' dir='ltr'><strong>potestati</strong></span> <span class='ocrx_word' id='word_1_102' title='bbox 654 1008 796 1057; x_wconf 89' lang='lat' dir='ltr'><strong>reddi</strong></span> <span class='ocrx_word' id='word_1_103' title='bbox 844 1015 1130 1073; x_wconf 90' lang='lat' dir='ltr'><strong>potuerunt.</strong></span> <span class='ocrx_word' id='word_1_104' title='bbox 1206 1010 1378 1058; x_wconf 89' lang='lat' dir='ltr'><strong>Adhuc</strong></span> <span class='ocrx_word' id='word_1_105' title='bbox 1426 1008 1620 1058; x_wconf 87' lang='lat' dir='ltr'><strong>dubitas</strong></span> <span class='ocrx_word' id='word_1_106' title='bbox 1670 1009 1791 1058; x_wconf 89' lang='lat' dir='ltr'><strong>haec</strong></span> 
     </span>
     <span class='ocr_line' id='line_1_13' title="bbox 105 1082 1793 1148; baseline -0.001 -16"><span class='ocrx_word' id='word_1_107' title='bbox 105 1082 315 1147; x_wconf 89' lang='lat' dir='ltr'><strong>maligna</strong></span> <span class='ocrx_word' id='word_1_108' title='bbox 339 1097 448 1132; x_wconf 89' lang='lat' dir='ltr'><strong>esse</strong></span> <span class='ocrx_word' id='word_1_109' title='bbox 483 1083 751 1148; x_wconf 90' lang='lat' dir='ltr'><strong>daemonia,</strong></span> <span class='ocrx_word' id='word_1_110' title='bbox 790 1083 868 1131; x_wconf 91' lang='lat' dir='ltr'><strong>vel</strong></span> <span class='ocrx_word' id='word_1_111' title='bbox 906 1089 954 1132; x_wconf 92' lang='lat' dir='ltr'><strong>te</strong></span> <span class='ocrx_word' id='word_1_112' title='bbox 994 1084 1137 1148; x_wconf 89' lang='lat' dir='ltr'><strong>fingis</strong></span> <span class='ocrx_word' id='word_1_113' title='bbox 1178 1084 1386 1132; x_wconf 88' lang='lat' dir='ltr'><strong>fortasse</strong></span> <span class='ocrx_word' id='word_1_114' title='bbox 1427 1084 1635 1148; x_wconf 87' lang='lat' dir='ltr'><strong>nescire,</strong></span> <span class='ocrx_word' id='word_1_115' title='bbox 1675 1082 1793 1132; x_wconf 89' lang='lat' dir='ltr'><strong>dum</strong></span> 
     </span>
     <span class='ocr_line' id='line_1_14' title="bbox 105 1156 1793 1223; baseline -0.001 -18"><span class='ocrx_word' id='word_1_116' title='bbox 105 1171 204 1205; x_wconf 89' lang='lat' dir='ltr'><strong>non</strong></span> <span class='ocrx_word' id='word_1_117' title='bbox 242 1158 315 1205; x_wconf 88' lang='lat' dir='ltr'><strong>vis</strong></span> <span class='ocrx_word' id='word_1_118' title='bbox 353 1156 590 1221; x_wconf 85' lang='lat' dir='ltr'><strong>theurgos</strong></span> <span class='ocrx_word' id='word_1_119' title='bbox 630 1156 906 1223; x_wconf 86' lang='lat' dir='ltr'><strong>offendere,</strong></span> <span class='ocrx_word' id='word_1_120' title='bbox 944 1172 970 1205; x_wconf 91' lang='lat' dir='ltr'><strong>a</strong></span> <span class='ocrx_word' id='word_1_121' title='bbox 1011 1156 1191 1221; x_wconf 89' lang='lat' dir='ltr'><strong>quibus</strong></span> <span class='ocrx_word' id='word_1_122' title='bbox 1231 1158 1514 1206; x_wconf 87' lang='lat' dir='ltr'><strong>curiositate</strong></span> <span class='ocrx_word' id='word_1_123' title='bbox 1556 1157 1793 1221; x_wconf 88' lang='lat' dir='ltr'><strong>deceptus</strong></span> 
     </span>
     <span class='ocr_line' id='line_1_15' title="bbox 103 1227 1793 1295; baseline 0 -16"><span class='ocrx_word' id='word_1_124' title='bbox 103 1231 197 1279; x_wconf 89' lang='lat' dir='ltr'><strong>ista</strong></span> <span class='ocrx_word' id='word_1_125' title='bbox 249 1232 529 1295; x_wconf 89' lang='lat' dir='ltr'><strong>perniciosa</strong></span> <span class='ocrx_word' id='word_1_126' title='bbox 583 1235 632 1279; x_wconf 91' lang='lat' dir='ltr'><strong>et</strong></span> <span class='ocrx_word' id='word_1_127' title='bbox 683 1232 854 1279; x_wconf 90' lang='lat' dir='ltr'><strong>insana</strong></span> <span class='ocrx_word' id='word_1_128' title='bbox 901 1246 992 1295; x_wconf 89' lang='lat' dir='ltr'><strong>pro</strong></span> <span class='ocrx_word' id='word_1_129' title='bbox 1039 1246 1214 1295; x_wconf 89' lang='lat' dir='ltr'><strong>magno</strong></span> <span class='ocrx_word' id='word_1_130' title='bbox 1262 1231 1502 1280; x_wconf 84' lang='lat' dir='ltr'><strong>beneficio</strong></span> <span class='ocrx_word' id='word_1_131' title='bbox 1543 1227 1793 1279; x_wconf 82' lang='lat' dir='ltr'><strong>didicisti?</strong></span> 
     </span>
     <span class='ocr_line' id='line_1_16' title="bbox 105 1303 1881 1369; baseline 0 -17"><span class='ocrx_word' id='word_1_132' title='bbox 105 1303 268 1353; x_wconf 88' lang='lat' dir='ltr'><strong>Audes</strong></span> <span class='ocrx_word' id='word_1_133' title='bbox 307 1306 453 1353; x_wconf 91' lang='lat' dir='ltr'><strong>istam</strong></span> <span class='ocrx_word' id='word_1_134' title='bbox 491 1304 704 1352; x_wconf 87' lang='lat' dir='ltr'><strong>invidam</strong></span> <span class='ocrx_word' id='word_1_135' title='bbox 743 1319 844 1352; x_wconf 92' lang='lat' dir='ltr'><strong>non</strong></span> <span class='ocrx_word' id='word_1_136' title='bbox 881 1306 1174 1369; x_wconf 90' lang='lat' dir='ltr'><strong>potentiam,</strong></span> <span class='ocrx_word' id='word_1_137' title='bbox 1223 1305 1310 1354; x_wconf 90' lang='lat' dir='ltr'><strong>sed</strong></span> <span class='ocrx_word' id='word_1_138' title='bbox 1348 1304 1702 1369; x_wconf 78' lang='lat' dir='ltr'><strong>pestilentiam,</strong></span> <span class='ocrx_word' id='word_1_139' title='bbox 1743 1310 1792 1352; x_wconf 86' lang='lat' dir='ltr'><strong>et</strong></span> <span class='ocrx_word' id='word_1_140' title='bbox 1827 1313 1881 1352; x_wconf 87' lang='lat'><strong>15</strong></span> 
     </span>
     <span class='ocr_line' id='line_1_17' title="bbox 106 1377 1793 1444; baseline 0 -18"><span class='ocrx_word' id='word_1_141' title='bbox 106 1392 205 1426; x_wconf 91' lang='lat' dir='ltr'><strong>non</strong></span> <span class='ocrx_word' id='word_1_142' title='bbox 245 1378 403 1426; x_wconf 90' lang='lat' dir='ltr'><strong>dicam</strong></span> <span class='ocrx_word' id='word_1_143' title='bbox 435 1378 696 1443; x_wconf 88' lang='lat' dir='ltr'><strong>dominam,</strong></span> <span class='ocrx_word' id='word_1_144' title='bbox 735 1377 838 1437; x_wconf 87' lang='lat' dir='ltr'><strong>sed,</strong></span> <span class='ocrx_word' id='word_1_145' title='bbox 877 1378 1009 1442; x_wconf 89' lang='lat' dir='ltr'><strong>quod</strong></span> <span class='ocrx_word' id='word_1_146' title='bbox 1049 1385 1103 1427; x_wconf 88' lang='lat' dir='ltr'><strong>tu</strong></span> <span class='ocrx_word' id='word_1_147' title='bbox 1142 1379 1326 1444; x_wconf 89' lang='lat' dir='ltr'><strong>fateris,</strong></span> <span class='ocrx_word' id='word_1_148' title='bbox 1366 1377 1590 1426; x_wconf 84' lang='lat' dir='ltr'><strong>ancillam</strong></span> <span class='ocrx_word' id='word_1_149' title='bbox 1627 1379 1793 1442; x_wconf 91' lang='lat' dir='ltr'><strong>potius</strong></span> 
     </span>
     <span class='ocr_line' id='line_1_18' title="bbox 103 1451 1793 1501; baseline -0.001 -1"><span class='ocrx_word' id='word_1_150' title='bbox 103 1451 382 1500; x_wconf 89' lang='lat' dir='ltr'><strong>invidorum</strong></span> <span class='ocrx_word' id='word_1_151' title='bbox 433 1453 528 1500; x_wconf 90' lang='lat' dir='ltr'><strong>isto</strong></span> <span class='ocrx_word' id='word_1_152' title='bbox 570 1466 681 1500; x_wconf 90' lang='lat' dir='ltr'><strong>aere</strong></span> <span class='ocrx_word' id='word_1_153' title='bbox 722 1456 1013 1500; x_wconf 87' lang='lat' dir='ltr'><strong>transcenso</strong></span> <span class='ocrx_word' id='word_1_154' title='bbox 1052 1452 1213 1501; x_wconf 91' lang='lat' dir='ltr'><strong>levare</strong></span> <span class='ocrx_word' id='word_1_155' title='bbox 1254 1454 1305 1501; x_wconf 92' lang='lat' dir='ltr'><strong>in</strong></span> <span class='ocrx_word' id='word_1_156' title='bbox 1345 1451 1535 1500; x_wconf 89' lang='lat' dir='ltr'><strong>caelum</strong></span> <span class='ocrx_word' id='word_1_157' title='bbox 1574 1457 1624 1500; x_wconf 89' lang='lat' dir='ltr'><strong>et</strong></span> <span class='ocrx_word' id='word_1_158' title='bbox 1662 1453 1793 1500; x_wconf 86' lang='lat' dir='ltr'><strong>inter</strong></span> 
     </span>
     <span class='ocr_line' id='line_1_19' title="bbox 105 1524 1791 1591; baseline -0.001 -17"><span class='ocrx_word' id='word_1_159' title='bbox 105 1524 222 1574; x_wconf 89' lang='lat' dir='ltr'><strong>deos</strong></span> <span class='ocrx_word' id='word_1_160' title='bbox 275 1531 468 1574; x_wconf 89' lang='lat' dir='ltr'><strong>vestros</strong></span> <span class='ocrx_word' id='word_1_161' title='bbox 524 1526 671 1574; x_wconf 92' lang='lat' dir='ltr'><strong>etiam</strong></span> <span class='ocrx_word' id='word_1_162' title='bbox 718 1525 940 1574; x_wconf 88' lang='lat' dir='ltr'><strong>sidereos</strong></span> <span class='ocrx_word' id='word_1_163' title='bbox 987 1525 1272 1591; x_wconf 80' lang='lat' dir='ltr'><strong>conlocare,</strong></span> <span class='ocrx_word' id='word_1_164' title='bbox 1326 1525 1402 1574; x_wconf 80' lang='lat' dir='ltr'><strong>vel</strong></span> <span class='ocrx_word' id='word_1_165' title='bbox 1440 1527 1545 1590; x_wconf 88' lang='lat' dir='ltr'><strong>ipsa</strong></span> <span class='ocrx_word' id='word_1_166' title='bbox 1594 1540 1791 1590; x_wconf 90' lang='lat' dir='ltr'><strong>quoque</strong></span> 
     </span>
    </p>

    <p class='ocr_par' dir='ltr' id='par_1_4' title="bbox 53 1596 1014 1664">
     <span class='ocr_line' id='line_1_20' title="bbox 53 1596 1014 1664; baseline 0 -17"><span class='ocrx_word' id='word_1_167' title='bbox 53 1623 59 1628; x_wconf 95' lang='lat'><em>·</em></span> <span class='ocrx_word' id='word_1_168' title='bbox 106 1598 267 1648; x_wconf 90' lang='lat' dir='ltr'><strong>sidera</strong></span> <span class='ocrx_word' id='word_1_169' title='bbox 305 1599 382 1647; x_wconf 89' lang='lat' dir='ltr'><strong>his</strong></span> <span class='ocrx_word' id='word_1_170' title='bbox 423 1598 702 1664; x_wconf 87' lang='lat' dir='ltr'><strong>opprobriis</strong></span> <span class='ocrx_word' id='word_1_171' title='bbox 742 1596 1014 1648; x_wconf 72' lang='lat' dir='ltr'><strong>infamare?</strong></span> 
     </span>
    </p>
   </div>
   <div class='ocr_carea' id='block_1_3' title="bbox 719 1756 1880 1811">
    <p class='ocr_par' dir='ltr' id='par_1_5' title="bbox 719 1756 1880 1811">
     <span class='ocr_line' id='line_1_21' title="bbox 719 1756 1880 1811; baseline -0.002 0"><span class='ocrx_word' id='word_1_172' title='bbox 719 1756 917 1811; x_wconf 82' lang='lat' dir='ltr'>CAPUT</span> <span class='ocrx_word' id='word_1_173' title='bbox 950 1757 1175 1810; x_wconf 90' lang='lat' dir='ltr'>XXVII.</span> <span class='ocrx_word' id='word_1_174' title='bbox 1825 1771 1880 1810; x_wconf 83' lang='lat'><strong>20</strong></span> 
     </span>
    </p>
   </div>
   <div class='ocr_carea' id='block_1_4' title="bbox 141 1865 1758 1987">
    <p class='ocr_par' dir='ltr' id='par_1_6' title="bbox 141 1865 1758 1987">
     <span class='ocr_line' id='line_1_22' title="bbox 141 1865 1758 1929; baseline -0.001 -15"><span class='ocrx_word' id='word_1_175' title='bbox 141 1865 216 1914; x_wconf 85' lang='lat' dir='ltr'><strong>De</strong></span> <span class='ocrx_word' id='word_1_176' title='bbox 256 1867 509 1927; x_wconf 76' lang='lat' dir='ltr'><strong>impietate</strong></span> <span class='ocrx_word' id='word_1_177' title='bbox 549 1865 847 1929; x_wconf 72' lang='lat' dir='ltr'><strong>Porphyrii,</strong></span> <span class='ocrx_word' id='word_1_178' title='bbox 887 1879 988 1925; x_wconf 77' lang='lat' dir='ltr'><strong>qua</strong></span> <span class='ocrx_word' id='word_1_179' title='bbox 1029 1866 1178 1913; x_wconf 77' lang='lat' dir='ltr'><strong>etiam</strong></span> <span class='ocrx_word' id='word_1_180' title='bbox 1219 1865 1403 1927; x_wconf 76' lang='lat' dir='ltr'><strong>Apulei</strong></span> <span class='ocrx_word' id='word_1_181' title='bbox 1439 1866 1758 1914; x_wconf 74' lang='lat' dir='ltr'><strong>transcendit</strong></span> 
     </span>
     <span class='ocr_line' id='line_1_23' title="bbox 827 1952 1071 1987; baseline 0 -1"><span class='ocrx_word' id='word_1_182' title='bbox 827 1952 1071 1987; x_wconf 82' lang='lat' dir='ltr'><strong>errorem.</strong></span> 
     </span>
    </p>
   </div>
   <div class='ocr_carea' id='block_1_5' title="bbox 57 2039 1879 2695">
    <p class='ocr_par' dir='ltr' id='par_1_7' title="bbox 57 2039 1879 2695">
     <span class='ocr_line' id='line_1_24' title="bbox 253 2039 1791 2098; baseline 0.001 -9"><span class='ocrx_word' id='word_1_183' title='bbox 253 2040 446 2098; x_wconf 82' lang='lat' dir='ltr'><strong>Quanto</strong></span> <span class='ocrx_word' id='word_1_184' title='bbox 501 2041 763 2089; x_wconf 87' lang='lat' dir='ltr'><strong>humanius</strong></span> <span class='ocrx_word' id='word_1_185' title='bbox 813 2045 861 2088; x_wconf 92' lang='lat' dir='ltr'><strong>et</strong></span> <span class='ocrx_word' id='word_1_186' title='bbox 906 2039 1212 2089; x_wconf 85' lang='lat' dir='ltr'><strong>tolerabilius</strong></span> <span class='ocrx_word' id='word_1_187' title='bbox 1259 2047 1618 2090; x_wconf 87' lang='lat' dir='ltr'><strong>consectaneus</strong></span> <span class='ocrx_word' id='word_1_188' title='bbox 1674 2048 1791 2091; x_wconf 89' lang='lat' dir='ltr'><strong>tuus</strong></span> 
     </span>
     <span class='ocr_line' id='line_1_25' title="bbox 105 2113 1791 2179; baseline 0.001 -16"><span class='ocrx_word' id='word_1_189' title='bbox 105 2113 388 2164; x_wconf 87' lang='lat' dir='ltr'><strong>Platonicus</strong></span> <span class='ocrx_word' id='word_1_190' title='bbox 435 2114 671 2179; x_wconf 90' lang='lat' dir='ltr'><strong>Apuleius</strong></span> <span class='ocrx_word' id='word_1_191' title='bbox 721 2114 922 2179; x_wconf 86' lang='lat' dir='ltr'><strong>erravit,</strong></span> <span class='ocrx_word' id='word_1_192' title='bbox 963 2115 1048 2177; x_wconf 89' lang='lat' dir='ltr'><strong>qni</strong></span> <span class='ocrx_word' id='word_1_193' title='bbox 1087 2114 1426 2163; x_wconf 88' lang='lat' dir='ltr'><strong>tantummodo</strong></span> <span class='ocrx_word' id='word_1_194' title='bbox 1467 2115 1731 2164; x_wconf 87' lang='lat' dir='ltr'><strong>daemones</strong></span> <span class='ocrx_word' id='word_1_195' title='bbox 1764 2131 1791 2164; x_wconf 92' lang='lat' dir='ltr'><strong>a</strong></span> 
     </span>
     <span class='ocr_line' id='line_1_26' title="bbox 104 2186 1879 2252; baseline 0 -16"><span class='ocrx_word' id='word_1_196' title='bbox 104 2186 221 2237; x_wconf 90' lang='lat' dir='ltr'><strong>luna</strong></span> <span class='ocrx_word' id='word_1_197' title='bbox 258 2193 308 2237; x_wconf 87' lang='lat' dir='ltr'><strong>et</strong></span> <span class='ocrx_word' id='word_1_198' title='bbox 352 2188 481 2236; x_wconf 82' lang='lat' dir='ltr'><strong>infra</strong></span> <span class='ocrx_word' id='word_1_199' title='bbox 521 2186 773 2236; x_wconf 90' lang='lat' dir='ltr'><strong>ordinatos</strong></span> <span class='ocrx_word' id='word_1_200' title='bbox 813 2189 987 2251; x_wconf 85' lang='lat' dir='ltr'><strong>agitari</strong></span> <span class='ocrx_word' id='word_1_201' title='bbox 1027 2187 1212 2236; x_wconf 89' lang='lat' dir='ltr'><strong>morbis</strong></span> <span class='ocrx_word' id='word_1_202' title='bbox 1264 2190 1551 2252; x_wconf 89' lang='lat' dir='ltr'><strong>passionum</strong></span> <span class='ocrx_word' id='word_1_203' title='bbox 1589 2191 1788 2238; x_wconf 89' lang='lat' dir='ltr'><strong>mentis·</strong></span> <span class='ocrx_word' id='word_1_204' title='bbox 1824 2196 1879 2236; x_wconf 80' lang='lat'><strong>25</strong></span> 
     </span>
     <span class='ocr_line' id='line_1_27' title="bbox 57 2257 1788 2327; baseline 0.001 -17"><span class='ocrx_word' id='word_1_205' title='bbox 57 2257 72 2267; x_wconf 61' lang='lat'><strong>⁴</strong></span> <span class='ocrx_word' id='word_1_206' title='bbox 107 2275 202 2325; x_wconf 85' lang='lat' dir='ltr'><strong>que</strong></span> <span class='ocrx_word' id='word_1_207' title='bbox 242 2260 449 2311; x_wconf 89' lang='lat' dir='ltr'><strong>turbelis</strong></span> <span class='ocrx_word' id='word_1_208' title='bbox 499 2261 747 2310; x_wconf 88' lang='lat' dir='ltr'><strong>honorans</strong></span> <span class='ocrx_word' id='word_1_209' title='bbox 787 2276 873 2309; x_wconf 92' lang='lat' dir='ltr'><strong>eos</strong></span> <span class='ocrx_word' id='word_1_210' title='bbox 914 2261 1135 2327; x_wconf 89' lang='lat' dir='ltr'><strong>quidem,</strong></span> <span class='ocrx_word' id='word_1_211' title='bbox 1184 2261 1270 2310; x_wconf 90' lang='lat' dir='ltr'><strong>sed</strong></span> <span class='ocrx_word' id='word_1_212' title='bbox 1309 2261 1478 2312; x_wconf 87' lang='lat' dir='ltr'><strong>volens</strong></span> <span class='ocrx_word' id='word_1_213' title='bbox 1518 2261 1788 2326; x_wconf 89' lang='lat' dir='ltr'><strong>nolensque</strong></span> 
     </span>
     <span class='ocr_line' id='line_1_28' title="bbox 107 2334 1791 2400; baseline 0.001 -17"><span class='ocrx_word' id='word_1_214' title='bbox 107 2335 363 2384; x_wconf 85' lang='lat' dir='ltr'><strong>confessus</strong></span> <span class='ocrx_word' id='word_1_215' title='bbox 413 2341 509 2400; x_wconf 86' lang='lat' dir='ltr'><strong>est;</strong></span> <span class='ocrx_word' id='word_1_216' title='bbox 565 2334 682 2383; x_wconf 88' lang='lat' dir='ltr'><strong>deos</strong></span> <span class='ocrx_word' id='word_1_217' title='bbox 737 2342 900 2383; x_wconf 89' lang='lat' dir='ltr'><strong>tamen</strong></span> <span class='ocrx_word' id='word_1_218' title='bbox 957 2335 1079 2384; x_wconf 90' lang='lat' dir='ltr'><strong>caeli</strong></span> <span class='ocrx_word' id='word_1_219' title='bbox 1126 2337 1411 2399; x_wconf 88' lang='lat' dir='ltr'><strong>superiores</strong></span> <span class='ocrx_word' id='word_1_220' title='bbox 1459 2336 1518 2385; x_wconf 90' lang='lat' dir='ltr'><strong>ad</strong></span> <span class='ocrx_word' id='word_1_221' title='bbox 1574 2336 1791 2385; x_wconf 90' lang='lat' dir='ltr'><strong>aetheria</strong></span> 
     </span>
     <span class='ocr_line' id='line_1_29' title="bbox 109 2407 1788 2475; baseline 0.001 -19"><span class='ocrx_word' id='word_1_222' title='bbox 109 2410 262 2472; x_wconf 89' lang='lat' dir='ltr'><strong>spatia</strong></span> <span class='ocrx_word' id='word_1_223' title='bbox 309 2411 639 2474; x_wconf 79' lang='lat' dir='ltr'><strong>pertinenteS,</strong></span> <span class='ocrx_word' id='word_1_224' title='bbox 687 2410 787 2457; x_wconf 88' lang='lat' dir='ltr'><strong>sive</strong></span> <span class='ocrx_word' id='word_1_225' title='bbox 827 2407 1066 2475; x_wconf 83' lang='lat' dir='ltr'><strong>visibileS,</strong></span> <span class='ocrx_word' id='word_1_226' title='bbox 1114 2424 1238 2473; x_wconf 91' lang='lat' dir='ltr'><strong>quos</strong></span> <span class='ocrx_word' id='word_1_227' title='bbox 1279 2411 1575 2474; x_wconf 91' lang='lat' dir='ltr'><strong>conspicuos</strong></span> <span class='ocrx_word' id='word_1_228' title='bbox 1621 2409 1788 2458; x_wconf 87' lang='lat' dir='ltr'><strong>lucere</strong></span> 
     </span>
     <span class='ocr_line' id='line_1_30' title="bbox 109 2481 1787 2547; baseline -0.001 -17"><span class='ocrx_word' id='word_1_229' title='bbox 109 2481 363 2547; x_wconf 87' lang='lat' dir='ltr'><strong>cernebat,</strong></span> <span class='ocrx_word' id='word_1_230' title='bbox 410 2482 565 2531; x_wconf 89' lang='lat' dir='ltr'><strong>solem</strong></span> <span class='ocrx_word' id='word_1_231' title='bbox 604 2497 659 2531; x_wconf 87' lang='lat' dir='ltr'><strong>ac</strong></span> <span class='ocrx_word' id='word_1_232' title='bbox 706 2482 870 2531; x_wconf 91' lang='lat' dir='ltr'><strong>lunam</strong></span> <span class='ocrx_word' id='word_1_233' title='bbox 910 2488 960 2531; x_wconf 89' lang='lat' dir='ltr'><strong>et</strong></span> <span class='ocrx_word' id='word_1_234' title='bbox 1000 2489 1164 2531; x_wconf 86' lang='lat' dir='ltr'><strong>cetera</strong></span> <span class='ocrx_word' id='word_1_235' title='bbox 1202 2482 1384 2531; x_wconf 89' lang='lat' dir='ltr'><strong>ibidem</strong></span> <span class='ocrx_word' id='word_1_236' title='bbox 1433 2483 1638 2542; x_wconf 88' lang='lat' dir='ltr'><strong>lumina,</strong></span> <span class='ocrx_word' id='word_1_237' title='bbox 1688 2484 1787 2530; x_wconf 90' lang='lat' dir='ltr'><strong>sive</strong></span> 
     </span>
     <span class='ocr_line' id='line_1_31' title="bbox 108 2555 1879 2622; baseline 0.002 -19"><span class='ocrx_word' id='word_1_238' title='bbox 108 2555 398 2622; x_wconf 82' lang='lat' dir='ltr'><strong>invisibileS,</strong></span> <span class='ocrx_word' id='word_1_239' title='bbox 439 2571 562 2620; x_wconf 92' lang='lat' dir='ltr'><strong>quos</strong></span> <span class='ocrx_word' id='word_1_240' title='bbox 601 2555 826 2622; x_wconf 86' lang='lat' dir='ltr'><strong>putabat,</strong></span> <span class='ocrx_word' id='word_1_241' title='bbox 866 2555 924 2604; x_wconf 92' lang='lat' dir='ltr'><strong>ab</strong></span> <span class='ocrx_word' id='word_1_242' title='bbox 965 2558 1099 2604; x_wconf 90' lang='lat' dir='ltr'><strong>omni</strong></span> <span class='ocrx_word' id='word_1_243' title='bbox 1136 2555 1244 2605; x_wconf 88' lang='lat' dir='ltr'><strong>labe</strong></span> <span class='ocrx_word' id='word_1_244' title='bbox 1284 2558 1490 2605; x_wconf 86' lang='lat' dir='ltr'><strong>istarum</strong></span> <span class='ocrx_word' id='word_1_245' title='bbox 1528 2555 1787 2620; x_wconf 88' lang='lat' dir='ltr'><strong>perturba-</strong></span> <span class='ocrx_word' id='word_1_246' title='bbox 1822 2567 1879 2606; x_wconf 89' lang='lat'><strong>30</strong></span> 
     </span>
     <span class='ocr_line' id='line_1_32' title="bbox 63 2628 1788 2695; baseline 0 -19"><span class='ocrx_word' id='word_1_247' title='bbox 63 2689 66 2692; x_wconf 11' lang='grc' dir='ltr'>ἱ</span> <span class='ocrx_word' id='word_1_248' title='bbox 109 2629 298 2678; x_wconf 88' lang='lat' dir='ltr'><strong>tionum</strong></span> <span class='ocrx_word' id='word_1_249' title='bbox 331 2636 512 2693; x_wconf 89' lang='lat' dir='ltr'><strong>quanta</strong></span> <span class='ocrx_word' id='word_1_250' title='bbox 542 2631 705 2695; x_wconf 91' lang='lat' dir='ltr'><strong>potuit</strong></span> <span class='ocrx_word' id='word_1_251' title='bbox 738 2629 1070 2694; x_wconf 84' lang='lat' dir='ltr'><strong>disputatione</strong></span> <span class='ocrx_word' id='word_1_252' title='bbox 1106 2628 1336 2679; x_wconf 78' lang='lat' dir='ltr'><strong>secrevit!</strong></span> <span class='ocrx_word' id='word_1_253' title='bbox 1392 2629 1467 2678; x_wconf 88' lang='lat' dir='ltr'><strong>Tu</strong></span> <span class='ocrx_word' id='word_1_254' title='bbox 1500 2636 1664 2678; x_wconf 90' lang='lat' dir='ltr'><strong>autem</strong></span> <span class='ocrx_word' id='word_1_255' title='bbox 1696 2628 1788 2676; x_wconf 91' lang='lat' dir='ltr'><strong>hoc</strong></span> 
     </span>
    </p>
   </div>
   <div class='ocr_carea' id='block_1_6' title="bbox 226 2756 858 2815">
    <p class='ocr_par' dir='ltr' id='par_1_8' title="bbox 226 2756 858 2815">
     <span class='ocr_line' id='line_1_33' title="bbox 226 2756 858 2815; baseline 0.011 -17"><span class='ocrx_word' id='word_1_256' title='bbox 226 2758 299 2812; x_wconf 79' lang='lat'><strong>24)</strong></span> <span class='ocrx_word' id='word_1_257' title='bbox 331 2756 399 2800; x_wconf 89' lang='lat' dir='ltr'><strong>De</strong></span> <span class='ocrx_word' id='word_1_258' title='bbox 433 2757 518 2801; x_wconf 87' lang='lat' dir='ltr'><strong>deo</strong></span> <span class='ocrx_word' id='word_1_259' title='bbox 553 2757 677 2803; x_wconf 77' lang='lat' dir='ltr'><strong>Socr.</strong></span> <span class='ocrx_word' id='word_1_260' title='bbox 710 2773 752 2815; x_wconf 83' lang='lat' dir='ltr'><strong>p.</strong></span> <span class='ocrx_word' id='word_1_261' title='bbox 787 2761 858 2805; x_wconf 84' lang='lat'><strong>48.</strong></span> 
     </span>
    </p>
   </div>
   <div class='ocr_carea' id='block_1_7' title="bbox 227 2887 635 2932">
    <p class='ocr_par' dir='ltr' id='par_1_9' title="bbox 227 2887 635 2932">
     <span class='ocr_line' id='line_1_34' title="bbox 227 2887 635 2932; baseline 0.005 -2"><span class='ocrx_word' id='word_1_262' title='bbox 227 2891 252 2930; x_wconf 89' lang='grc'>8</span> <span class='ocrx_word' id='word_1_263' title='bbox 284 2887 559 2932; x_wconf 72' lang='lat' dir='ltr'><strong>adnuntiant</strong></span> <span class='ocrx_word' id='word_1_264' title='bbox 592 2891 635 2932; x_wconf 82' lang='lat' dir='ltr'><em>A</em></span> 
     </span>
    </p>
   </div>
  </div>
 </body>
</html>
