2020 3122
543 154 609 187 DE
633 153 870 187 omum
892 154 983 187 Dm
1005 154 1047 186 n.
1071 155 1141 187 m
1167 153 1204 187 c.
1229 154 1281 187 27.
1660 143 1762 195 139

83 274 218 334 utar,
272 266 561 334 „superavit
614 272 785 330 postea
840 263 994 314 Cinna
1050 281 1162 314 cum
1218 266 1386 315 Mario.
1464 266 1590 316 Tum
1649 281 1761 315 vero

82 340 367 391 clarissimis
414 340 532 387 viris
578 337 856 388 interfectis
893 337 1078 387 lumina
1129 340 1338 389 civitatis
1379 342 1592 390 extincta
1633 347 1762 390 sunt.

83 413 223 464 Ultus
270 420 345 463 est
391 412 537 462 huius
591 414 824 462 victoriae
883 412 1224 462 crudelitatem
1271 421 1443 478 postea
1491 414 1646 481 Sulla,
1700 430 1762 463 ne

82 487 179 537 dici
203 487 403 553 quidem
427 501 552 551 opus
577 493 654 536 est
678 492 859 550 quanta
898 485 1234 535 deminutione
1275 489 1455 537 civium
1495 495 1544 538 et
1584 494 1763 554 quanta

83 561 354 611 calamitate
386 562 459 609 rei
490 555 762 626 publicae.“
816 559 883 608 De
916 559 1007 608 hac
1048 562 1180 609 enim
1219 561 1447 627 vindicta,
1488 577 1611 626 quae
1651 578 1762 628 per·

82 637 317 696 niciosior
353 635 469 700 suit,
508 649 655 699 quam
694 635 736 683 si
776 633 962 682 scelera
1002 649 1126 699 quae
1166 634 1501 700 puniebantur
1540 637 1763 701 inpunita

82 709 497 774 relinquerentur,
537 709 606 757 ait
643 714 692 756 et
730 706 980 757 Lucanus:

228 827 459 877 Excessit
497 827 740 876 medicina
778 819 980 876 modum
1018 828 1324 891 nimiumque
1366 831 1536 877 secuta
1577 831 1665 889 est,

230 902 340 961 Qua
379 901 540 951 morbi
578 900 763 950 duxere
801 917 1017 950 manum.
1095 901 1294 951 Periere
1332 906 1587 966 nocentes3

229 974 327 1024 sed
365 991 478 1024 cum
514 975 616 1023 iam
657 975 750 1024 soli
787 979 992 1037 possent
1032 991 1292 1038 superesse
1331 979 1578 1026 nocentes.

84 1093 172 1142 Illo
219 1093 347 1142 bello
387 1093 603 1142 Mariano
651 1099 796 1157 atque
845 1092 1044 1142 Sullano
1094 1095 1313 1158 exceptis
1363 1093 1466 1161 his,
1521 1096 1606 1158 qui
1645 1094 1766 1143 foris

82 1169 132 1216 in
172 1169 274 1216 acie
314 1165 623 1231 ceciderunt,
669 1168 722 1214 in
760 1168 864 1231 ipsa
903 1181 1101 1231 quoque
1142 1166 1275 1216 Urbe
1314 1167 1633 1217 cadaveribus
1672 1170 1767 1218 vici

79 1242 267 1306 plateae
307 1241 428 1306 fora,
467 1239 658 1288 theatra
697 1239 878 1304 templa
901 1239 1143 1305 completa
1183 1248 1323 1306 sunt,
1361 1249 1416 1290 ut
1455 1241 1652 1292 difficile
1691 1243 1765 1291 iu·

82 1313 345 1379 dicaretur,
386 1314 581 1378 quando
622 1315 836 1362 victores
874 1313 986 1378 plus
1025 1314 1257 1364 funerum
1298 1314 1558 1381 ediderint,
1598 1323 1767 1365 utrum

80 1390 219 1454 prius
258 1394 314 1437 ut
336 1387 606 1453 vincerent,
645 1403 705 1436 an
738 1393 910 1452 postea
948 1389 1063 1452 quia
1102 1389 1358 1453 vicissent3
1400 1404 1514 1438 cum
1551 1391 1767 1454 primum

82 1464 285 1512 victor-ia
322 1461 559 1527 Mariana,
607 1461 802 1525 quando
853 1461 913 1511 de
964 1461 1108 1511 exilio
1157 1477 1208 1511 se
1248 1464 1354 1527 ipse
1395 1464 1635 1529 restituit,
1685 1478 1765 1512 ex·

82 1538 238 1601 ceptis
270 1538 453 1601 passim
485 1550 680 1600 quaqua
710 1550 910 1584 versum
950 1535 1182 1585 caedibus
1222 1537 1363 1585 factis
1403 1543 1550 1601 caput
1575 1535 1763 1587 Octavii

82 1610 299 1659 consulis
345 1616 616 1674 poneretur
662 1611 716 1658 in
763 1611 963 1675 rostriS‚
1012 1608 1246 1667 Caesares
1293 1625 1320 1658 a
1359 1609 1574 1660 Fimbria
1613 1611 1765 1660 domi-

81 1683 176 1733 bus
213 1683 584 1733 trucidarentur
624 1685 742 1748 suiS,
781 1683 879 1732 duo
919 1683 1085 1732 Crassi
1122 1691 1263 1748 pater
1304 1691 1352 1733 et
1390 1683 1520 1734 filius
1559 1686 1611 1734 in
1651 1700 1766 1734 con-

83 1764 256 1822 spectu
303 1765 476 1807 mutuo
524 1763 882 1823 mactarentur,
933 1755 1145 1806 Baebius
1193 1765 1242 1806 et
1280 1757 1588 1807 Numitorius
1634 1773 1764 1808 unco

82 1833 226 1881 tracti
265 1833 449 1896 sparsis
488 1830 765 1880 visceribus>
800 1832 1078 1894 interirent,
1120 1829 1320 1880 Catulus
1359 1830 1535 1881 hausto
1575 1847 1765 1880 veneno

82 1920 133 1954 se
173 1905 400 1954 manibus
440 1905 756 1953 inimicorum
794 1903 1134 1970 subtraheret,
1174 1903 1362 1953 Merula
1399 1904 1577 1955 flamen
1616 1905 1765 1954 Dialis

81 1980 317 2044 praecisis
355 1979 507 2027 venis·
532 1977 634 2026 Iovi
673 1979 822 2027 etiam
860 1993 949 2027 suo
991 1979 1228 2042 sanguine
1267 1977 1444 2027 litaret.
1515 1979 1572 2028 In
1609 1981 1766 2044 ipsius

82 2058 246 2115 autem
284 2052 424 2100 Marii
462 2050 619 2100 oculis
659 2053 892 2101 continuo
934 2050 1254 2117 feriebantur,
1294 2050 1474 2116 quibus
1513 2052 1764 2102 salutanti-

81 2124 174 2182 bus
214 2125 466 2175 dexteram
505 2126 760 2189 porrigere
800 2125 1054 2175 noluisset.

201 2296 464 2352 10)·Phars.
497 2301 538 2351 2,
575 2299 657 2340 142
691 2310 788 2352 sqq.

92 2511 95 2516 ν
201 2493 228 2532 4
260 2487 574 2534 deminutione
605 2488 805 2542 K1(121,
835 2493 940 2543 17),
980 2489 1091 2533 dim.
1121 2487 1268 2533 K²Fv
1292 2490 1309 2545 11
1333 2493 1387 2532 10
1411 2492 1520 2545 post
1548 2490 1766 2532 nocentes

83 2547 215 2603 vulyo
259 2548 510 2604 leyebatur:
556 2547 687 2591 Tunc
725 2547 836 2592 data.
873 2547 1066 2592 libertas
1108 2547 1225 2592 odiis
1272 2548 1568 2603 resolutaque
1608 2547 1766 2603 legum

83 2603 242 2649 Frenis
272 2605 344 2650 ira
372 2605 480 2662 ruit,
513 2620 628 2662 quae
656 2607 792 2651 verba
823 2619 906 2651 om.
939 2606 1180 2651 KFParr.
1204 2608 1220 2664 ΙΙ
1246 2610 1299 2650 18
1334 2605 1551 2651 Caesares
1585 2619 1612 2648 a
1642 2605 1765 2649 Fim-

82 2661 184 2707 bria
215 2663 391 2709 Florus
420 2670 468 2719 2,
500 2667 658 2719 9,14;
705 2679 862 2710 caesar
901 2666 948 2710 et
978 2665 1160 2710 fimbria
1189 2678 1279 2710 mss
1307 2680 1334 2709 v
1372 2667 1388 2721 Η
1426 2663 1637 2709 domibus
1669 2663 1770 2707 KF

81 2722 137 2774 (l.
170 2726 198 2767 5
228 2735 263 2768 c.
296 2728 357 2768 18
387 2725 539 2780 med.;)
570 2723 619 2768 in
650 2723 772 2770 dom.
804 2738 830 2769 v
854 2726 870 2781 ΙΙ
893 2729 950 2769 20
981 2723 1256 2770 nomitorius
1291 2723 1330 2769 Ο

1799 987 1853 1027 10

1802 1400 1853 1440 15

1798 1770 1854 1809 20

1798 2136 1854 2178 25
