2020 3122
593 155 659 187 DE
683 153 923 188 c1v1'rA'rE
947 155 1035 189 nm
1058 157 1101 190 n.
1128 158 1192 192 π.
1216 158 1253 192 c.
1278 160 1312 193 1.
1685 148 1794 202 243

111 267 310 316 tationis
349 271 496 331 atque
527 267 732 316 rationis
770 265 1064 332 plenamque
1103 267 1376 320 levissimae
1415 273 1706 322 temeritatis
1746 279 1795 322 et

109 340 555 406 perniciosissimae
596 341 918 390 animositatis
958 339 1183 391 dubitare
1223 358 1322 393 non
1361 351 1608 410 poterunt.

819 526 1014 582 CAPUT
1047 528 1086 582 Ι.

146 635 223 685 De
261 634 354 697 his,
395 637 485 697 qui
522 637 701 685 dicunt
739 637 857 709 deos
896 651 929 685 a
968 651 1022 686 se
1060 650 1159 686 non
1193 642 1407 700 propter
1439 646 1758 701 praesentem

450 711 603 758 vitam
642 711 764 770 coli,
804 711 897 760 sed
927 715 1141 773 propter
1180 716 1454 761 aeternam.
1828 723 1853 762 5

257 810 400 860 Nunc
434 826 552 876 ergo
586 813 818 876 quoniam
857 812 1106 879 deincepS‚
1145 819 1201 862 ut
1239 814 1514 878 promissus
1554 814 1674 863 ordo
1716 831 1795 864 ex-

109 886 248 952 petit,
288 887 436 934 etiam
468 885 520 934 hi
544 885 801 935 refellendi
832 892 881 935 et
913 886 1122 936 docendi
1161 893 1293 953 sunt,
1333 889 1418 952 qui
1455 903 1555 937 non
1593 895 1798 954 propter

109 961 256 1008 istam
293 959 466 1026 vitam,
506 958 591 1008 sed
630 965 835 1025 propter
873 959 1027 1026 illam,
1067 975 1191 1025 quae
1230 967 1344 1025 post
1381 968 1594 1012 mortem
1632 963 1798 1012 futura

111 1038 202 1098 est,
241 1031 360 1081 deos
400 1034 636 1100 gentium,
676 1048 801 1098 quos
841 1032 1118 1083 Christiana
1157 1033 1327 1099 religio
1368 1034 1596 1103 destruit,
1636 1036 1797 1085 colen-

111 1105 200 1155 dos
255 1121 363 1155 esse
421 1106 751 1156 contendunt:
811 1106 973 1172 placet
1028 1123 1053 1156 a
1107 1108 1322 1157 veridico
1377 1109 1576 1159 oraculo
1641 1111 1799 1160 sancti
1833 1120 1887 1160 10

109 1178 286 1245 psalmi
310 1194 507 1229 sumere
541 1180 799 1229 exordium
831 1181 1178 1246 disputationis
1210 1197 1370 1232 meae:
1409 1183 1611 1250 BeatuS,
1651 1186 1798 1234 cuius

111 1259 187 1304 est
223 1254 467 1304 Dominus
506 1254 644 1304 Deus
691 1269 804 1317 spes
851 1257 1007 1317 ipsius
1062 1262 1112 1305 et
1147 1270 1246 1305 non
1296 1260 1522 1319 respexit
1568 1259 1619 1306 in
1658 1260 1797 1307 vani-

111 1332 240 1377 tates
290 1332 341 1377 et
393 1329 622 1377 insanias
668 1330 952 1378 mendaces.
1029 1327 1213 1378 Verum
1260 1335 1426 1379 tamen
1471 1331 1523 1378 in
1570 1330 1798 1380 omnibus

110 1400 407 1450 vanitatibus
453 1403 757 1466 insaniisque
805 1401 1127 1452 mendacibus
1165 1402 1310 1468 longe
1348 1402 1654 1466 tolerabilius
1692 1404 1797 1469 phi-

109 1474 302 1540 losophi
334 1474 564 1525 audiendi
597 1481 727 1542 sunt,
767 1475 948 1540 quibus
981 1475 1342 1541 displicuerunt
1379 1478 1501 1526 istae
1542 1479 1799 1543 opiniones
1834 1487 1887 1528 15

111 1563 407 1614 erroresque
447 1548 760 1615 populorum,
801 1551 886 1614 qui
923 1550 1094 1616 populi
1133 1551 1500 1600 constituerunt
1540 1551 1800 1601 simulacra

110 1622 397 1672 numinibus
437 1622 690 1688 multaque
731 1623 790 1672 de
831 1623 924 1691 his,
965 1639 1088 1688 quos
1129 1623 1247 1673 deos
1285 1624 1571 1674 inmortales
1611 1632 1800 1691 vocant,

109 1695 230 1745 falsa
278 1702 426 1761 atque
474 1696 674 1762 indigna
721 1699 823 1746 sive
875 1698 1127 1747 finxerunt
1173 1699 1273 1747 sive
1320 1699 1434 1747 ficta
1481 1698 1801 1748 crediderunt

109 1776 159 1819 et
209 1770 395 1820 credita
450 1786 623 1820 eorum
670 1770 826 1820 cultui
865 1787 1219 1836 sacrorumque
1258 1771 1436 1821 ritibus
1477 1774 1799 1822 miscuerunt.

110 1842 235 1893 Cum
284 1843 361 1893 his
415 1843 731 1912 hominibUS,
787 1847 901 1911 qui,
956 1847 1050 1895 etsi
1103 1860 1203 1894 non
1254 1844 1407 1894 libere
1456 1846 1800 1913 praedicande,
1832 1846 1893 1896 20'

111 1917 285 1966 saltem
331 1924 602 1982 utcumque
650 1919 702 1967 in
753 1917 1170 1984 disputationibus
1217 1919 1547 1985 mussitand0‚
1594 1919 1707 1969 talia
1747 1935 1800 1969 se

111 1990 375 2055 inprobare
431 1993 599 2041 testati
655 1998 797 2059 sunt,
851 2007 951 2041 non
1005 2007 1163 2058 usque
1219 1992 1339 2042 adeo
1394 1995 1801 2043 inconvenienter

112 2066 335 2128 quaestio
367 2066 461 2114 ista
500 2070 766 2115 tractatur:
805 2071 975 2116 utrum
1014 2081 1114 2115 non
1153 2081 1309 2116 unum
1346 2066 1517 2132 Deum,
1559 2069 1644 2132 qui
1685 2067 1801 2116 fecit

111 2152 310 2187 omnem
334 2138 605 2204 spiritalem
630 2139 1036 2204 corporalemque
1070 2147 1361 2206 creaturam,
1399 2146 1606 2206 propter
1636 2143 1799 2206 vitam,

113 2225 236 2276 quae
286 2218 399 2277 post
449 2218 660 2262 mortem
707 2213 875 2263 futura
923 2220 1021 2280 est,
1073 2214 1167 2263 coli
1206 2220 1452 2281 oporteat,
1492 2214 1579 2264 sed
1618 2214 1799 2264 multos
1833 2224 1887 2264 25

112 2284 254 2352 deOS,
310 2301 434 2351 quos
487 2285 546 2335 ab
600 2285 684 2335 illo
734 2303 834 2336 uno
886 2288 1041 2337 factos
1093 2294 1142 2337 et
1194 2287 1471 2338 sublimiter
1522 2288 1800 2338 conlocatos

50 2375 53 2392 ³
113 2359 311 2423 quidam
376 2359 648 2409 eorundem
713 2360 1122 2427 philosophorum
1184 2364 1364 2411 ceteris
1427 2361 1799 2412 excellentiores

114 2431 480 2498 nobilioresque
522 2442 802 2485 senserunt.

263 2505 495 2556 Ceterum
546 2509 656 2572 quis
710 2509 837 2558 ferat
890 2508 987 2558 dici
1033 2515 1179 2574 atque
1227 2509 1458 2559 contendi
1509 2509 1627 2558 deos
1677 2508 1799 2568 illos,

115 2593 327 2643 quorum
381 2582 433 2630 in
489 2587 663 2645 quarto
710 2581 836 2631 libro
886 2583 1122 2647 quosdam
1170 2584 1569 2647 commemoravi,
1619 2581 1797 2645 quibus
1830 2592 1884 2631 30

235 2723 307 2778 13)
339 2722 410 2766 Ps.
444 2726 521 2778 39,
555 2727 597 2767 5.
659 2726 734 2779 30)
768 2723 814 2769 C.
852 2729 903 2769 11
939 2726 986 2770 et
1019 2730 1088 2771 21.

234 2887 287 2928 17
321 2882 386 2927 eis
418 2900 447 2927 v
470 2884 486 2941 ΙΙ
509 2888 565 2928 20
595 2884 667 2928 his
705 2898 814 2943 ergo
846 2886 969 2930 hom.
1002 2886 1125 2930 A²K

1358 2958 1447 3002 16*
