2020 3122
206 117 311 168 326
888 127 923 160 S.
947 127 1222 162 AUGUSTIM

206 240 493 290 disserendo
542 240 783 305 explicare
831 248 881 290 et
926 239 1127 304 longum
1183 255 1290 289 esse
1342 239 1556 289 arbitror
1603 248 1653 290 et
1698 249 1884 292 temere

206 314 560 363 adfirmandum
607 330 715 363 esse
765 330 863 364 non
910 312 1138 363 arbitror.
1216 313 1338 362 Cum
1378 316 1510 362 enim
1548 317 1771 379 magistri
1809 318 1887 365 sui

207 388 437 454 SocratiS,
477 403 624 451 quem
656 388 771 437 facit
809 390 863 437 in
901 390 1005 437 suis
1044 387 1373 436 voluminibus
1414 387 1760 454 disputantem,
1800 405 1885 438 no-

205 463 452 510 tissimum
483 477 673 511 morem
705 460 1083 510 dissimulandae
1117 462 1350 509 scientiae
1383 460 1459 509 vel
1492 463 1736 525 opinionis
1768 478 1884 512 suae

147 545 172 583 5
206 550 402 583 servare
443 535 669 602 adfectat,
709 537 822 600 quia
862 542 911 584 et
949 535 1020 583 illi
1058 536 1164 598 ipse
1204 549 1310 582 mos
1349 533 1548 599 placuit,
1589 535 1772 585 factum
1810 543 1887 586 est

205 616 260 657 ut
299 611 444 658 etiam
490 611 647 673 ipsius
685 609 901 658 Platonis
949 609 1009 657 de
1055 607 1207 656 rebus
1246 609 1434 671 magnis
1474 611 1747 658 sententiae
1786 625 1887 659 non

205 682 345 731 facile
399 684 615 747 perspici
661 685 864 747 possint.
941 682 1015 730 Ex
1061 680 1136 729 his
1187 687 1373 746 tamen,
1421 697 1545 745 quae
1595 683 1723 747 apud
1772 699 1887 733 eum

205 756 460 822 leguntur,
511 758 610 806 sive
661 772 783 820 quae
832 756 977 821 dixit,
1033 756 1133 805 sive
1182 770 1304 818 quae
1353 753 1412 802 ab
1461 754 1567 804 aliis
1607 756 1736 805 dicta
1776 772 1885 807 esse

205 831 418 878 narravit
473 837 618 894 atque
673 831 988 895 conscripsit,
1044 843 1167 892 quae
1220 827 1314 876 sibi
1358 827 1535 892 placita
1585 830 1886 898 viderentur,

118 913 171 953 10
206 903 442 967 quaedam
475 894 849 952 commemorari
889 910 938 952 et
976 903 1116 967 operi
1153 901 1268 950 huic
1308 903 1462 950 inseri
1500 910 1696 967 oportet
1735 920 1762 952 a
1799 919 1885 954 no-

204 977 294 1042 bis,
333 976 409 1025 vel
449 976 532 1025 ubi
573 979 868 1041 suffragatur
907 976 1134 1040 religioni
1173 990 1332 1041 verae,
1373 990 1519 1040 quam
1558 977 1679 1026 fides
1718 985 1888 1027 nostra

203 1052 420 1115 suscepit
467 1066 521 1099 ac
570 1050 814 1116 defendit,
863 1050 939 1099 vel
986 1049 1071 1098 ubi
1118 1051 1164 1097 ei
1212 1049 1406 1098 videtur
1445 1065 1553 1099 esse
1594 1054 1888 1118 contrariUS,

204 1131 441 1187 quantum
474 1124 530 1172 ad
565 1126 709 1173 istam
748 1124 808 1172 de
848 1139 947 1173 uno
988 1123 1088 1172 Deo
1131 1129 1180 1172 et
1218 1122 1444 1187 pluribus
1482 1126 1700 1187 pertinet
1739 1140 1885 1190 quae-

204 1199 437 1263 stionem,
491 1205 695 1262 propter
748 1200 917 1258 vitam,
973 1211 1097 1261 quae
1148 1203 1261 1261 post
1313 1203 1523 1246 mortem
1577 1198 1743 1248 futura
1797 1207 1888 1265 est,

117 1281 170 1321 15
203 1273 443 1320 veraciter
494 1272 700 1320 beatam.
777 1271 1022 1320 Fortassis
1081 1272 1212 1318 enim
1259 1272 1345 1334 qui
1397 1270 1652 1320 Platonem
1707 1275 1887 1323 ceteris

202 1345 505 1409 philosophis
557 1347 778 1410 gentium
815 1345 957 1410 longe
999 1351 1234 1407 recteque
1273 1343 1547 1408 praelatum
1586 1347 1778 1395 acutius
1818 1353 1886 1395 at·

204 1434 298 1482 que
347 1421 569 1468 veracius
616 1418 916 1468 intellexisse
969 1434 1024 1467 ac
1072 1419 1231 1466 secuti
1281 1433 1389 1466 esse
1439 1419 1566 1467 sama
1613 1419 1886 1469 celebriore

202 1492 477 1559 laudantur,
516 1492 698 1557 aliquid
729 1492 822 1541 tale
856 1492 915 1541 de
949 1492 1049 1541 Deo
1091 1493 1325 1556 sentiunt,
1365 1498 1420 1539 ut
1457 1493 1508 1540 in
1548 1492 1630 1541 illo
1670 1495 1885 1542 invenia-

203 1573 285 1614 tur
325 1573 374 1614 et
420 1581 565 1615 causa
605 1565 906 1615 subsistendi
954 1573 1002 1614 et
1051 1566 1175 1614 ratio
1215 1564 1532 1628 intellegendi
1571 1573 1620 1615 et
1659 1567 1780 1616 ordo
1819 1568 1887 1615 vi-

116 1649 172 1688 20
205 1639 369 1704 vendi3
425 1655 637 1703 quorum
691 1642 842 1688 trium
895 1655 1050 1689 unum
1104 1638 1162 1687 ad
1216 1638 1515 1704 naturalem,
1565 1639 1776 1689 alterum
1829 1640 1888 1689 ad

205 1713 513 1779 rationalem,
562 1715 765 1762 tertium
811 1713 869 1762 ad
918 1713 1153 1762 moralem
1198 1718 1390 1777 partem
1435 1712 1739 1778 intellegitur
1776 1729 1886 1779 per-

204 1788 377 1837 tinere.
456 1787 508 1835 Si
559 1789 690 1836 enim
727 1787 875 1836 homo
914 1789 981 1836 ita
1022 1792 1218 1835 creatus
1258 1792 1358 1852 est,
1412 1792 1467 1835 ut
1504 1802 1595 1850 per
1633 1787 1704 1854 id,
1756 1787 1888 1852 quod

204 1862 255 1908 in
295 1875 352 1909 eo
391 1861 667 1925 praecellit,
707 1861 924 1925 adtingat
961 1860 1104 1926 illud,
1144 1860 1276 1923 quod
1315 1865 1492 1909 cuncta
1531 1861 1800 1926 praecellit,
1838 1861 1887 1910 id

207 1940 281 1982 est
329 1949 484 1983 unum
531 1950 703 1983 verum
750 1937 993 1999 optimum
1031 1934 1211 1999 Deum,
1258 1935 1364 1982 sine
1404 1948 1502 1998 quo
1543 1934 1674 1983 nulla
1713 1941 1889 1984 natura

121 2017 176 2056 25
211 2006 463 2074 subsistit,
514 2008 645 2056 nulla
709 2008 932 2057 doctrina
981 2009 1213 2072 instruit,
1275 2006 1438 2056 nullus
1493 2022 1615 2056 usus
1669 2008 1888 2073 expedit:

207 2082 312 2145 ipse
365 2088 656 2147 quaeratur,
706 2081 791 2130 ubi
838 2082 980 2131 nobis
1027 2082 1211 2130 diserta
1252 2087 1367 2130 sunt
1405 2082 1589 2147 omnia;
1636 2083 1740 2147 ipse
1781 2097 1887 2131 cer-

208 2161 367 2220 natur,
406 2154 492 2203 ubi
523 2154 665 2203 nobis
698 2161 831 2204 certa
872 2162 988 2205 sunt
1027 2157 1210 2220 omnia,
1250 2155 1354 2219 ipse
1395 2154 1640 2221 diligatur,
1679 2155 1764 2204 ubi
1802 2171 1888 2204 no-

205 2227 281 2276 bis
321 2235 455 2276 recta
495 2235 610 2277 sunt
649 2230 824 2278 omnia.

900 2341 1094 2395 CAPUT
1128 2342 1194 2395 V.

120 2429 176 2470 30
218 2421 363 2479 Quod
399 2421 461 2469 de
500 2421 750 2481 theoloqz’a
789 2434 903 2468 cum
945 2421 1222 2468 Platonicis
1255 2422 1566 2482 potissimum
1605 2422 1889 2482 disceptan-

319 2496 438 2542 dum
476 2496 562 2553 sit,
601 2507 815 2554 quorum
853 2495 1080 2555 opinioni
1116 2496 1335 2542 omnium
1368 2495 1778 2555 philosophorum

659 2569 1007 2629 postponenda
1044 2569 1146 2615 sint
1183 2569 1434 2628 dogmata.

359 2655 411 2703 Si
451 2670 568 2719 ergo
601 2654 737 2703 Plato
771 2653 859 2703 Dei
897 2653 1044 2702 huius
1082 2655 1379 2703 imitatorem
1419 2656 1723 2719 cognitorem
1762 2669 1888 2704 ama-

210 2736 370 2778 torem
402 2729 524 2777 dixit
555 2744 663 2777 esse
690 2729 975 2793 sapientem,
1015 2728 1156 2776 cuius
1187 2730 1559 2792 participatione
1599 2730 1664 2778 sit
1701 2728 1890 2794 beatus,

332 2862 383 2900 12
420 2855 613 2913 suscipit
642 2869 667 2900 v
691 2857 707 2912 ΙΙ
731 2860 786 2900 26
809 2854 981 2900 diserta
1007 2854 1070 2909 0,·
1102 2854 1296 2899 disserta
1319 2854 1488 2909 K2Fc;
1520 2855 1642 2900 serta
1673 2854 1765 2909 A¹;
1797 2868 1889 2899 ser-
