2020 3122
131 1046 185 1085 10

134 1414 186 1454 15

135 1783 190 1821 20

140 2518 196 2556 30

214 130 323 183 280
879 142 914 175 S.
937 141 1212 176 Auensmu

214 254 387 303 trando
435 255 701 303 amiserant
747 254 982 320 frontem,
1039 261 1220 319 quanto
1268 256 1362 304 iste
1401 255 1713 304 innocentior
1752 261 1897 321 esset,

214 334 349 377 tanto
390 328 658 376 frontosior
697 325 992 393 appareret?

909 471 1105 526 CAPUT
1138 472 1205 526 V.

364 565 440 615 De
472 579 795 629 payanorum
834 567 1111 614 secretiore
1150 566 1386 614 doctrina
1419 566 1745 628 physicisque

908 640 1205 687 rationibus,

366 742 462 791 Sed
502 743 724 806 ipsorum
772 743 937 805 potius
983 742 1419 805 interpretationes
1465 741 1694 806 physicas
1735 741 1897 791 audia-

217 831 348 882 muS,
389 814 568 879 quibus
608 814 965 880 turpitudinem
1006 816 1272 863 miserrimi
1313 816 1498 863 erroris
1537 814 1672 864 velut
1710 814 1897 864 altioris

218 890 470 938 doctrinae
503 890 667 953 specie
701 887 920 936 colorare
962 894 1216 936 conantur.
1275 887 1495 937 Primum
1536 903 1618 937 eas
1656 890 1899 953 interpre-

217 965 428 1012 tationes
461 964 530 1011 sic
562 961 714 1010 Vario
749 961 1072 1027 commendat,
1111 967 1167 1010 ut
1205 961 1335 1010 dicat
1374 963 1601 1026 antiquos
1641 961 1901 1011 simulacra

219 1037 426 1086 demum
466 1042 515 1084 et
560 1036 771 1100 insignia
811 1041 1114 1119 ornatusque
1154 1035 1378 1100 finxisse,
1429 1050 1553 1099 quae
1594 1050 1707 1084 cum
1746 1036 1903 1086 oculis

217 1109 676 1159 animadvertissent
714 1108 786 1174 hi,
826 1109 911 1172 qui
951 1108 1168 1158 adissent
1206 1109 1459 1158 doctrinae
1499 1111 1755 1176 mysteria,
1793 1125 1905 1175 pos·

219 1190 329 1232 sent
382 1185 594 1231 animam
647 1182 818 1231 mundi
869 1197 924 1230 ac
975 1188 1140 1246 partes
1189 1184 1317 1250 eiUS,
1368 1183 1417 1231 id
1466 1190 1540 1232 est
1589 1183 1706 1233 deos
1745 1199 1905 1249 veloS,

219 1259 380 1306 animo
412 1256 600 1321 videre3
642 1271 853 1321 quorum
895 1257 978 1319 qui
1018 1256 1279 1305 simulacra
1319 1258 1483 1321 specie
1523 1257 1736 1305 hominis
1776 1258 1904 1306 fece·

218 1337 351 1396 runt,
389 1330 484 1379 hoc
515 1330 671 1378 videri
711 1336 924 1395 secutoS,
965 1330 1095 1393 quod
1138 1330 1415 1380 mortalium
1456 1332 1662 1397 animuS,
1704 1332 1789 1394 qui
1829 1337 1905 1380 est

219 1407 269 1453 in
310 1419 518 1469 corpore
557 1403 786 1469 humano,
826 1403 1102 1452 simillimus
1143 1410 1219 1452 est
1257 1404 1530 1453 inmortalis
1570 1406 1740 1470 animi3
1781 1410 1906 1453 tam·

222 1493 367 1542 quam
401 1479 442 1526 si
472 1493 582 1526 vasa
616 1484 922 1541 ponerentur
963 1492 1108 1526 causa
1147 1477 1475 1526 notandorum
1517 1477 1724 1527 deorum
1766 1485 1815 1527 et
1852 1480 1904 1527 in

221 1551 386 1600 Liberi
412 1551 529 1599 aede
555 1550 893 1615 oenophorum
921 1552 1195 1617 sisteretur,
1236 1551 1367 1615 quod
1401 1552 1700 1616 significaret
1723 1553 1906 1617 vinum,

221 1640 311 1690 per
356 1625 405 1673 id
458 1624 587 1688 quod
635 1626 856 1673 continet
905 1624 953 1672 id
996 1624 1124 1688 quod
1168 1626 1473 1691 continetur3
1522 1627 1588 1675 ita
1627 1640 1718 1690 per
1757 1627 1906 1675 simu-

222 1699 431 1764 lacrum,
482 1698 611 1762 quod
661 1699 866 1746 sormam
914 1697 1120 1747 haberet
1165 1698 1451 1764 humanam,
1503 1699 1769 1763 significari
1808 1701 1909 1748 ani-

223 1787 349 1821 mam
398 1771 709 1838 rationalem,
760 1770 888 1835 quod
944 1787 1001 1820 eo
1052 1771 1186 1821 velut
1233 1787 1344 1821 vase
1393 1778 1567 1821 natura
1613 1774 1707 1822 ista
1755 1772 1909 1822 soleat

226 1847 484 1911 contineri,
526 1847 667 1894 cuius
700 1851 903 1894 naturae
937 1845 1083 1894 deum
1116 1845 1287 1895 volunt
1320 1861 1428 1894 esse
1467 1845 1543 1895 vel
1583 1845 1714 1895 deos
1777 1845 1909 1895 Haec

225 1926 341 1968 sunt
379 1921 612 1983 mysteria
658 1919 934 1985 doctrinae,
982 1934 1107 1983 quae
1155 1921 1248 1968 iste
1294 1921 1368 1967 vir
1409 1919 1723 1968 doctissimus
1761 1935 1909 1984 pene·

224 1999 458 2058 traverat,
513 1992 644 2041 unde
698 1994 750 2041 in
804 1992 965 2041 lucem
1016 1994 1110 2042 ista
1162 1994 1424 2057 proferret.
1503 1992 1627 2059 Sed,
1682 2009 1710 2042 o
1763 1993 1910 2042 homo

230 2067 526 2131 acutissime,
566 2081 685 2115 num
717 2068 768 2114 in
799 2068 908 2115 istis
948 2066 1202 2115 doctrinae
1242 2068 1488 2131 mysteriis
1527 2066 1659 2115 illam
1695 2067 1910 2131 pruden-

229 2141 345 2188 tiam
386 2139 667 2205 perdidisti,
723 2155 817 2203 qua
858 2139 947 2188 tibi
987 2139 1151 2189 sobrie
1189 2142 1349 2189 visum
1405 2146 1502 2207 est,
1542 2140 1672 2204 quod
1713 2140 1786 2201 hi,
1827 2142 1912 2204 qui

227 2214 374 2277 primi
412 2212 607 2276 populis
647 2211 906 2262 simulacra
947 2216 1335 2279 constituerunt,
1375 2219 1424 2262 ct
1462 2220 1648 2262 metum
1689 2213 1911 2279 dempse-

228 2292 347 2335 runt
386 2285 574 2334 civibus
615 2288 717 2334 suis
758 2292 807 2334 et
846 2301 1067 2335 errorem
1107 2287 1423 2352 addiderunt,
1472 2288 1752 2350 castiusque
1793 2287 1912 2335 deos

228 2361 332 2408 sine
398 2358 673 2408 simulacris
734 2366 924 2408 veteres
979 2359 1266 2409 observasse
1320 2357 1603 2409 Romanos?
1663 2359 1726 2408 Hi
1781 2363 1911 2409 enim

227 2432 318 2482 tibi
349 2433 552 2482 suerunt
584 2439 827 2498 auctoreS,
865 2439 922 2481 ut
959 2432 1080 2482 haec
1121 2440 1292 2482 contra
1330 2435 1634 2498 posteriores
1665 2433 1913 2482 Romanos

228 2506 393 2555 dicere
426 2506 647 2555 auderes,
724 2506 847 2555 Nam
888 2507 930 2554 si
970 2513 1019 2555 et
1055 2506 1126 2555 illi
1164 2508 1493 2571 antiquissimi
1532 2506 1792 2556 simulacra
1832 2522 1911 2556 co-

230 2579 464 2646 luissent,
504 2580 728 2628 fortassis
768 2585 927 2628 totum
967 2581 1118 2628 istum
1158 2596 1359 2629 sensum
1399 2580 1459 2628 de
1500 2579 1774 2629 simulacris
1814 2595 1912 2629 non

231 2653 605 2719 constituendiS,
643 2654 843 2702 interim
883 2668 1070 2719 verum,
1109 2655 1301 2702 timoris
1341 2653 1536 2703 silentio
1575 2669 1830 2718 premeres
1864 2660 1913 2702 et
1988 2696 1991 2697 γ

233 2728 283 2775 in
329 2726 535 2776 huiusce
583 2726 714 2775 modi
759 2727 1052 2791 perniciosis
1098 2729 1333 2791 vanisque
1388 2727 1634 2791 figmentis
1683 2728 1913 2792 mysteria

352 2874 373 2913 1
409 2868 664 2913 amiserunt
694 2867 738 2912 A
772 2870 787 2925 ΙΙ
821 2874 875 2912 32
909 2882 1018 2912 uero
1053 2868 1091 2913 Ο
