2020 3122
151 674 176 712 5

122 1043 175 1082 10

122 1411 174 1451 15

121 1781 175 1820 20

122 2150 176 2189 25

120 2518 177 2557 30

211 126 315 178 178
878 131 917 168 Β.
941 130 1213 177 Aucus'mm

837 299 1033 356 CAPUT
1065 301 1262 358 XXVI.

210 413 285 462 De
326 412 456 461 ludis
495 411 768 473 scaenicae,
815 425 937 480 quos
975 411 1075 460 sibi
1112 411 1187 459 dii
1223 409 1481 460 celebrari
1517 425 1549 460 a
1588 410 1693 459 suis
1733 413 1888 460 culto-

814 485 957 550 ribus
990 489 1283 546 exeqerunt.

359 588 454 637 Sed
491 586 738 654 „fingebat
775 586 897 636 haec
936 585 1202 652 Homerus,
1242 587 1309 635 ait
1347 586 1553 649 Tullum,
1595 593 1643 636 et
1680 586 1892 636 humana

211 663 267 711 ad
308 663 427 712 deos
466 660 818 711 transferebat:
857 660 1018 709 divina
1056 659 1250 709 mallem
1290 659 1348 709 ad
1388 656 1525 710 nos.“
1576 660 1751 709 Merito
1793 660 1888 709 dis-

208 736 382 801 plicuit
434 737 540 784 viro
595 736 729 799 gravi
789 734 1066 783 divinorum
1122 735 1385 784 criminum
1437 742 1581 799 poeta
1637 734 1891 784 confictor.

210 810 310 860 Cur
349 825 466 875 ergo
513 809 615 858 ludi
662 809 896 874 scaenici,
957 807 1043 856 ubi
1088 807 1209 856 haec
1257 808 1544 857 dictitantur
1594 810 1896 857 cantitantur

210 886 496 950 actitantur,
543 883 749 932 deorum
795 880 1068 930 honoribus
1116 880 1434 947 exhibentur,
1480 883 1611 931 inter
1650 896 1732 930 res
1773 881 1890 931 divi-

209 974 296 1007 nas
336 973 362 1006 a
402 957 699 1006 doctissimis
726 951 1143 1003 conscribuntur?
1181 954 1272 1003 Hic
1313 954 1552 1004 exclamet
1578 953 1750 1004 Cicero
1790 970 1891 1004 non

210 1038 379 1080 contra
417 1031 657 1095 figmenta
703 1036 984 1094 poetarum,
1033 1028 1118 1077 sed
1159 1035 1331 1077 contra
1370 1030 1595 1079 instituta
1635 1030 1893 1095 maiorum,

209 1121 269 1154 an
318 1104 646 1153 exclamarent
693 1108 742 1151 et
788 1101 881 1151 illi:
945 1101 1072 1160 Quid
1120 1117 1211 1150 nos
1258 1101 1487 1152 fecimus!
1546 1102 1646 1168 Ipsi
1693 1102 1760 1152 dii
1798 1104 1890 1152 ista

209 1181 312 1228 suis
358 1176 630 1227 honoribus
678 1175 950 1225 exhibenda
996 1175 1360 1243 flagitaverunt,
1409 1178 1644 1226 atrociter
1683 1178 1891 1242 impera-

207 1260 350 1318 runt,
391 1251 577 1300 cladem
616 1252 713 1299 nisi
751 1250 893 1298 fieret
930 1251 1417 1316 praenuntiaverunt,
1458 1252 1571 1315 quia
1611 1249 1889 1315 neglectum

209 1333 285 1376 est
309 1325 507 1391 aliquid,
547 1325 858 1373 severissime
884 1323 1207 1390 vindicarunt,
1241 1324 1354 1388 quia
1378 1323 1426 1372 id
1454 1323 1584 1388 quod
1610 1323 1890 1389 neglectum

208 1401 369 1449 fuerat
407 1400 589 1448 factum
631 1403 730 1463 est,
769 1396 984 1461 placatos
1025 1411 1077 1446 se
1117 1412 1226 1446 esse
1266 1404 1680 1447 monstraverunt.
1757 1397 1894 1446 Inter

209 1488 383 1523 eorum
432 1477 845 1521 commemoratur
892 1472 1099 1520 virtutes
1140 1477 1188 1520 et
1227 1471 1448 1520 miranda
1487 1472 1613 1521 facta
1652 1471 1783 1536 quod
1823 1472 1894 1520 di·

209 1563 328 1597 cam.
406 1546 518 1595 Tito
557 1544 749 1595 Latinio
797 1546 984 1594 rustico
1024 1545 1243 1594 Romano
1290 1547 1421 1610 patri
1460 1545 1665 1594 familias
1706 1545 1892 1595 dictum

210 1628 285 1671 est
322 1623 374 1670 in
415 1621 621 1686 somniS,
660 1621 711 1668 in
751 1625 975 1668 senatum
1015 1620 1289 1685 nuntiaret,
1336 1626 1392 1668 ut
1430 1618 1534 1668 ludi
1572 1619 1780 1668 Romani
1818 1621 1891 1668 in-

211 1701 567 1760 staurarentur,
608 1693 739 1757 quod
769 1695 929 1757 primo
963 1708 1135 1742 eorum
1175 1693 1252 1741 die
1291 1695 1343 1741 in
1366 1692 1595 1757 quodam
1636 1693 1892 1760 scelerat0,

210 1771 294 1833 qui
332 1768 514 1834 populo
563 1772 815 1832 spectante
865 1766 924 1815 ad
964 1766 1260 1831 supplicium
1301 1767 1414 1816 duci
1451 1768 1617 1816 iussus
1659 1774 1755 1833 est,
1801 1782 1893 1816 nu—

210 1842 423 1892 minibus
462 1840 689 1890 videlicet
737 1855 797 1890 ex
844 1840 974 1889 ludis
1019 1839 1316 1889 hilaritatem
1355 1840 1709 1904 quaerentibus
1751 1842 1893 1890 triste

210 1916 541 1981 displicuisset
587 1916 863 1979 imperium.
942 1913 1065 1963 Cum
1112 1929 1229 1979 ergo
1281 1913 1361 1963 ille
1403 1915 1488 1979 qui
1527 1916 1716 1963 somnio
1758 1929 1894 1963 com-

209 1991 424 2039 monitus
472 1996 577 2038 erat
625 1995 826 2053 postero
874 1987 953 2036 die
1005 1990 1138 2037 iussa
1186 1988 1349 2037 facere
1397 2003 1497 2037 non
1545 2003 1696 2038 ausus
1745 1994 1891 2055 esset,

211 2063 426 2113 secunda
473 2068 618 2111 nocte
665 2062 759 2110 hoc
806 2061 938 2110 idem
985 2076 1161 2110 rursus
1200 2063 1421 2111 severius
1460 2063 1754 2127 imperatum
1795 2067 1895 2111 est:

211 2139 372 2186 amisit
415 2136 599 2201 filium,
652 2137 767 2200 quia
811 2150 912 2184 non
958 2135 1088 2184 fecit.
1175 2135 1341 2185 Tertia
1387 2142 1531 2185 nocte
1579 2135 1764 2184 dictum
1816 2141 1896 2184 est

208 2211 417 2277 homini,
463 2209 595 2274 quod
641 2211 797 2257 maior
836 2210 882 2257 ei
919 2224 1099 2275 poena,
1146 2210 1188 2258 si
1226 2224 1326 2258 non
1367 2210 1571 2275 faceret,
1609 2210 1892 2258 inmineret.

211 2283 333 2333 Cum
373 2285 519 2333 etiam
559 2285 630 2331 sic
669 2297 768 2331 non
808 2282 1025 2349 auderet,
1066 2284 1118 2331 in
1158 2282 1387 2332 morbum
1426 2282 1598 2331 incidit
1637 2296 1802 2332 acrem
1841 2288 1892 2331 et

209 2357 510 2407 horribilem.
587 2355 715 2404 Tum
761 2370 877 2405 vero
926 2371 985 2405 ex
1032 2357 1302 2407 amicorum
1350 2357 1593 2406 sententia
1641 2354 1701 2405 ad
1740 2356 1890 2420 magi·

213 2438 396 2482 stratus
428 2446 534 2480 rem
559 2429 734 2479 detulit
758 2435 903 2494 atque
944 2430 994 2478 in
1033 2428 1207 2478 lectica
1247 2429 1419 2480 allatus
1459 2437 1534 2478 est
1571 2431 1625 2478 in
1665 2436 1891 2478 senatum

213 2507 534 2570 expositoque
583 2504 773 2553 somnio
820 2509 1020 2568 recepta
1075 2504 1308 2553 continuo
1355 2502 1631 2553 valetudine
1682 2501 1893 2568 pedibus

329 2650 373 2704 4)
405 2647 540 2692 Tusc.
576 2652 615 2704 1,
648 2650 717 2691 26.

333 2816 385 2854 11
419 2825 478 2855 an
511 2808 696 2855 GAKF
725 2808 771 2865 (Z.
804 2812 835 2854 8
866 2821 902 2854 c.
934 2811 995 2853 21
1030 2820 1088 2852 an
1118 2805 1275 2864 pot-ius
1306 2805 1549 2851 inridenda,
1581 2839 1592 2851 .
1627 2840 1635 2850 .
1666 2805 1893 2862 vanitas);

211 2884 270 2913 an
301 2883 393 2914 non
425 2882 450 2914 υ
484 2885 492 2889 ·
