2020 3122
486 115 552 147 DE
577 114 814 148 cwrrAtrE
838 114 927 146 DEI
951 115 991 147 L.
1016 114 1127 149 xm.
1153 115 1189 149 o.
1214 117 1245 149 5.
1270 118 1301 150 6.
1327 119 1358 150 7.
1651 106 1759 159 563

83 241 255 275 verum
302 228 448 276 etiam
495 225 659 275 bonis:
713 228 780 275 ita
827 228 1011 275 iustitia
1061 227 1185 276 hene
1236 244 1334 276 non
1376 235 1565 278 tantum
1605 229 1761 295 boniS,

83 299 168 348 sed
210 301 356 349 etiam
396 299 549 349 malis,
626 298 751 348 Hine
791 300 860 366 fit,
899 308 953 349 ut
994 307 1041 349 et
1082 301 1194 349 mali
1234 301 1357 350 male
1398 302 1502 366 lege
1545 309 1761 368 utantur,

84 375 302 436 quamvis
343 375 406 422 sit
443 373 521 421 lex
560 372 767 439 bonum,
807 380 856 421 et
895 373 1010 422 boni
1050 374 1174 423 hene
1216 377 1503 442 moriantur,
1543 378 1761 439 quamvis

84 449 145 495 sit
184 461 316 494 mors
357 446 551 495 malum.

768 587 959 642 CAPUT
990 589 1084 642 VI.
1794 605 1818 644 5

83 697 157 745 De
192 700 427 758 qeneralz‘
462 700 635 746 mortis
673 700 825 763 malo,
873 711 970 757 quo
1011 699 1213 746 animae
1253 703 1302 745 et
1340 701 1568 759 corporis
1606 702 1760 748 socie-

716 776 794 819 tas
831 776 1118 832 separatur.

229 872 539 938 Quapropter
578 873 708 937 quod
750 873 935 922 adtinet
974 873 1031 920 ad
1073 875 1294 937 eorporis
1335 880 1559 940 mortem,
1599 874 1647 922 id
1689 882 1763 923 est

81 948 439 1010 separationem
486 948 673 995 animae
715 962 741 994 a
781 961 1011 1013 corpore,
1059 962 1171 995 eum
1213 961 1317 994 eam
1357 948 1636 1011 patiuntur,
1678 949 1762 1011 qui

80 1021 347 1068 morientes
387 1020 716 1086 appellantur,
763 1019 884 1069 nulli
923 1019 1050 1068 bona
1091 1027 1178 1069 est.
1255 1019 1413 1068 Habet
1452 1021 1582 1069 enim
1623 1036 1758 1086 aspe-
1795 1030 1849 1070 10

79 1108 191 1142 rum
239 1108 440 1142 sensum
487 1100 535 1142 et
583 1101 753 1143 contra
805 1100 1028 1142 naturam
1073 1095 1141 1142 vis
1181 1095 1308 1160 ipsa,
1359 1109 1454 1157 qua
1494 1101 1760 1159 utrumque

80 1165 350 1233 divellitur,
398 1167 528 1230 quod
577 1167 738 1216 fuerat
776 1169 826 1215 in
867 1169 1059 1215 vivente
1101 1169 1420 1215 coniunctum
1460 1174 1604 1231 atque
1646 1183 1759 1216 eon-

80 1246 288 1306 sertum,
329 1240 562 1304 quamdiu
600 1247 845 1307 moratur,
892 1240 1048 1288 donee
1089 1242 1247 1288 omnis
1287 1241 1529 1289 adimatur
1570 1256 1760 1307 senSUS,

70 1315 163 1378 qui
215 1328 273 1361 ex
320 1315 427 1378 ipso
482 1315 642 1362 inerat
697 1315 883 1362 animae
940 1315 1200 1378 carnisque
1253 1314 1525 1378 complexu,
1605 1314 1761 1371 Quam

77 1393 229 1435 totam
283 1386 556 1437 molestiam
611 1402 982 1451 nonnumquam
1036 1402 1166 1435 unus
1219 1389 1347 1436 ictus
1401 1390 1624 1451 eorporis
1686 1388 1761 1436 vel
1796 1396 1848 1436 15

78 1461 265 1508 animae
321 1466 490 1524 raptus
554 1462 805 1525 intercipit
866 1475 958 1508 nee
1023 1475 1128 1509 eam
1185 1462 1358 1509 sentiri
1412 1463 1758 1525 praeveniente

78 1532 328 1582 celeritate
359 1535 614 1597 permittit.
694 1533 943 1598 Quidquid
983 1540 1146 1582 tamen
1186 1533 1305 1582 illud
1346 1541 1421 1582 est
1459 1536 1510 1582 in
1550 1537 1760 1583 morien-

77 1605 223 1672 tibus,
264 1607 394 1670 quod
428 1622 539 1656 cum
580 1609 714 1671 gravi
756 1622 905 1656 sensu
945 1607 1113 1655 adimit
1153 1622 1369 1672 sensum,
1408 1609 1486 1671 pie
1527 1607 1757 1656 fideliter-

77 1695 172 1743 que
212 1679 465 1730 tolerando
507 1688 652 1745 auget
692 1682 922 1729 meritum
960 1682 1239 1746 patientiae,
1280 1695 1378 1729 non
1419 1681 1580 1728 aufert
1618 1696 1756 1728 voea-

76 1751 247 1801 bulum
300 1768 500 1818 poenae.
579 1754 649 1802 Ita
705 1769 818 1802 eum
872 1769 930 1801 ex
985 1753 1198 1801 hominis
1260 1755 1406 1817 primi
1467 1760 1756 1818 perpetuata
1789 1763 1845 1802 20

75 1827 344 1890 propagine
395 1827 567 1890 procul
615 1826 764 1875 dubio
805 1828 868 1874 sit
907 1841 1040 1874 mors
1079 1841 1237 1890 poena
1276 1828 1547 1892 nascentiS,
1594 1833 1758 1875 tamen

76 1902 130 1947 si
155 1914 246 1963 pro
285 1901 466 1963 pietate
507 1901 791 1963 iustitiaque
830 1899 1096 1964 pendatur,
1144 1900 1197 1947 fit
1237 1900 1390 1964 gloria
1429 1902 1756 1966 renascentis3

77 1979 125 2020 et
165 1987 278 2021 eum
318 1974 381 2021 sit
420 1987 554 2021 mors
591 1974 782 2037 peccati
821 1971 1097 2038 retributiO,
1137 1973 1395 2036 aliquando
1435 1975 1662 2040 inpetrat,
1702 1981 1756 2022 ut

76 2044 195 2093 nihil
235 2044 540 2094 retribuatur
578 2052 793 2110 peccato,

744 2201 937 2256 CAPUT
969 2203 1088 2256 VII.
1787 2217 1842 2255 25

75 2310 151 2357 De
180 2315 353 2375 morte,
391 2324 540 2369 quam
574 2311 778 2369 quidam
815 2325 915 2358 non
954 2312 1248 2371 reqeneratz‘
1279 2325 1376 2371 pro
1415 2312 1603 2359 Christi
1639 2325 1753 2360 con-

635 2381 856 2443 fessione
893 2387 1184 2446 suscipiunt.

220 2483 341 2531 Nam
388 2486 686 2548 quicumque
735 2486 881 2534 etiam
928 2500 1027 2533 non
1081 2493 1314 2550 percepto
1363 2486 1752 2548 regenerationis

73 2555 262 2604 lavaero
294 2572 384 2621 pro
419 2556 601 2606 Christi
633 2558 941 2606 confessione
967 2560 1262 2624 moriuntur,
1302 2564 1490 2606 tantum
1524 2558 1595 2605 eis
1626 2557 1752 2605 valet

74 2628 131 2676 ad
165 2628 455 2678 dimittenda
487 2637 702 2696 peccata,
743 2637 979 2695 quantum
1013 2633 1052 2680 si
1078 2631 1397 2680 abluerentur
1437 2645 1576 2678 sacro
1617 2631 1749 2678 sonte
1783 2639 1839 2678 30

192 2775 213 2811 1
249 2783 409 2813 uerum
444 2771 602 2822 VAF,·
633 2771 713 2815 sed
737 2785 762 2815 v
786 2774 801 2828 ΙΙ
824 2771 1003 2815 iustitia
1044 2771 1203 2824 VAR·
1234 2771 1340 2814 iusti
1372 2785 1397 2814 v
1421 2772 1436 2826 ΙΙ
1460 2776 1484 2814 6
1518 2770 1748 2826 generalis

71 2842 96 2871 v
122 2829 136 2883 ΙΙ
160 2827 302 2871 animi
338 2827 421 2872 VA
449 2830 521 2885 (ef.
555 2834 608 2883 9,·
640 2834 723 2884 14,·
747 2834 828 2886 16)
850 2832 914 2886 117
949 2832 1187 2886 separetur
1216 2831 1260 2872 A
1284 2831 1300 2885 ΙΙ
1324 2834 1378 2873 26
1411 2828 1598 2884 quidam
1615 2842 1695 2873 om.
1722 2843 1747 2872 v

1301 2902 1392 2945 36*
