2020 3122
149 925 203 963 10

149 1290 201 1328 15

151 2018 206 2057 25

147 2384 202 2423 30

148 2750 203 2789 35

222 127 350 184 *456
926 140 960 172 5.
984 139 1258 174 Auens'rrm

238 254 373 304 velut
425 256 476 303 in
531 253 707 302 divinis
762 250 914 300 rebus
959 251 1288 319 habebantur,
1344 254 1457 317 quia
1505 251 1615 316 plus
1663 251 1792 316 apud
1839 267 1923 302 eas

240 329 502 377 curiositas
557 325 707 374 valuit
765 339 1076 388 quorumque
1126 325 1412 389 angelorum
1463 323 1922 389 cognoscendorum

241 408 289 450 et
341 399 687 464 colendorum,
741 397 1058 462 nondumque
1117 400 1168 446 in
1219 413 1358 448 suam
1407 399 1631 447 notitiam
1682 396 1922 448 historiali

241 475 518 537 cognitione
573 468 852 537 perlatam?
914 470 1165 528 Quaenam
1211 473 1305 520 ista
1360 478 1436 520 est
1488 471 1777 520 universalis
1830 473 1925 538 via,

238 549 334 596 nisi
389 561 512 610 quae
564 560 664 594 non
711 559 827 594 51136
875 546 1054 608 cuique
1101 546 1235 607 genti
1280 545 1502 610 propria,
1553 543 1637 593 sed
1677 546 1924 594 universis

238 619 467 685 gentibus
522 634 647 683 quae
711 619 986 668 communis
1048 624 1180 665 esset
1234 617 1467 666 divinitus
1521 619 1757 682 inpertita
1811 614 1926 667 est?

239 693 395 751 Quam
450 698 585 741 certe
640 693 733 740 iste
787 691 934 739 homo
988 705 1087 738 non
1139 690 1377 739 mediocri
1426 692 1622 755 ingenio
1668 690 1926 755 praeditus

239 782 346 815 esse
386 781 485 815 non
526 764 730 815 dubitat.
807 763 1171 812 Providentiam
1211 765 1390 828 quippe
1432 764 1643 813 divinam
1683 765 1788 812 sine
1828 765 1923 813 ista

237 839 502 888 universali
548 840 624 886 via
674 836 953 886 liberandae
1006 838 1192 885 animae
1245 852 1401 901 genus
1451 837 1723 886 humanum
1774 836 1920 886 relin-

238 927 391 977 quere
423 914 643 976 potuisse
676 926 775 959 non
809 909 978 959 credit.
1055 909 1226 974 Neque
1260 912 1391 959 enim
1423 912 1490 959 ait
1529 925 1629 959 non
1669 925 1793 975 esse,
1833 909 1922 959 sed

235 986 328 1034 1106
378 991 570 1034 1311111111
616 984 801 1032 1101111111
856 989 1146 1047 tantumque
1189 983 1487 1033 adiutorium
1526 982 1746 1032 nondum
1786 998 1922 1032 rece-

235 1066 389 1125 ptum,
405 1057 634 1106 nondum
665 1059 715 1106 in
742 1071 878 1106 suam
912 1058 1135 1105 notitiam
1167 1072 1276 1106 esse
1308 1057 1573 1123 perlatum3
1597 1072 1689 1105 nec
1725 1057 1922 1107 mirum.

242 1132 381 1180 Tunc
438 1132 569 1180 enim
615 1129 920 1194 Porphyrius
978 1137 1082 1179 erat
1128 1132 1179 1178 in
1226 1129 1377 1179 rebus
1428 1130 1682 1196 humanis,
1725 1129 1922 1194 quando

234 1207 327 1254 ista
377 1204 656 1253 liberandae
705 1205 892 1252 animae
932 1202 1223 1252 universalis
1262 1205 1360 1270 via,
1411 1219 1535 1268 quae
1576 1218 1674 1252 non
1715 1209 1790 1252 est
1829 1203 1922 1252 alia

236 1293 382 1342 quam
422 1278 593 1341 religio
635 1276 935 1342 Christiana,
987 1279 1260 1341 oppugnari
1298 1276 1680 1341 permittebatur
1719 1275 1778 1325 ab
1818 1276 1922 1325 ido·

235 1351 396 1400 lorum
435 1351 826 1414 daemonumque
868 1349 1142 1398 cultoribus
1181 1349 1482 1414 regibusque
1521 1351 1756 1416 terreniS‚
1808 1365 1922 1414 pro-

233 1431 344 1488 pter
399 1423 720 1473 asserendum
777 1429 825 1471 et
879 1423 1269 1472 consecrandum
1322 1430 1592 1488 martyrum
1642 1437 1925 1489 numerum,

234 1497 327 1546 hoc
379 1503 455 1546 est
505 1498 706 1545 testium
754 1498 973 1544 veritatis
985 1535 999 1562 ,
1049 1511 1139 1560 per
1192 1512 1315 1560 quos
1363 1496 1710 1546 ostenderetur
1760 1498 1923 1545 omnia

235 1570 507 1635 corporalia
554 1570 678 1618 mala
725 1584 815 1634 pro
864 1568 957 1617 fide
1006 1570 1203 1633 pietatis
1243 1576 1292 1618 et
1332 1570 1755 1618 commendatione
1795 1571 1920 1618 veri·
1992 1596 1995 1597 ν

238 1646 350 1692 tatis
391 1658 499 1692 esse
539 1642 805 1691 toleranda.
881 1641 1087 1691 Videbat
1126 1658 1243 1707 ergo
1282 1644 1376 1691 ista
1399 1643 1703 1708 Porphyrius
1745 1649 1794 1692 et
1831 1658 1924 1707 per

237 1717 385 1766 huius
438 1716 571 1764 modi
622 1717 997 1780 persecutiones
1048 1717 1145 1764 cito
1193 1718 1337 1765 istam
1383 1718 1511 1765 viam
1559 1718 1831 1781 perituram
1873 1722 1926 1765 et

235 1796 498 1854 propterea
559 1804 659 1838 non
729 1804 837 1838 esse
908 1790 1064 1853 ipsam
1133 1788 1414 1838 liberandae
1477 1791 1664 1838 animae
1725 1791 1922 1839 univer-

238 1863 385 1912 salem
437 1861 666 1928 putabat,
716 1877 815 1910 non
855 1862 1146 1926 intellegens
1185 1862 1305 1929 hoc,
1357 1862 1487 1927 quod
1535 1878 1650 1912 eum
1696 1862 1926 1912 movebat

239 1943 287 1985 et
327 1936 457 2000 quod
497 1938 548 1984 in
587 1938 694 1984 61115
735 1935 974 1984 electione
1012 1937 1206 2000 perpeti
1245 1935 1516 2002 metuebat,
1562 1935 1620 1985 ad
1661 1939 1767 1986 eius
1807 1951 1920 1985 con·

239 2010 564 2058 firmationem
610 2008 1040 2073 robustioremque
1090 2009 1563 2058 commendationem
1605 2011 1771 2074 potius
1810 2024 1924 2074 per-

244 2083 418 2130 tinere.

389 2154 519 2203 Haec
561 2162 635 2204 est
673 2156 824 2219 igitur
863 2157 1050 2204 animae
1090 2155 1369 2205 liberandae
1410 2155 1699 2205 universalis
1737 2157 1834 2222 via,
1871 2155 1921 2204 id

242 2235 318 2276 est
356 2229 600 2276 universis
647 2228 877 2292 gentibus
917 2229 1078 2278 divina
1116 2230 1430 2278 miseratione
1472 2244 1728 2295 concessa,
1780 2230 1924 2278 cuius
1978 2259 1990 2270 κ

241 2302 464 2366 profecto
497 2302 670 2350 notitia
701 2301 760 2350 ad
794 2317 1132 2366 quoscumque
1163 2304 1258 2351 iam
1298 2304 1432 2351 venit
1471 2308 1520 2351 et
1558 2302 1618 2350 ad
1659 2317 1918 2366 quoscum-

237 2390 330 2438 que
370 2380 576 2423 ventura
623 2380 721 2439 est,
771 2389 862 2422 nec
914 2374 1084 2424 debuit
1123 2391 1215 2424 nec
1255 2375 1452 2424 debebit
1491 2377 1536 2424 ei
1576 2375 1694 2425 dici:
1757 2374 1922 2432 Quare

234 2444 415 2496 modo?
456 2454 525 2496 et:
566 2447 728 2505 Quare
770 2444 919 2496 sero?
969 2450 1200 2511 quoniam
1239 2450 1481 2498 mittentis
1521 2448 1780 2498 consilium
1818 2462 1919 2496 non

233 2528 308 2570 est
346 2521 559 2570 humano
607 2522 806 2584 ingenio
852 2520 1171 2585 penetrabile.
1250 2521 1391 2579 Quod
1431 2523 1587 2570 sensit
1625 2523 1770 2571 etiam
1809 2522 1919 2584 iste,

233 2609 345 2643 cum
385 2594 538 2660 dixit,
578 2593 797 2642 nondum
835 2600 1092 2658 receptum
1129 2594 1223 2643 hoe
1263 2595 1446 2644 donum
1485 2594 1572 2643 Dei
1613 2601 1662 2643 et
1699 2593 1918 2642 nondum

231 2669 282 2715 in
334 2682 471 2716 suam
525 2668 749 2716 notitiam
799 2667 951 2716 fuisse
998 2667 1255 2731 perlatum.
1333 2667 1434 2716 Nec
1486 2669 1616 2716 enim
1654 2674 1918 2732 propterea
1965 2694 1982 2698 -

239 2755 411 2790 verum
468 2755 565 2789 non
614 2755 721 2789 esse
769 2739 1022 2806 iudicavit,
1070 2742 1183 2804 quia
1231 2740 1449 2790 nondum
1495 2743 1545 2789 in
1591 2740 1738 2789 fidem
1777 2753 1915 2789 suam

235 2830 256 2832 “
352 2856 406 2896 35
438 2852 487 2896 in
518 2852 608 2896 fide
641 2865 724 2895 sua
754 2852 824 2905 A,·
856 2852 912 2906 ef.
947 2855 1051 2908 449,
1081 2856 1139 2896 15
