2020 3122
532 139 598 171 DE
620 137 858 172 cwrrA'rE
883 139 972 171 Dm
994 140 1035 172 L.
1060 140 1168 173 xm.
1194 139 1231 173 c.
1256 141 1309 174 19.
1333 142 1386 174 20.
1699 130 1806 184 583

129 253 277 301 vitam
327 251 508 300 sanctis
555 249 816 315 pollicente
862 258 1174 318 perpetuam,
1224 253 1370 301 etiam
1414 254 1520 318 ipse
1574 261 1805 319 purgatas

129 327 315 374 animas
363 325 468 373 sine
517 323 613 373 ullo
661 323 721 373 ad
767 325 991 373 miserias
1036 327 1269 390 pristinas
1316 325 1479 375 reditu
1517 328 1570 375 in
1609 333 1807 377 aeterna

131 398 362 448 felicitate
419 398 698 463 constituit3
752 404 802 446 et
854 404 910 446 ut
964 397 1158 447 Christo
1214 399 1586 466 adversaretur,
1639 415 1805 450 resur-

134 473 405 521 rectionem
454 469 904 536 incorruptibilium
954 486 1218 536 corporum
1267 487 1451 537 negans
1500 488 1599 523 non
1650 474 1810 524 solum

134 546 239 594 sine
285 546 500 594 terrenis
513 584 526 611 ,
573 544 659 594 sed
707 546 812 593 sine
860 543 973 594 ullis
1019 547 1217 594 omnino
1265 546 1555 611 corporibus
1606 563 1688 597 eas
1728 548 1808 597 ad·
1841 554 1866 594 5

130 620 290 667 seruit
343 620 394 667 in
450 620 806 683 sempiternum
861 633 970 667 esse
1025 620 1253 667 victuras
1342 619 1442 668 Nec
1497 627 1661 669 tamen
1715 623 1809 670 ista

129 691 476 757 qualicumque
524 693 754 757 opinione
801 693 1053 757 praecepit
1091 691 1263 741 saltem
1302 707 1364 741 ne
1404 693 1496 742 diis
1536 696 1809 759 corporatis

132 765 386 830 religionis
426 765 663 830 obsequio
715 764 1061 815 subderentur.
1140 765 1269 823 Quid
1306 767 1388 831 ita,
1427 767 1522 814 nisi
1561 768 1673 830 quia
1713 782 1810 832 eaS,

134 841 355 903 quamvis
387 838 507 888 nulli
547 841 744 904 corpori
783 840 1006 905 sociataS,
1043 854 1142 888 non
1182 838 1391 888 credidit
1428 839 1524 888 illis
1563 855 1671 888 esse
1711 855 1809 888 me·

131 909 318 962 liores?
379 912 705 979 Quapropter,
745 914 787 961 si
819 928 917 961 non
949 912 1200 962 audebunt
1238 915 1337 979 isti,
1375 914 1504 962 sicut
1543 928 1627 962 eos
1665 928 1808 963 ausu-
1844 921 1898 960 10

133 1001 216 1035 ros
256 1002 363 1035 esse
405 1002 503 1035 non
543 986 772 1051 arbitror,
810 985 904 1035 diis
943 985 1237 1035 beatissimis
1276 993 1326 1036 et
1363 993 1526 1035 tamen
1565 988 1616 1035 in
1655 994 1810 1036 aeter-

133 1061 210 1108 nis
265 1060 558 1125 corporibus
613 1061 896 1109 constitutis
959 1059 1196 1109 humanas
1251 1062 1435 1109 animas
1490 1066 1811 1125 anteponere:

131 1148 223 1182 cur
256 1135 326 1182 eis
358 1133 552 1183 videtur
583 1132 867 1199 absurdum,
906 1133 1035 1198 quod
1076 1133 1197 1182 fides
1237 1133 1510 1182 Christiana
1548 1134 1814 1200 praedicat,

133 1214 183 1256 et
236 1209 444 1272 primos·
476 1207 702 1256 homines
754 1209 821 1256 ita
867 1207 1020 1256 fuisse
1068 1207 1314 1272 conditoS,
1364 1214 1440 1272 ut,
1481 1209 1522 1256 si
1561 1222 1659 1256 non
1698 1222 1810 1272 pec-

133 1288 354 1347 cassent,
405 1281 537 1330 nulla
586 1287 745 1330 morte
793 1296 820 1329 a
866 1282 968 1330 suis
1015 1279 1308 1345 corporibus
1355 1280 1687 1346 solverentur,
1726 1281 1812 1330 sed
1847 1286 1900 1326 15

132 1369 224 1419 pro
275 1356 467 1404 meritis
522 1353 860 1404 oboedientiae
916 1353 1189 1403 custoditae
1243 1354 1592 1403 inmortalitate
1647 1353 1813 1403 donati

132 1443 245 1477 cum
287 1429 357 1477 eis
396 1430 617 1477 viverent
661 1429 711 1477 in
760 1434 1038 1494 aeternum3
1085 1434 1135 1476 et
1172 1427 1285 1477 talia
1325 1434 1520 1477 sanctos
1558 1429 1609 1476 in
1648 1442 1812 1477 resur-

133 1503 355 1551 rectione
408 1500 665 1551 habituros
719 1516 776 1550 ea
828 1503 955 1567 ipsa,
1010 1503 1061 1550 in
1109 1500 1288 1565 quibus
1335 1500 1414 1550 hic
1453 1499 1814 1565 laboraverunt,

132 1590 363 1641 corpora,
401 1582 458 1625 ut
495 1591 587 1624 nec
628 1590 801 1624 eorum
841 1576 977 1624 carni
1016 1574 1199 1639 aliquid
1238 1576 1572 1639 corruptionis
1611 1574 1685 1623 vel
1722 1573 1812 1623 dif-

133 1649 364 1698 ficultatis
419 1664 510 1698 nec
559 1664 731 1698 eorum
776 1648 1069 1698 beatitudini
1122 1647 1305 1712 aliquid
1345 1647 1528 1696 doloris
1566 1654 1616 1696 et
1655 1647 1811 1696 infeli·
1845 1655 1901 1695 20

132 1724 294 1772 citatis
332 1724 489 1787 possit
527 1719 792 1771 accidere?

801 1878 993 1932 CAPUT
1032 1878 1149 1932 XX.

142 1990 288 2049 Quod
331 2002 457 2038 earo
494 1992 809 2047 sanctorum,
857 2001 989 2048 quae
1026 2000 1163 2036 nunc
1201 1987 1476 2047 requiescit
1512 1987 1565 2034 in
1602 2000 1709 2048 spe,
1762 1987 1813 2034 in

218 2064 471 2112 meliorem
514 2062 812 2124 reparanda
850 2063 917 2109 sit
952 2062 1260 2121 qualitatem,
1299 2073 1449 2120 quam
1482 2057 1587 2120 fuit
1618 2060 1724 2121 pri-

494 2149 689 2184 morum
726 2135 980 2184 hominum
1019 2139 1138 2183 ante
1168 2138 1452 2196 peccatum.
1847 2140 1902 2179 25

281 2237 496 2287 Proinde
547 2252 680 2286 nunc
731 2243 1015 2285 sanctorum
1064 2237 1252 2285 animae
1308 2235 1655 2284 defunctorum
1704 2235 1814 2284 ideo

133 2327 233 2362 non
279 2311 462 2361 habent
507 2325 702 2376 gravem
749 2317 986 2376 mortem,
1039 2325 1135 2374 qua
1181 2315 1431 2374 separatae
1478 2314 1595 2358 sunt
1643 2323 1668 2356 a
1708 2322 1814 2356 cor-

136 2385 342 2451 poribus
374 2387 493 2451 suiS,
533 2386 646 2448 quia
678 2399 791 2433 caro
824 2398 997 2432 eorum
1037 2384 1307 2447 requiescit
1342 2384 1394 2431 in
1433 2380 1815 2447 spe,.quaslibet

136 2461 241 2509 sine
282 2459 382 2509 ullo
422 2460 518 2507 iam
557 2473 706 2506 sensu
747 2455 1068 2506 contumelias
1108 2457 1356 2521 accepisse
1396 2456 1630 2504 videatur.
1705 2453 1814 2502 Non

136 2534 296 2599 enim,
351 2534 481 2581 sicut
518 2531 709 2580 Platoni
755 2532 913 2579 visum
953 2537 1050 2597 est,
1097 2544 1305 2594 corpora
1344 2527 1585 2576 oblivione
1626 2526 1814 2575 deside·
1847 2536 1903 2575 30

136 2612 269 2671 rant,
324 2604 409 2654 sed
464 2606 651 2670 potiuS,
705 2605 819 2669 quia
873 2604 1205 2652 meminerunt
1252 2602 1368 2665 quid
1423 2600 1517 2649 sihi
1556 2599 1615 2649 ab
1655 2614 1713 2648 eo
1753 2601 1817 2648 sit

136 2680 462 2745 promissum,
502 2680 587 2743 qui
625 2679 871 2726 neminem
911 2675 1056 2743 fallit,
1101 2677 1186 2740 qui
1226 2676 1296 2724 eis
1336 2676 1483 2723 etiam
1521 2674 1581 2722 de
1622 2672 1814 2738 capillo-

138 2767 250 2801 rum
290 2766 494 2801 suorum
533 2752 816 2815 integritate
855 2751 1173 2799 securitatem
1212 2747 1360 2813 dedit,
1400 2747 1817 2796 resurrectionem

255 2864 330 2920 33)
357 2863 467 2908 Luc.
500 2867 572 2918 21,
607 2866 674 2909 18.
