2020 3122
557 155 624 187 DE
650 154 889 188 clvrrATE
913 156 1001 189 DEI
1025 157 1066 190 L.
1090 157 1163 190 111.
1189 159 1227 191 c.
1254 161 1307 192 18.
1668 151 1770 202 127

91 269 269 317 ctorias
300 281 503 332 magnos
543 274 746 331 agerent
786 267 929 317 ludos
971 268 1264 318 daemonum
1305 279 1353 320 et
1378 274 1563 337 opimas
1605 275 1770 338 epulas

87 341 374 390 inferorum.
450 340 583 389 Nihil
637 356 752 390 sane
807 341 1137 391 miserabilius
1190 346 1350 407 primo
1404 345 1532 395 bello
1582 347 1769 396 Punico

88 415 280 481 accidit,
320 429 466 478 quam
498 415 629 479 quod
667 417 735 464 ita
766 414 974 464 Romani
1011 418 1128 465 victi
1168 424 1299 484 sunt,
1338 425 1394 468 ut
1433 421 1578 469 etiam
1610 420 1770 485 Regu-

85 489 163 538 lus
201 487 282 538 ille
323 496 598 555 caperetur,
637 490 780 538 cuius
811 490 862 537 in
900 491 1061 554 primo
1102 496 1150 538 et
1188 492 1239 538 in
1279 491 1431 541 altero
1470 493 1595 542 libro
1636 510 1769 543 men-

86 565 271 611 tionem
297 562 519 629 fecimus,
558 564 633 611 vir
658 562 802 627 plane
834 578 1040 627 magnus
1073 570 1123 612 et
1160 565 1318 612 victor
1358 573 1498 621 antea
1538 567 1770 617 domitor-

88 651 181 701 que
206 635 504 703 Poenorum,
542 637 627 700 qui
667 637 814 685 etiam
851 638 1015 701 ipsum
1053 638 1268 701 primum
1307 636 1490 688 bellum
1528 640 1771 691 Punicum

87 710 409 776 confecisset,
447 711 543 758 nisi
582 710 809 760 aviditate
849 712 998 759 nimia
1036 710 1195 760 laudis
1234 718 1284 760 et
1323 711 1504 775 gloriae
1545 714 1770 764 duriores

86 784 423 851 condicioneS,
471 799 617 848 quam
663 784 795 833 ferre
834 791 1062 851 possent,
1102 785 1246 833 fessis
1286 784 1771 850 Carthaginiensibus

85 859 390 922 imperasset.
468 857 604 906 Illius
636 859 727 906 viri
769 865 817 907 et
857 860 1111 923 captivitas
1150 860 1539 923 inopinatissima
1580 868 1629 910 et
1669 877 1770 910 ser-

83 934 212 981 vitus
251 931 602 996 indignissima,
642 937 692 980 et
729 933 908 981 iuratio
948 931 1231 981 fidelissima
1271 939 1320 981 et
1358 948 1492 982 mors
1533 935 1769 984 crudelis-

86 1007 207 1054 sima
246 1007 287 1054 si
327 1005 445 1054 deos
484 1005 593 1053 illos
633 1020 733 1053 non
774 1007 903 1070 cogit
943 1005 1262 1073 erubescere,
1311 1022 1484 1056 verum
1526 1015 1600 1057 est
1640 1009 1771 1073 quod

85 1080 205 1128 aerii
246 1086 362 1128 sunt
401 1086 450 1127 et
488 1094 588 1127 non
627 1078 811 1128 habent
849 1081 1152 1144 sanguinem.

232 1151 333 1201 Nec
382 1152 506 1201 mala
554 1152 636 1201 illo
684 1159 907 1218 tempore
955 1155 1240 1217 gravissima
1286 1156 1417 1203 intra
1457 1157 1649 1204 moenia
1689 1157 1769 1204 de-

84 1227 299 1276 fuerunt.
377 1225 498 1275 Nam
550 1226 828 1275 exundante
883 1228 1033 1275 nimis
1079 1226 1208 1276 ultra
1258 1243 1447 1277 morem
1494 1228 1642 1277 fluvio
1690 1229 1768 1278 Ti-

83 1299 256 1349 berino
281 1315 437 1365 paene
464 1301 625 1348 omnia
651 1299 789 1348 urbis
812 1299 956 1365 plana
989 1300 1224 1349 subversa
1265 1308 1394 1367 sunt,
1435 1301 1541 1350 aliis
1581 1304 1768 1367 impetu

84 1376 223 1438 quasi
262 1375 497 1423 torrentis
536 1373 760 1441 inpulsiS,
801 1374 907 1422 aliis
946 1373 1080 1423 velut
1120 1382 1292 1439 stagno
1333 1375 1567 1424 diuturno
1607 1377 1767 1425 made-

85 1448 225 1497 factis
273 1455 419 1512 atque
468 1446 725 1512 sublapsis
803 1447 952 1496 Istam
993 1448 1169 1496 deinde
1208 1454 1399 1513 pestem
1438 1450 1566 1513 ignis
1606 1452 1768 1514 perni-

85 1523 264 1570 ciosior
303 1521 600 1571 subsecutus
641 1528 736 1588 est,
786 1523 870 1586 qui
910 1524 1154 1587 correptis
1194 1524 1324 1571 circa
1364 1523 1528 1571 forum
1568 1523 1768 1587 quibus-

85 1611 179 1660 que
235 1595 526 1645 celsioribus
579 1597 725 1644 etiam
779 1595 961 1660 templo
1016 1595 1191 1644 Vestae
1247 1611 1336 1645 suo
1389 1596 1768 1646 familiarissimo

83 1683 182 1718 non
214 1671 452 1736 pepercit,
490 1668 576 1719 uhi
616 1671 660 1718 ei
689 1669 840 1718 veluti
878 1671 1027 1719 vitam
1066 1676 1357 1734 perpetuam
1398 1670 1770 1735 diligentissima

85 1742 435 1792 substitutione
466 1742 713 1808 lignorum
744 1758 843 1792 non
884 1750 982 1793 tam
1022 1743 1288 1792 honoratae
1330 1758 1476 1807 quam
1515 1743 1768 1793 damnatae

82 1818 297 1882 virgines
349 1816 533 1866 donare
582 1824 955 1866 consueverant.
1033 1817 1159 1866 Tum
1207 1833 1324 1866 vero
1363 1817 1462 1866 illic
1501 1819 1630 1881 ignis
1669 1833 1768 1867 non

85 1897 276 1942 tantum
306 1890 512 1957 vivebat,
553 1891 637 1940 sed
672 1893 819 1940 etiam
852 1890 1110 1940 saeviebat.
1189 1890 1340 1940 Cuius
1380 1892 1568 1955 impetu
1609 1899 1767 1940 exter—

83 1966 205 2014 ritae
244 1966 460 2030 virgines
507 1980 645 2014 sacra
683 1964 764 2013 illa
802 1964 985 2031 fatalia,
1035 1979 1158 2028 quae
1198 1967 1295 2013 iam
1333 1971 1458 2030 treS,
1495 1967 1547 2013 in
1587 1965 1767 2029 quibus

71 2038 294 2107 fuerant,
331 2046 618 2103 presserant
642 2040 878 2104 civitateS,
918 2053 1031 2087 cum
1070 2038 1129 2086 ab
1168 2038 1251 2088 illo
1289 2039 1518 2088 incendio
1557 2038 1767 2087 liberare

23 2165 36 2174 ,
85 2126 184 2160 non
222 2119 441 2179 possent,
479 2111 704 2162 Metellus
743 2112 964 2177 pontifex
1005 2127 1120 2161 suae
1161 2112 1373 2177 quodam
1411 2112 1556 2162 modo
1597 2112 1768 2161 salutis

53 2184 265 2235 oblitus
314 2188 521 2235 inruens
572 2201 627 2235 ea
675 2188 942 2235 semiustus
990 2185 1218 2251 abripuit.
1295 2186 1467 2250 Neque
1516 2188 1646 2234 enim
1692 2185 1769 2234 vel

82 2260 244 2324 ipsum
282 2262 410 2325 ignis
450 2262 666 2327 agnovit,
714 2267 798 2309 aut
835 2275 951 2308 vero
994 2266 1099 2309 erat
1136 2260 1205 2309 ibi
1243 2275 1451 2326 numen,
1498 2259 1628 2324 quod
1668 2274 1766 2308 non

85 2334 245 2400 etiam,
285 2335 327 2382 si
351 2334 540 2400 fuisset,
572 2335 794 2399 fugisset.
870 2333 1028 2382 Homo
1052 2336 1204 2398 igitur
1226 2336 1392 2399 potius
1417 2335 1570 2382 sacris
1593 2332 1765 2381 Vestae

1802 577 1827 616 5

1804 942 1858 983 10

1803 1310 1856 1350 15

1801 1678 1857 1719 20

1801 2046 1855 2086 25

86 2421 231 2470 quam
284 2407 364 2456 illa
417 2407 606 2457 homini
659 2408 896 2473 prodesse
949 2414 1235 2472 potuerunt.
1322 2406 1374 2456 Si
1424 2414 1587 2456 autem
1634 2422 1659 2454 a
1712 2420 1764 2454 se
1796 2415 1851 2455 30

84 2481 203 2544 ipsis
227 2482 392 2546 ignem
416 2497 516 2530 non
548 2480 867 2547 repellebant,
907 2483 1168 2548 civitatem,
1209 2483 1350 2530 cuius
1390 2481 1597 2529 salutem
1635 2480 1765 2527 tueri

84 2553 404 2622 putabantur,
451 2556 566 2619 quid
616 2562 788 2605 contra
834 2554 939 2604 illas
987 2570 1136 2620 aquas
1182 2555 1498 2617 flammasque
1536 2557 1765 2616 poterant

86 2625 353 2677 adiuvare?
408 2631 537 2684 sicut
583 2631 730 2678 etiam
779 2644 861 2677 res
900 2631 1005 2693 ipsa
1044 2628 1165 2677 nihil
1206 2643 1261 2677 ea
1299 2641 1505 2692 prorsus
1543 2625 1762 2688 potuisse

205 2833 258 2871 12
292 2799 554 2872 aerii'AK1
584 2830 636 2881 (l.
672 2834 698 2873 7
730 2843 764 2873 c.
799 2833 873 2884 6),·
905 2828 1028 2873 aerei
1059 2827 1203 2871 FK2v
1235 2829 1250 2883 fl
1289 2830 1343 2869 22
1376 2827 1486 2868 tunc
1517 2838 1542 2868 v
1566 2825 1582 2879 fl
1606 2827 1659 2867 27
1694 2835 1777 2886 se·-

85 2885 280 2930 miustus
315 2887 373 2941 O,·
406 2887 739 2932 semiustilatus
771 2888 866 2942 K¹,·
898 2886 1244 2931 semiustulatus
1276 2883 1468 2928 AK2Fv
