2020 3122
553 150 618 181 DE
642 149 880 182 CIVITATE
906 151 994 182 DEI
1017 151 1058 183 n.
1083 153 1148 183 XI.
1174 152 1211 185 c.
1235 154 1289 185 3-2.
1660 141 1766 194 507

93 264 234 328 fecit,
282 261 412 327 quod
460 267 535 310 est
581 259 795 310 Verbum
843 263 948 310 eius
997 270 1045 311 et
1095 265 1257 327 ipsum
1304 266 1548 329 scriptura
1587 267 1767 330 princi-

90 339 227 403 pium
278 336 544 384 nominavit
585 329 738 400 (sicut
776 336 880 398 ipse
921 337 971 383 in
1012 337 1260 401 evangelio
1300 337 1491 386 Iudaeis
1531 354 1766 403 quaeren-

91 410 223 460 tibus
274 411 384 474 quis
435 413 566 457 esset
616 408 871 472 respondit
929 424 979 456 se
1034 425 1140 458 esse
1191 407 1537 477 principium):
1592 427 1689 461 non
1741 428 1765 461 e

87 484 335 533 contrario
389 482 600 530 referam
663 483 1059 547 contentionem,
1114 486 1320 532 maxime
1376 486 1488 548 quia
1541 485 1634 534 hoc
1690 501 1766 535 me

89 557 299 607 delectat
344 555 638 621 plurimum,
686 554 815 618 quod
865 556 1010 604 etiam
1050 557 1099 604 in
1141 571 1331 605 summo
1372 559 1573 606 exordio
1613 561 1769 607 sancti
1815 582 1826 601 ι

87 630 201 680 libri
238 645 477 694 geneseos
518 630 711 677 trinitas
750 628 1136 678 commendatur.
1214 629 1337 678 Cum
1376 633 1506 679 enim
1546 634 1610 680 ita
1651 632 1765 680 dici-

87 712 191 754 tur:
232 705 294 753 In
329 705 585 766 principio
619 701 747 764 fecit
786 703 923 751 Deus
962 706 1157 752 eaelum
1197 710 1246 752 et
1284 710 1491 764 terram,
1530 712 1584 753 ut
1622 705 1767 754 Pater

88 778 266 827 fecisse
306 776 617 840 intellegatur
657 777 707 824 in
747 776 897 841 Filio,
937 778 1064 825 sicut
1103 776 1375 825 adtestatur
1413 777 1643 841 psalmUS,
1684 777 1767 826 ubi

86 851 291 916 legitur:
331 852 492 910 Quam
523 852 851 911 maqnifieata
883 856 1000 899 sunt
1030 865 1186 912 opera
1219 857 1307 899 tua
1332 851 1570 900 Domine!
1602 854 1768 900 omnia

89 929 141 974 in
179 927 431 987 sapientia
472 922 671 985 fecisti:
720 925 1181 973 convenientissime
1220 923 1364 988 paulo
1404 931 1517 988 post
1557 939 1766 974 comme-

86 1004 307 1048 moratur
339 999 486 1046 etiam
520 996 733 1061 Spiritus
773 1003 986 1057 sanctus:
1065 996 1187 1046 Cum
1228 999 1358 1046 enim
1398 997 1582 1047 dictum
1623 1005 1769 1063 esset,

86 1072 278 1136 qualem
332 1078 514 1120 terram
566 1070 697 1118 Deus
746 1072 977 1135 primitus
1034 1071 1228 1136 fecerit,
1284 1070 1355 1119 vel
1406 1086 1550 1134 quam
1590 1071 1767 1119 molem

85 1147 398 1195 materiamve
451 1145 645 1194 futurae
696 1146 1080 1193 constructionis
1131 1145 1301 1193 mundi
1358 1144 1479 1193 caeli
1519 1153 1567 1194 et
1608 1153 1767 1194 terrae

85 1221 282 1269 nomine
307 1219 666 1282 nuncupaverit
699 1217 986 1267 subiciendo
1027 1225 1075 1266 et
1114 1218 1357 1267 addendo:
1403 1219 1561 1268 Terra
1602 1225 1767 1268 autem

28 1334 38 1339 -
84 1299 199 1344 erat
253 1294 516 1342 invisibilis
566 1297 614 1340 et
663 1294 991 1354 incomposita
1043 1297 1091 1340 et
1139 1293 1378 1341 tenebrae
1428 1299 1578 1341 erant
1614 1308 1767 1354 super

83 1369 343 1430 abyssum:
397 1381 511 1414 mox
564 1371 620 1414 ut
673 1367 908 1414 trinitatis
963 1367 1363 1414 commemoratio
1416 1366 1768 1430 compleretur:

84 1443 152 1490 Et
201 1443 437 1503 spiritus,
488 1440 683 1504 inquit,
738 1439 836 1488 Dei
886 1437 1308 1501 superferebatur
1361 1454 1515 1501 super
1570 1454 1767 1500 aquam.

78 1513 296 1570 Proinde
352 1521 407 1562 ut
461 1512 590 1561 volet
645 1514 853 1576 quisque
901 1514 1131 1577 accipiat,
1184 1512 1313 1576 quod
1364 1514 1430 1561 ita
1468 1513 1769 1577 profundum

83 1595 187 1653 est,
237 1594 292 1636 ut
343 1587 402 1636 ad
454 1587 856 1636 exercitationem
907 1586 1174 1650 legentium
1226 1601 1251 1634 a
1291 1585 1404 1635 fidei
1455 1586 1622 1650 regula
1671 1602 1767 1635 non

83 1661 406 1710 abhorrentes
444 1660 613 1725 plures
651 1661 808 1724 possit
846 1675 1083 1724 generare
1124 1661 1408 1726 sententiaS,
1448 1659 1563 1708 dum
1605 1667 1766 1708 tamen

82 1734 280 1800 angelos
335 1740 532 1783 sanctos
582 1736 632 1782 in
688 1732 979 1783 sublimibus
1030 1732 1229 1782 sedibus
1280 1748 1379 1781 non
1429 1733 1626 1797 quidem
1667 1732 1766 1781 Deo

84 1815 388 1873 coaeternoS‚
429 1807 516 1856 sed
549 1814 712 1856 tamen
745 1807 803 1856 de
830 1822 918 1856 sua
957 1808 1256 1870 sempiterna
1296 1814 1344 1855 et
1384 1822 1494 1855 vera
1536 1807 1765 1855 felicitate

82 1897 288 1931 securos
328 1888 378 1930 et
417 1888 580 1931 certos
612 1896 722 1929 esse
762 1895 906 1929 nemo
948 1879 1174 1944 ambigat.
1251 1880 1321 1928 Ad
1362 1895 1573 1944 quorum
1613 1883 1765 1928 socie-

82 1963 233 2005 tatem
282 1956 532 2019 pertinere
583 1954 813 2019 parvulos
864 1969 980 2003 suos
1031 1954 1268 2002 Dominus
1319 1954 1500 2002 docens
1553 1969 1650 2002 non
1690 1969 1764 2002 so-

83 2029 184 2078 lum
235 2027 355 2077 illud
405 2029 493 2077 ait:
545 2029 712 2077 Erunt
762 2031 998 2089 aequales
1050 2030 1242 2088 cenyelis
1283 2029 1380 2076 Dei
1386 2045 1404 2084 ,·
1454 2043 1623 2076 verum
1673 2029 1767 2091 ipsi

82 2118 281 2167 quoquc
329 2101 487 2165 angeli
539 2117 633 2166 qua
682 2101 1092 2166 contemplatione
1140 2101 1368 2150 fruantur
1407 2101 1642 2167 ostendit,
1683 2100 1767 2149 ubi

84 2179 172 2226 ait:
231 2176 421 2238 Videte,
469 2191 532 2225 ne
572 2178 902 2224 contemnatis
940 2189 1094 2224 unum
1135 2190 1201 2224 ex
1235 2177 1432 2237 pusillis
1473 2177 1606 2232 istis,·
1652 2177 1764 2223 dieo

83 2252 213 2300 enim
261 2251 418 2306 vobis,
466 2252 588 2310 quia
637 2252 809 2310 anyeli
853 2263 1025 2298 eorum
1073 2251 1124 2297 in
1172 2252 1327 2298 caelis
1365 2263 1560 2310 semper
1598 2250 1765 2296 vident

80 2322 271 2384 faciem
311 2323 484 2371 Patris
522 2325 631 2382 mei,
670 2325 761 2384 qui
797 2325 847 2371 in
888 2325 1043 2372 caelis
1082 2328 1166 2372 est.

85 2528 139 2568 18
190 2467 244 2566 133
286 2464 349 2509 10.
390 2469 440 2518 s,
485 2469 553 2508 25.
618 2466 692 2519 10)
732 2464 804 2507 Ps.
849 2469 954 2519 103,
994 2469 1062 2507 24.
1127 2466 1201 2519 25)
1234 2463 1314 2507 Mt.
1347 2468 1424 2516 22,
1458 2467 1527 2504 30.
1591 2463 1663 2515 29)
1697 2460 1758 2503 lb.

202 2703 256 2742 17
287 2698 523 2743 ferebatur
554 2703 596 2742 A
621 2700 636 2755 ΙΙ
660 2713 829 2754 aquam
870 2699 934 2742 Vv
967 2693 1195 2754 (ὕδατος);
1236 2709 1378 2751 aquas
1410 2695 1454 2737 A
1485 2696 1500 2749 ΙΙ
1533 2698 1586 2736 19
1618 2707 1646 2736 a
1677 2706 1757 2736 om.

83 2758 127 2800 A
149 2759 166 2812 ll
189 2762 245 2800 20
277 2757 578 2801 abhorrentes
620 2757 663 2800 V
688 2763 815 2811 (509,
847 2762 954 2812 21)‚·
986 2757 1253 2800 aberrantes
1285 2756 1356 2798 Av
1395 2755 1410 2809 ΙΙ
1441 2758 1496 2796 25
1528 2752 1645 2795 illud
1675 2765 1757 2794 om.

84 2815 130 2858 A
152 2817 168 2871 ΙΙ
191 2821 246 2860 28
280 2816 422 2872 enim]
455 2818 612 2860 autem
645 2818 687 2860 A
712 2819 726 2873 ss
750 2817 797 2859 in
830 2815 969 2860 caelis
1003 2829 1084 2859 om.
1118 2816 1162 2857 A

1803 933 1855 972 10

1803 1301 1854 1339 15

1800 1669 1855 1708 20

1799 2035 1853 2075 25
