2020 3122
530 151 597 182 DE
620 150 856 183 CIVITATE
880 153 967 183 Dm
990 152 1032 185 L.
1056 153 1101 184 x.
1126 153 1163 185 c.
1188 154 1242 185 28.
1267 154 1320 185 29.
1661 140 1767 192 447

89 279 305 330 carpere.
390 264 452 312 At
503 263 585 311 ille
631 262 824 328 implet,
879 263 1009 326 quod
1063 265 1331 329 prophetae
1379 267 1535 314 sancti
1581 265 1639 314 de
1687 266 1769 314 illo

89 340 330 387 veraciter
367 336 743 401 praedixerunt:
784 337 1005 385 Perdam
1043 341 1344 400 sapientiam
1383 342 1684 401 sapientium
1723 346 1772 389 et

83 414 411 475 prudentiam
451 411 783 473 prudentium
829 412 1127 472 reprobabo.
1212 411 1320 460 Non
1370 415 1501 461 enim
1541 428 1680 462 suam
1718 415 1769 462 in

89 488 158 535 eis
197 484 359 550 perdit
399 491 448 534 et
485 482 741 550 reprobat,
782 498 928 547 quam
966 485 1071 548 ipse
1113 484 1330 551 donavit,
1371 486 1455 534 sed
1497 502 1644 550 quam
1676 486 1770 535 sibi

90 564 333 624 arrogant,
374 559 458 622 qui
489 573 587 606 non
627 556 811 606 hahent
849 558 1019 621 ipsius,
1082 556 1220 606 Unde
1255 567 1635 609 commemorato
1674 562 1770 609 isto
1802 569 1828 608 5

85 632 374 700 prophetico
429 632 714 681 testimonio
771 632 997 695 sequitur
1051 638 1101 680 et
1155 631 1273 680 dicit
1323 633 1596 696 apostolus:
1678 635 1774 683 Ubi

85 708 320 770 sapiens?
352 707 442 755 ubi
463 707 670 755 scriba?
702 706 792 754 ubi
813 707 1125 766 conquisitor
1155 707 1307 754 huius
1337 709 1564 755 saeculi?
1596 709 1771 757 Nonne

85 783 286 831 stultam
331 779 461 841 fecit
497 780 635 828 Deus
673 781 974 841 sapientiam
1013 780 1162 828 liuius
1199 781 1407 828 mundi?
1484 781 1612 828 Nam
1652 795 1768 841 quo-

85 858 222 904 niam
247 856 298 903 in
323 854 422 902 Dei
450 855 701 916 sapientia
725 867 825 902 non
857 855 1089 913 coqnovit
1110 855 1324 902 mundus
1346 868 1448 915 per
1470 856 1770 915 sapientiam

85 930 266 990 Deum,
315 929 516 990 placuit
561 928 666 975 Deo
703 942 804 988 per
849 928 1113 975 stultitiam
1154 929 1562 989 praedicationis
1608 931 1771 977 salvos
1806 937 1859 976 10

79 1002 262 1067 facere
302 1003 579 1051 credentes
665 1001 912 1059 Quoniam
950 1002 1149 1060 quidem
1190 1002 1376 1050 Iudaei
1411 1004 1559 1062 siqna
1592 1007 1774 1063 petunt

86 1084 134 1128 et
169 1077 358 1126 Graeci
387 1077 687 1138 sapientiam
729 1079 1009 1136 quaerunt;
1048 1089 1138 1123 nos
1171 1082 1359 1141 autem,
1398 1076 1581 1139 inquit,
1615 1090 1768 1138 prae·

86 1153 314 1201 dicamus
345 1150 597 1199 Christum
630 1151 951 1208 crucifixum,
988 1149 1193 1198 Iudaeis
1226 1151 1425 1210 quidem
1457 1151 1769 1210 scandalum,

81 1223 319 1286 ,uentibus
366 1230 533 1272 autem
578 1224 864 1282 stultitiam,
913 1224 1034 1283 ipsis
1072 1237 1191 1271 vero
1238 1226 1430 1272 vocatis
1477 1223 1685 1272 Iudaeis
1723 1229 1773 1272 et

90 1299 301 1348 Graecis
347 1298 599 1346 Christum
638 1297 738 1345 Dei
774 1298 1007 1344 virtutem
1047 1302 1097 1345 et
1135 1297 1232 1345 Dei
1275 1298 1576 1359 sapientiam
1586 1315 1605 1354 ;
1652 1311 1769 1358 quo·
1804 1304 1858 1344 15

52 1413 66 1419 ,.
87 1374 222 1421 niam
261 1374 463 1420 stultum
502 1371 602 1419 Dei
637 1372 918 1431 sapientius
958 1374 1031 1418 est
1075 1371 1380 1431 hominibus,
1429 1375 1478 1419 et
1516 1373 1769 1430 infirmum

85 1446 182 1495 Dei
212 1444 402 1507 fortius
434 1450 506 1494 est
537 1445 831 1493 hominibus.
892 1442 997 1492 Hoc
1030 1445 1170 1507 quasi
1202 1443 1407 1493 stultum
1439 1450 1489 1492 et
1518 1444 1769 1493 infirmum

83 1526 330 1583 tamquam
363 1533 452 1567 sua
483 1519 664 1567 virtute
698 1518 944 1583 sapientes
983 1517 1239 1582 fortesque
1272 1524 1610 1567 contemnunt.
1672 1517 1769 1566 Sed

83 1592 204 1642 haec
237 1599 312 1642 est
343 1593 512 1658 gratia,
554 1606 677 1655 quae
711 1597 849 1640 sanat
879 1591 1117 1657 infirm03‚
1153 1607 1253 1640 non
1286 1590 1499 1656 superbe
1530 1593 1769 1640 iactantes

84 1666 253 1716 falsam
307 1665 665 1715 beatitudinem
721 1679 884 1730 suam,
943 1664 1029 1713 sed
1083 1664 1336 1714 humiliter
1389 1666 1554 1729 potius
1603 1680 1768 1713 veram
1802 1675 1858 1714 20

84 1742 332 1790 miseriam
373 1740 677 1789 confitentes

714 1911 909 1965 CAPUT
942 1911 1141 1965 XXIX.

166 2022 242 2071 De
284 2022 642 2070 incarnatione
681 2020 886 2068 Domini
922 2021 1086 2068 nostri
1124 2018 1240 2068 Iesu
1287 2019 1495 2083 Christi,
1536 2033 1686 2080 quam

319 2096 557 2155 confiteri
594 2094 973 2142 Platonicorum
1014 2094 1268 2142 erubescit
1306 2095 1546 2155 impietas.

231 2198 491 2247 Praedieas
530 2197 728 2246 Patrem
768 2202 818 2245 et
857 2197 963 2245 eius
994 2195 1194 2262 Filium,
1238 2211 1384 2259 quem
1424 2211 1567 2245 vocas
1606 2203 1767 2261 pater·
1800 2206 1856 2245 25

86 2287 204 2321 num
251 2271 558 2321 intellectum
598 2286 686 2319 seu
734 2276 973 2335 mentem,
1021 2275 1070 2318 et
1114 2268 1294 2318 horum
1333 2269 1573 2335 medium,
1621 2285 1768 2335 quem

85 2352 314 2410 putamus
352 2351 402 2394 te
442 2345 607 2393 dicere
650 2343 888 2408 Spiritum
930 2349 1176 2410 sanctum,
1218 2349 1267 2392 et
1305 2358 1442 2392 more
1481 2350 1646 2393 vestro
1687 2359 1767 2407 ap-

86 2417 237 2484 pellas
283 2426 386 2468 tres
428 2418 560 2467 deos,
637 2417 754 2484 Ubi,
803 2419 897 2467 etsi
936 2416 1099 2466 verbis
1139 2417 1516 2482 indisciplinatis
1560 2418 1767 2482 utimini,

86 2491 260 2542 videtis
291 2503 456 2542 tamen
490 2491 914 2556 qualitercumque
948 2498 996 2540 et
1035 2492 1175 2555 quasi
1206 2506 1297 2555 per
1331 2490 1566 2555 quaedam
1601 2491 1765 2538 tenuis

86 2567 444 2631 imaginationis
483 2565 790 2631 umbracula,
838 2580 934 2629 quo
974 2564 1231 2613 nitendum
1280 2566 1363 2630 sit3
1412 2563 1496 2612 sed
1543 2565 1764 2612 incarna·
1797 2572 1855 2612 30

205 2695 248 2748 3)
281 2692 401 2738 Esai.
438 2698 508 2749 29,
543 2698 612 2737 14.
678 2697 749 2748 17)
786 2698 824 2736 1.
859 2691 959 2737 Cor.
996 2697 1034 2747 1,
1070 2696 1124 2735 19
1159 2705 1254 2746 sqq.

207 2889 259 2928 13
293 2884 514 2928 christum
546 2886 594 2927 et
622 2884 745 2927 hunc
778 2882 932 2930 crucif.
966 2881 1036 2925 Fe
