2020 3122
170 694 195 734 5

142 1063 196 1102 10

143 1431 197 1470 15

143 1799 198 1838 20

144 2166 199 2206 25

146 2535 200 2574 30

229 150 298 201 74
897 159 932 192 S.
955 158 1230 194 Auensmmt

846 325 1043 381 CAPUT
1075 326 1276 381 XVIII.

236 438 376 496 Quae
423 437 485 485 de
529 436 752 484 moribus
791 435 1138 484 Romanorum
1187 439 1278 483 aut
1314 437 1445 483 metu
1485 434 1782 495 compressis
1822 437 1911 481 aut

348 539 357 546 -
411 511 688 559 securitate
727 511 959 582 resolutis
998 509 1229 558 Sallustii
1259 509 1453 570 prodat
1488 508 1716 556 historia.

375 611 544 676 Itaque
594 610 784 661 habebo
831 611 1034 661 modum
1085 618 1134 660 et
1183 613 1345 676 ipsum
1400 609 1686 659 Sallustium
1732 614 1911 658 testem

227 687 392 751 potius
433 684 699 752 adhibebo,
746 687 830 750 qui
878 701 992 735 cum
1036 687 1088 734 in
1134 684 1275 734 laude
1317 684 1651 733 Romanorum
1691 682 1910 748 dixisset,

229 758 359 809 unde
407 759 550 808 nobis
596 761 688 808 iste
738 774 900 808 sermo
950 765 1089 808 ortus
1137 765 1238 808 est:
1290 757 1404 826 „Ius
1451 756 1734 822 bonumque
1782 755 1911 822 apud

230 848 314 882 eos
353 849 452 882 non
500 832 691 898 legibus
736 835 891 898 magis
933 848 1079 898 quam
1125 839 1299 881 natura
1338 825 1586 897 valebat,“
1622 829 1912 896 praedicans

228 907 348 956 illud
395 913 616 974 tempus,
667 922 764 971 quo
817 906 1035 971 expulsis
1082 904 1283 970 regibus
1333 903 1691 954 incredibiliter
1742 905 1911 954 civitas

228 980 366 1030 brevi
398 982 570 1030 aetatis
595 982 752 1045 spatio
777 980 1046 1044 plurimum
1085 981 1253 1044 crevit,
1292 978 1421 1027 idem
1460 984 1623 1027 tamen
1663 980 1714 1027 in
1752 979 1912 1042 primo

228 1054 462 1103 historiae
503 1069 619 1103 suae
658 1052 783 1102 libro
825 1060 971 1118 atque
1010 1055 1116 1118 ipso
1157 1054 1264 1102 eius
1304 1052 1504 1102 exordio
1543 1052 1726 1101 fatetur
1767 1053 1914 1101 etiam

229 1135 370 1193 tunc,
419 1143 532 1176 cum
572 1127 632 1176 ad
683 1127 911 1176 consules
952 1143 978 1176 a
1017 1126 1218 1192 regibus
1259 1132 1391 1175 esset
1429 1125 1663 1175 translata
1702 1140 1785 1174 res
1823 1141 1911 1190 pu-

227 1201 376 1268 blica,
421 1208 534 1266 post
579 1216 784 1266 parvum
830 1201 1142 1250 intervallum
1188 1201 1394 1250 iniurias
1434 1199 1723 1248 validiorum
1763 1205 1812 1248 et
1837 1198 1912 1247 'ob

230 1290 311 1324 eas
351 1275 705 1324 discessionem
752 1274 911 1339 plebis
959 1290 985 1323 a
1031 1274 1254 1339 patribus
1301 1273 1516 1338 aliasque
1555 1274 1606 1322 in
1646 1272 1778 1322 Urbe
1819 1271 1915 1321 dis-

231 1350 486 1398 sensiones
533 1348 699 1398 fuisse.
776 1348 899 1397 Nam
946 1364 1059 1397 cum
1106 1349 1303 1413 optimis
1356 1346 1577 1396 moribus
1617 1353 1666 1395 et
1704 1347 1915 1395 maxima

230 1421 492 1471 concordia
538 1422 777 1487 populum
816 1422 1092 1471 Romanum
1136 1424 1268 1470 inter
1315 1421 1589 1470 secundum
1635 1427 1685 1470 et
1722 1427 1911 1485 postre-

231 1511 366 1546 mum
411 1494 595 1545 bellum
650 1495 1049 1560 Carthaginiense
1106 1501 1541 1544 commemorasset
1591 1496 1749 1559 egisse
1801 1509 1913 1543 cau-

230 1564 431 1634 samque
471 1569 620 1618 huius
658 1569 775 1618 boni
814 1585 914 1618 non
954 1584 1170 1618 amorem
1209 1570 1440 1635 iustitiae,
1481 1568 1567 1617 sed
1607 1573 1766 1617 stante
1800 1566 1913 1617 Car-

230 1644 426 1708 thagine
460 1649 647 1692 metum
678 1645 813 1708 pacis
837 1643 1013 1692 infidae
1047 1644 1199 1692 fuisse
1233 1642 1437 1691 dixisset
1470 1637 1626 1709 (unde
1659 1648 1708 1690 et
1739 1641 1915 1691 Nasica

230 1717 310 1766 ille
351 1717 409 1766 ad
458 1717 821 1781 reprimendam
867 1719 1139 1781 nequitiam
1186 1715 1549 1780 servandosque
1590 1717 1711 1764 istos
1750 1730 1914 1764 mores

232 1792 458 1856 optimOS‚
498 1796 552 1839 ut
591 1797 727 1840 metu
767 1793 880 1839 vitia
921 1790 1295 1856 cohiberentur,
1335 1789 1680 1854 Carthaginem
1718 1788 1916 1838 nolebat

231 1858 434 1931 everti):
474 1865 708 1913 continuo
749 1863 961 1914 subiecit
998 1865 1130 1913 idem
1170 1863 1433 1912 Sallustius
1473 1869 1522 1912 et
1561 1864 1648 1912 ait:
1686 1862 1779 1930 „At
1818 1862 1913 1912 dis·

232 1937 400 1986 cordia
439 1944 489 1986 et
527 1940 726 1988 avaritia
766 1945 912 2003 atque
960 1937 1159 1987 ambitio
1201 1943 1249 1986 et
1289 1943 1453 1986 cetera
1493 1936 1724 1986 secundis
1762 1936 1914 1986 rebus

233 2012 354 2059 oriri
394 2017 533 2060 sueta
572 2011 695 2060 mala
742 2018 855 2076 post
895 2010 1201 2076 Carthaginis
1242 2011 1486 2060 excidium
1525 2012 1732 2060 maxime
1759 2016 1915 2060 „aucta

233 2079 394 2150 sunt,“
442 2091 498 2133 ut
551 2085 951 2150 intellegeremus
999 2087 1147 2135 etiam
1197 2091 1340 2134 antea
1391 2091 1440 2134 et
1486 2086 1607 2133 oriri
1658 2084 1817 2133 solere
1866 2091 1915 2133 et

233 2160 416 2222 augeri.
492 2157 631 2207 Unde
658 2158 958 2208 subnectens
998 2174 1088 2208 cur
1126 2158 1220 2207 hoc
1261 2158 1462 2207 dixerit:
1497 2157 1653 2224 „Nam
1690 2159 1915 2224 iniuriae,

231 2233 414 2297 inquit,
453 2231 742 2282 validiorum
789 2239 839 2282 et
889 2231 950 2281 oh
989 2234 1083 2281 ‘eas
1131 2232 1367 2281 discessio
1416 2231 1573 2296 plebis
1626 2246 1653 2279 a
1690 2231 1914 2296 patribus

231 2304 450 2368 aliaeque
475 2305 808 2356 dissensiones
833 2306 966 2355 domi
997 2307 1135 2355 fuere
1176 2307 1272 2354 iam
1310 2304 1424 2354 inde
1465 2320 1491 2353 a
1530 2305 1790 2371 principio,
1830 2320 1913 2354 ne-

232 2393 327 2442 que
361 2377 567 2443 amplius
601 2392 747 2443 quam
778 2379 978 2444 regibus
1004 2381 1203 2446 exactiS,
1244 2378 1361 2428 dum
1394 2386 1554 2428 metus
1595 2394 1620 2426 a
1645 2378 1913 2443 Tarquinio

233 2458 283 2500 et
306 2450 489 2500 bellum
513 2467 656 2516 grave
683 2468 794 2502 cum
820 2453 1019 2502 Etruria
1043 2455 1259 2518 positum
1292 2447 1382 2518 est,
1421 2467 1577 2516 aequo
1604 2458 1654 2500 et
1691 2451 1913 2501 modesto

232 2527 340 2574 iure
380 2521 661 2590 agitatum.“
734 2525 879 2575 Vides
927 2542 1074 2590 quem
1121 2527 1180 2575 ad
1229 2525 1430 2575 modum
1469 2527 1617 2575 etiam
1654 2525 1737 2573 illo
1777 2524 1916 2574 brevi

232 2606 470 2666 tempore,
509 2606 565 2648 ut
587 2598 788 2664 regibus
829 2601 1027 2666 exactiS‚
1065 2600 1115 2648 id
1154 2606 1230 2649 est
1269 2601 1454 2665 eiectis,
1495 2598 1798 2663 aliquantum
1837 2613 1913 2647 ae-

234 2688 330 2736 quo
372 2678 421 2721 et
459 2672 682 2722 modesto
708 2675 815 2722 iure
841 2680 1084 2737 ageretur,
1125 2680 1311 2722 metum
1351 2673 1473 2721 dixit
1511 2673 1662 2721 fuisse
1704 2687 1915 2738 causam,

234 2748 464 2809 quoniam
504 2746 815 2796 metuebatur
863 2746 1068 2811 bellum,
1117 2746 1247 2810 quod
1296 2761 1384 2795 rex
1423 2746 1721 2810 Tarquinius
1761 2760 1913 2810 regno

353 2893 408 2931 16
443 2887 813 2945 carthaginiense
849 2887 1008 2941 GKF;
1041 2886 1395 2944 carthaginense
1427 2887 1499 2930 Av
