2020 3122
136 948 192 988 10

138 1315 191 1356 15

136 1684 193 1724 20

136 2052 193 2092 25

137 2421 194 2461 30

220 149 330 201 206
903 158 939 192 S.
965 157 1242 193 Auous'rm

223 280 418 322 nostras
464 272 741 321 voluntates
787 273 1016 337 ignorare
1063 287 1163 320 non
1213 274 1395 337 potuit,
1451 287 1572 336 quas
1619 278 1907 323 nostrorum

225 361 432 411 operum
472 361 643 395 causas
683 360 791 395 esse
831 347 1107 411 praescivit.

371 418 494 468 Nam
534 426 583 468 et
621 418 758 486 illud,
797 420 929 484 quod
967 419 1099 468 idem
1139 418 1311 469 Cicero
1352 419 1600 486 concedit⁷
1639 419 1763 469 nihil
1800 421 1909 470 fieri

225 495 267 542 si
306 507 452 542 causa
491 493 713 542 efficiens
751 509 850 542 non
888 493 1165 559 praecedat,
1205 496 1322 543 satis
1362 500 1437 543 est
1477 493 1535 542 ad
1576 508 1689 542 eum
1727 495 1778 543 in
1817 493 1908 544 hac

225 566 958 632 quaestione.redarguendum.
1037 566 1164 625 Quid
1205 570 1336 616 enim
1376 583 1491 617 eum
1531 567 1739 634 adiuvat,
1777 567 1910 632 quod

225 641 344 690 dicit
381 640 503 690 nihil
554 640 750 705 quidem
791 641 900 690 fieri
939 643 1045 690 sine
1086 656 1255 708 causa,
1297 641 1382 690 sed
1422 656 1521 690 non
1561 655 1757 690 omnem
1796 656 1908 691 cau-

226 729 329 763 sam
368 730 477 764 esse
524 714 744 781 fatalem,
799 716 913 779 quia
960 721 1036 764 est
1076 730 1222 764 causa
1262 716 1489 782 fortuita,
1545 721 1620 764 est
1658 715 1911 781 naturalis,

226 795 300 837 est
354 785 663 837 voluntaria?
719 789 926 854 Sufficit,
982 790 1095 852 quia
1151 803 1318 854 omne,
1374 788 1504 853 quod
1542 789 1620 855 fit,
1673 804 1774 838 non
1813 790 1910 838 nisi

225 877 371 911 causa
409 862 737 927 praecedente
785 863 893 911 fieri
932 863 1211 911 confitetur.
1287 862 1388 911 Nos
1428 863 1560 911 enim
1599 877 1682 911 eas
1722 876 1909 930 causaS‚

225 951 349 1000 quae
390 936 624 985 dicuntur
664 936 918 1003 fortuitae,
958 935 1089 984 unde
1131 937 1277 985 etiam
1317 936 1515 986 fortuna
1555 950 1734 985 nomen
1773 951 1909 986 acce-

224 1011 311 1075 pit7
352 1025 452 1058 non
491 1025 602 1059 esse
642 1009 851 1058 dicimus
893 1009 1074 1076 nullas,
1114 1009 1199 1059 sed
1239 1009 1471 1076 latentes,
1511 1024 1691 1074 easque
1732 1009 1907 1059 tribui·

224 1098 334 1131 mus
389 1074 463 1131 vel
519 1083 608 1132 Dei
661 1085 767 1132 veri
820 1083 897 1132 vel
951 1083 1286 1148 quorumlibet
1338 1085 1606 1149 spirituum
1657 1083 1910 1151 voluntati,

225 1158 456 1221 ipsasque
496 1157 746 1206 naturales
785 1172 1097 1222 nequaquam
1138 1157 1197 1206 ab
1236 1157 1369 1207 illius
1406 1157 1655 1207 voluntate
1697 1158 1910 1222 seiungi·

224 1245 351 1297 ωας,
389 1232 473 1295 qui
499 1237 574 1280 est
606 1238 778 1280 auctor
810 1233 969 1281 omnis
1002 1231 1326 1296 conditorque
1359 1237 1577 1281 naturae.
1653 1230 1754 1280 Iam
1792 1245 1910 1280 vero

226 1319 402 1353 causae
440 1304 743 1354 voluntariae
785 1311 869 1355 aut
899 1304 989 1354 Dei
1028 1311 1146 1355 sunt
1183 1312 1267 1355 aut
1306 1305 1594 1370 angelorum
1633 1311 1717 1355 aut
1754 1305 1910 1355 homi—

224 1393 343 1427 num
369 1384 453 1427 aut
478 1393 787 1443 quorumque
814 1379 1108 1446 animalium,
1149 1380 1190 1428 si
1228 1386 1393 1428 tamen
1431 1379 1707 1428 voluntates
1746 1379 1909 1444 appel·

224 1451 395 1501 landae
436 1458 552 1501 sunt
593 1454 868 1502 animarum
906 1454 1112 1502 rationis
1152 1455 1430 1518 expertium
1468 1459 1632 1502 motus
1670 1452 1761 1514 illi,
1802 1454 1908 1517 qui·

224 1525 317 1574 bus
371 1525 530 1590 aliqua
585 1527 771 1575 faciunt
826 1526 1098 1576 secundum
1150 1533 1376 1575 naturam
1423 1541 1583 1593 suam,
1638 1541 1752 1576 cum
1792 1525 1911 1591 quid

224 1599 300 1648 vel
355 1599 592 1664 adpetunt
645 1600 721 1649 vel
779 1602 976 1649 evitant.
1060 1600 1361 1665 Angelorum
1414 1606 1579 1650 autem
1633 1600 1910 1649 voluntates

225 1673 334 1722 dico
383 1688 471 1722 seu
517 1672 784 1740 bonorum,
833 1689 956 1738 quos
997 1674 1194 1739 angelos
1233 1673 1323 1723 Dei
1362 1674 1593 1740 dicim11S‚
1634 1689 1722 1724 seu
1760 1673 1909 1723 malo-

224 1762 350 1808 rum,
392 1762 515 1811 quos
548 1747 747 1812 angelos
779 1747 959 1797 diaboli
990 1747 1066 1797 vel
1099 1750 1244 1797 etiam
1278 1747 1543 1797 daemones
1583 1747 1910 1813 appellamus:

225 1822 295 1870 sic
328 1827 378 1870 et
408 1820 679 1888 hominum,
713 1828 762 1870 et
794 1821 1038 1871 bonorum
1079 1822 1268 1871 scilicet
1307 1828 1356 1871 et
1395 1821 1650 1872 malorum.
1711 1821 1780 1871 Ac
1819 1837 1910 1886 per

223 1894 319 1943 hoc
367 1894 615 1959 colligitur
664 1910 764 1944 non
812 1910 920 1945 esse
972 1910 1145 1945 causas
1193 1896 1464 1945 efficientes
1515 1896 1734 1944 omnium
1782 1910 1907 1959 quae

225 1969 347 2017 fiunt
388 1970 484 2017 nisi
521 1968 835 2036 voluntariaS,
873 1969 1005 2020 illius
1044 1976 1249 2019 naturae
1290 1969 1500 2035 scilicet,
1540 1983 1663 2033 quae
1706 1970 1909 2034 spiritus

226 2043 352 2090 vitae
394 2048 482 2090 est.
559 2041 681 2091 Nam
728 2049 778 2092 et
824 2058 908 2092 aer
954 2045 1048 2093 iste
1098 2059 1186 2093 seu
1233 2050 1408 2093 ventus
1457 2043 1639 2092 dicitur
1677 2044 1909 2108 spiritus;

227 2115 312 2165 sed
353 2117 585 2180 quoniam
624 2132 805 2181 corpus
846 2123 936 2183 est,
976 2132 1075 2166 non
1116 2123 1193 2167 est
1230 2119 1435 2183 spiritus
1473 2118 1615 2166 vitae.
1694 2116 1909 2181 Spiritus

227 2204 343 2253 ergo
383 2191 531 2251 vitae,
581 2192 665 2254 qui
703 2190 912 2239 vivificat
952 2193 1113 2240 omnia
1154 2198 1448 2255 creatorque
1489 2197 1563 2240 est
1603 2192 1762 2239 omnis
1802 2204 1909 2239 cor-

224 2264 361 2328 poris
402 2270 450 2311 et
490 2265 648 2312 omnis
682 2266 834 2312 creati
865 2265 1084 2331 spiritus,
1124 2267 1231 2330 ipse
1271 2272 1347 2314 est
1386 2264 1533 2331 DeUS,
1572 2265 1776 2329 spiritus
1814 2264 1907 2312 uti-

228 2352 323 2401 que
364 2351 463 2385 non
504 2343 714 2386 creatus,
792 2337 848 2386 In
896 2340 1003 2387 eius
1041 2338 1291 2388 voluntate
1333 2353 1523 2388 summa
1559 2343 1778 2402 potestas
1819 2343 1909 2403 est,

227 2425 350 2475 quae
392 2417 671 2460 creatorum
703 2412 967 2475 spirituum
1006 2411 1159 2461 bonas
1197 2412 1473 2462 voluntates
1513 2411 1720 2476 adiuvat,
1759 2410 1909 2460 malas

226 2484 437 2547 iudicat,
493 2499 664 2533 omnes
715 2484 909 2533 ordinat
961 2492 1010 2534 et
1058 2485 1350 2550 quibusdam
1400 2484 1574 2534 tribuit
1623 2490 1909 2550 potestateS‚

228 2557 521 2623 quibusdam
567 2573 667 2607 non
713 2557 901 2608 tribuit.
980 2558 1119 2608 Sicut
1175 2561 1306 2608 enim
1351 2560 1571 2608 omnium
1620 2565 1910 2608 naturarum

344 2702 390 2757 3)
419 2701 520 2744 Fat.
556 2705 610 2745 10
642 2715 741 2757 sqq.

346 2837 400 2877 17
434 2832 694 2877 animarum
724 2845 813 2877 mss
820 2849 836 2886 ,·
869 2831 1143 2878 animalium
1173 2846 1199 2877 υ
1222 2834 1238 2890 ΙΙ
1260 2837 1317 2878 20
1349 2833 1446 2878 siue
1481 2868 1490 2878 .
1524 2868 1533 2878 .
1568 2833 1664 2878 siue
1696 2846 1722 2878 v
1745 2834 1761 2890 ΙΙ
1786 2837 1841 2877 22
1862 2833 1910 2878 et

226 2890 454 2936 bonorum
485 2892 606 2946 AK‚·
637 2894 685 2937 et
716 2905 798 2937 om.
829 2905 856 2936 v
