2020 3122
537 153 604 184 DE
629 151 868 185 CIVITATE
892 151 981 184 DEI
1004 153 1045 184 L.
1070 153 1138 184 XI.
1161 152 1197 185 c.
1223 155 1276 187 12.
1303 156 1354 187 13.
1682 143 1790 195 479

111 267 280 318 beatos
319 264 471 312 fuisse
506 270 616 313 ante
656 269 938 330 peccatum,
977 268 1196 328 quamvis
1229 282 1316 315 sua
1355 266 1605 316 beatitudo
1646 283 1790 332 quam

106 341 341 390 diuturna
386 337 462 386 vel
508 343 677 386 utrum
724 344 923 386 aeterna
979 346 1110 387 esset
1162 341 1380 389 incertos
1426 335 1582 406 (esset
1628 348 1792 391 autem

114 421 327 477 aeterna,
366 412 461 460 nisi
498 405 829 477 peccassent),
869 427 981 460 cum
1020 410 1165 460 hodie
1205 428 1304 461 non
1343 415 1640 479 inpudenter
1679 414 1790 464 bea—

111 494 188 537 tos
228 500 483 551 vocemUS,
522 500 647 549 quos
687 484 908 534 videmus
947 487 1076 534 iuste
1109 500 1164 534 ac
1203 489 1283 550 pie
1316 503 1429 536 cum
1469 503 1555 553 spe
1595 489 1790 537 futurae

111 559 476 610 inmortalitatis
529 558 656 607 hanc
710 560 858 607 vitam
913 558 1095 608 ducere
1151 561 1257 608 sine
1313 563 1516 610 crimine
1571 569 1789 611 vastante

108 634 483 698 conscientiam,
529 632 670 681 facile
711 634 1016 697 inpetrantes
1055 635 1271 696 peccatis
1309 633 1458 683 huius
1496 635 1792 685 infirmitatis

114 709 327 758 divinam
366 706 768 755 misericordiam.
847 706 942 764 Qui
988 706 1104 755 licet
1142 706 1202 755 de
1243 722 1359 756 suae
1398 711 1791 774 perseverantiae

107 783 325 848 praemio
366 781 491 828 certi
530 782 649 846 sint,
690 779 750 828 de
789 782 895 844 ipsa
932 787 1098 829 tamen
1136 782 1503 845 perseverantia
1535 797 1622 830 sua
1654 797 1792 846 repe-

107 857 308 905 riuntur
352 855 545 903 incerti.
624 854 744 912 Quis
785 856 917 903 enim
955 854 1208 903 hominum
1249 870 1302 903 se
1349 857 1400 904 in
1440 857 1631 904 actione
1679 871 1791 920 pro-

107 936 353 993 vectuque
398 929 614 976 iustitiae
669 935 1102 992 perseveraturum
1148 943 1307 992 usque
1358 930 1409 977 in
1462 929 1610 978 finem
1657 931 1794 994 sciat,

109 1004 205 1052 nisi
245 1002 405 1066 aliqua
444 1002 742 1050 revelatione
783 1001 842 1050 ab
890 1002 972 1050 illo
1019 1002 1102 1051 fiat
1141 1008 1329 1063 certuS,
1378 1004 1463 1067 qui
1502 1002 1561 1051 de
1608 1002 1699 1052 hac
1738 1018 1792 1051 re

111 1078 243 1126 iusto
282 1075 554 1139 latentique
592 1076 774 1125 iudicio
815 1091 913 1124 non
946 1091 1118 1124 omnes
1156 1078 1380 1142 instruit,
1420 1076 1506 1125 sed
1547 1078 1794 1126 neminem

107 1147 269 1199 fallit?
346 1149 594 1208 Quantum
641 1151 806 1214 itaque
853 1151 1070 1214 pertinet
1117 1149 1176 1198 ad
1223 1150 1598 1199 delectationem
1653 1166 1791 1215 prae-

109 1225 264 1272 sentis
301 1222 442 1288 boni,
480 1222 671 1272 beatior
711 1230 816 1272 erat
853 1225 1044 1288 primus
1083 1223 1229 1271 homo
1268 1225 1319 1272 in
1357 1223 1607 1290 paradis0,
1646 1239 1792 1288 quam

109 1297 317 1362 quilibet
355 1299 517 1346 iustus
556 1299 607 1346 in
647 1297 737 1346 hac
776 1298 1058 1346 infirmitate
1098 1297 1313 1362 mortali3
1354 1304 1591 1362 quantum
1631 1304 1793 1346 autem

110 1370 170 1420 ad
211 1386 348 1436 spem
387 1370 557 1437 futuri,
596 1371 785 1420 beatior
825 1370 1032 1436 quilibet
1070 1372 1121 1419 in
1162 1370 1462 1435 quibuslibet
1493 1371 1794 1420 cruciatibus

112 1447 358 1510 corporiS,
399 1446 479 1493 cui
518 1460 617 1493 non
649 1446 903 1510 opinione,
942 1444 1029 1493 sed
1070 1451 1204 1493 certa
1235 1446 1440 1494 veritate
1480 1445 1794 1494 manifestum

106 1525 206 1584 est,
255 1520 361 1567 sine
408 1519 504 1568 fine
553 1534 604 1567 se
652 1518 938 1568 habiturum
977 1520 1110 1567 omni
1157 1518 1381 1567 molestia
1421 1525 1670 1567 carentem
1718 1534 1792 1567 so-

108 1594 339 1642 cietatem
389 1593 676 1658 angelorum
722 1595 774 1641 in
826 1593 1201 1657 participatione
1259 1594 1437 1642 summi
1484 1592 1594 1658 Dei,
1649 1608 1794 1657 quam

111 1673 217 1716 erat
256 1666 337 1715 ille
383 1665 530 1716 homo
571 1669 648 1716 sui
688 1682 833 1715 casus
871 1668 1094 1715 incertus
1132 1668 1183 1714 in
1221 1682 1396 1731 magna
1435 1666 1515 1714 illa
1562 1667 1792 1715 felicitate

107 1740 333 1805 paradisi.

759 1897 952 1951 CAPUT
991 1899 1142 1952 XIII.

110 2006 188 2055 Αη
221 2009 293 2055 ita
324 2008 476 2055 unius
501 2005 764 2067 felicitatis
796 2020 964 2056 omnes
996 2008 1168 2067 anyelz'
1195 2009 1297 2056 sint
1328 2009 1504 2067 creati,
1544 2011 1599 2055 ut
1633 2021 1794 2067 neque

111 2082 345 2142 lapsuros
383 2094 436 2128 se
468 2085 674 2142 possent
710 2094 854 2129 nosse
891 2082 981 2141 qui
1017 2083 1148 2142 lapsi
1183 2086 1320 2141 sunt,
1361 2085 1410 2128 et
1439 2086 1555 2142 post
1591 2083 1794 2129 ruinam

294 2155 568 2203 labentium
602 2157 1020 2216 perseverantiae
1056 2169 1181 2203 suae
1213 2156 1609 2216 praescientiam

589 2230 883 2290 acceperint
920 2230 1010 2289 qui
1044 2233 1304 2277 steterunt.

260 2329 503 2387 Quocirca
543 2331 696 2379 cuivis
743 2331 840 2379 iam
877 2346 977 2379 non
1018 2330 1284 2380 difficulter
1323 2332 1542 2379 occurrit
1581 2336 1792 2393 utroque

113 2406 377 2453 coniuncto
425 2404 555 2453 effici
607 2403 983 2470 beatitudinem,
1039 2420 1186 2469 quam
1231 2411 1369 2453 recto
1423 2405 1674 2468 proposito
1720 2404 1791 2451 in-

111 2476 404 2526 tellectualis
437 2484 611 2526 natura
643 2477 904 2543 desiderat,
943 2478 1037 2527 hoc
1069 2485 1158 2544 est,
1193 2484 1249 2526 ut
1282 2484 1331 2527 et
1361 2477 1490 2526 bono
1522 2479 1791 2525 incommu-

110 2549 270 2617 tabili,
310 2550 440 2615 quod
480 2550 612 2600 Deus
651 2557 749 2618 est,
789 2554 894 2600 sine
934 2551 1031 2601 ulla
1070 2551 1294 2600 molestia
1331 2551 1615 2616 perfruatur
1654 2555 1703 2597 et
1742 2550 1792 2596 in

113 2638 170 2672 eo
219 2640 270 2672 se
320 2626 370 2672 in
418 2630 674 2674 aeternum
721 2640 829 2674 esse
870 2640 1158 2675 mansurum
1206 2640 1297 2673 nec
1344 2623 1440 2673 ulla
1487 2622 1789 2672 dubitatione

235 2830 256 2868 1
293 2838 374 2868 sua
403 2824 648 2869 beatitudo
680 2838 794 2878 mss‚·
824 2825 881 2868 de
914 2838 997 2868 sua
1026 2823 1313 2869 beatitudine
1344 2837 1370 2867 v
1394 2825 1409 2880 ΙΙ
1433 2827 1458 2866 9
1490 2820 1790 2878 profectuque

113 2894 140 2926 v
163 2885 255 2937 (14,
278 2888 362 2937 10;
393 2888 503 2940 188,
527 2888 607 2939 17;
640 2888 746 2938 393,
770 2887 848 2939 17)
870 2885 886 2940 ΙΙ·
909 2888 964 2927 29
991 2885 1039 2927 et
1061 2896 1144 2928 om.
1179 2882 1224 2926 V
1241 2885 1257 2938 ΙΙ
1280 2887 1333 2926 31
1360 2893 1623 2925 mansuram
1646 2893 1672 2924 v

1828 938 1881 976 10

1829 1307 1882 1344 15

1827 1675 1882 1714 20

1827 2160 1881 2198 25

1825 2555 1880 2594 30
