2020 3122
582 152 650 184 DE
674 150 914 185 CIVITATE
936 153 1025 185 Dm
1048 153 1089 185 L.
1113 154 1164 186 11.
1190 153 1227 186 c.
1253 156 1305 185 14.
1715 145 1790 198 ’69

761 258 957 313 CAPUT
991 260 1136 314 XIV.

110 367 371 417 Meliorem
389 365 551 428 fuisse
575 367 849 427 Platonem,
890 371 979 428 que·
994 370 1156 429 poetis
1182 371 1342 418 locum
1370 372 1420 418 z‘n
1446 371 1570 420 bene
1592 378 1792 420 morata

111 442 237 490 urbe
275 455 374 490 non
415 442 626 502 dederit,
666 455 816 502 quam
854 442 944 490 hos
983 443 1114 502 deOS,
1155 445 1244 503 que·
1280 457 1333 492 se
1372 445 1502 493 ludis
1542 447 1792 494 scaenicis

677 517 928 564 voluerint
964 517 1224 565 honorari.

257 617 442 667 Deinde
467 619 766 684 quaerimus,
804 619 902 682 ipsi
930 625 1106 683 poetae
1138 618 1308 669 talium
1348 619 1621 669 fabularum
1662 635 1792 669 com-

106 693 367 759 positores,
407 694 491 756 qui
516 691 776 741 duodecim
800 691 1079 742 tabularum
1110 692 1217 758 lege
1248 692 1576 758 prohibentur
1616 694 1792 742 famam

106 765 299 815 laedere
342 767 550 832 civium,
601 772 701 814 tam
738 765 979 830 probrosa
1018 768 1069 816 in
1109 766 1227 815 deos
1268 769 1486 816 convicia
1525 766 1793 816 iaculantes

109 854 198 888 cur
237 854 338 888 non
370 845 425 888 ut
458 841 669 889 scaenici
694 839 967 889 habeantur
999 839 1263 890 inhonesti.
1342 839 1449 898 Qua
1488 842 1678 889 ratione
1717 856 1792 888 re-

110 919 245 962 ctum
286 919 382 979 est,
428 920 485 962 ut
530 915 840 978 poeticorum
878 915 1226 978 figmentorum
1267 921 1316 963 et
1354 915 1795 979 ignominiosorum

109 987 315 1036 deorum
343 987 646 1037 infamentur
678 994 885 1054 actoreS,
916 987 1223 1038 honorentur
1257 984 1521 1037 auctores?
1570 989 1644 1036 An
1669 988 1794 1036 forte

109 1060 296 1110 Graeco
343 1060 536 1110 Platoni
581 1062 747 1126 potius
787 1061 945 1126 palma
986 1062 1143 1111 danda
1183 1069 1286 1128 est,
1326 1063 1410 1126 qui
1450 1077 1563 1111 cum
1602 1063 1793 1110 ratione

107 1135 358 1199 formaret,
398 1134 555 1198 qualis
598 1150 706 1184 esse
748 1136 918 1184 civitas
959 1135 1159 1200 debeat,
1199 1143 1448 1200 tamquam
1488 1135 1794 1184 adversarios

109 1209 327 1258 veritatis
366 1214 539 1272 poetas
570 1210 765 1257 censuit
803 1209 927 1258 urbe
966 1206 1256 1274 pellendos?
1295 1209 1393 1258 Iste
1435 1224 1550 1257 vero
1592 1215 1641 1257 et
1679 1208 1792 1257 deo·

106 1297 218 1331 rum
249 1283 454 1330 iniurias
486 1281 684 1346 indigne
717 1282 830 1331 tulit
870 1291 919 1331 et
958 1284 1116 1332 fucari
1157 1285 1507 1347 corrumpique
1547 1282 1793 1346 figmentis

107 1357 295 1406 animos
328 1357 507 1404 civium
546 1355 716 1404 noluit.
795 1355 976 1405 Confer
1015 1372 1148 1406 nunc
1180 1356 1397 1405 Platonis
1438 1355 1792 1404 humanitatem

107 1445 132 1478 a
172 1428 363 1478 civibus
403 1428 708 1494 decipiendis
748 1435 920 1494 poetas
960 1430 1084 1479 urbe
1123 1430 1391 1495 pellentem
1431 1445 1544 1478 cum
1585 1429 1790 1478 deorum

107 1503 359 1552 divinitate
398 1501 578 1551 honori
626 1519 715 1552 suo
762 1503 905 1553 ludos
946 1505 1199 1553 scaenicos
1239 1510 1515 1569 expetente.
1593 1502 1694 1568 Ille,
1732 1518 1794 1551 ne

109 1577 222 1626 talia
253 1576 330 1626 vel
363 1576 718 1643 scriberentur,
751 1579 845 1626 etsi
877 1594 976 1627 non
1007 1579 1256 1643 persuasit
1289 1577 1599 1643 disputandO,
1631 1583 1796 1625 tamen

107 1652 264 1700 suasit
300 1650 488 1699 levitati
526 1650 851 1716 lasciviaeque
892 1651 1219 1717 Graecorum3
1266 1653 1364 1717 isti,
1405 1658 1460 1700 ut
1498 1650 1610 1700 talia
1650 1652 1795 1699 etiam

107 1731 389 1791 agerentur,
427 1723 644 1773 iubendo
686 1731 1004 1775 extorserunt
1043 1727 1268 1790 gravitati
1309 1732 1358 1773 et
1395 1725 1664 1773 modestiae
1697 1723 1791 1772 Ro-

108 1813 380 1848 manorum.
444 1797 545 1847 Nec
570 1804 762 1848 tantum
786 1798 907 1848 haec
940 1801 1017 1864 agi
1048 1799 1327 1866 voluerunt,
1367 1799 1452 1847 sed
1494 1797 1587 1846 sibi
1627 1797 1794 1864 dicari,

109 1871 203 1932 sibi
243 1874 442 1938 sacrari,
482 1871 576 1920 sibi
618 1872 922 1921 sollemniter
963 1872 1197 1922 exhiberi.
1278 1870 1368 1922 Cui
1407 1871 1603 1920 tandem
1642 1870 1793 1919 hone-

107 1947 230 1995 stius
290 1946 480 1994 divinos
531 1945 746 1994 honores
786 1945 1079 1996 decerneret
1131 1943 1341 1995 civitas?
1390 1952 1558 1995 utrum
1604 1944 1795 1993 Platoni

105 2019 226 2068 haec
283 2020 446 2084 turpia
502 2026 552 2069 61
597 2019 808 2068 nefanda
855 2019 1165 2087 prohibenti,
1221 2035 1279 2068 an
1331 2018 1652 2068 daemonibus
1702 2017 1794 2066 hac

105 2092 360 2143 hominum
400 2092 690 2157 deceptione
732 2094 1073 2160 gaudentibuS,
1114 2093 1294 2158 quibus
1334 2093 1415 2142 ille
1447 2108 1562 2142 vera
1591 2107 1792 2157 persua-

106 2167 223 2216 dere
262 2182 362 2215 non
400 2163 598 2231 potuit‘?

253 2240 396 2289 Hunc
434 2239 688 2290 Platonem
738 2240 900 2290 Labeo
947 2243 1078 2291 inter
1127 2241 1369 2290 semideos
1410 2254 1792 2289 commemoran-

107 2313 222 2363 dum
260 2315 471 2379 putavit,
519 2316 648 2363 sicut
685 2314 975 2382 Herculem,
1015 2317 1144 2365 sicut
1183 2314 1460 2364 Romulum.
1541 2312 1792 2362 Semideos

109 2395 272 2437 autem
303 2387 541 2436 heroibus
574 2390 850 2454 anteponit3
890 2390 976 2438 sed
1009 2396 1249 2454 utrosque
1281 2391 1412 2438 inter
1444 2389 1645 2436 numina
1678 2401 1790 2435 con-

110 2459 251 2510 locat.
329 2461 511 2510 Verum
544 2468 707 2510 tamen
739 2464 905 2529 istum,
946 2478 1094 2527 quem
1126 2462 1336 2527 appellat
1370 2460 1656 2525 semideum,
1695 2474 1793 2507 non

106 2532 341 2584 heroibus
382 2541 595 2601 tantum,
643 2535 728 2584 sed
776 2539 922 2585 etiam
971 2537 1063 2585 diis
1102 2538 1223 2602 ipsis
1261 2534 1642 2600 praeferendum
1683 2547 1789 2581 6556

108 2622 207 2656 11011
248 2608 433 2658 dubito.
510 2608 851 2674 Propinquant
890 2618 1055 2659 autem
1079 2610 1415 2659 Romanorum
1454 2607 1587 2671 leges
1627 2606 1790 2670 dispu-

110 2681 374 2731 tationibus
421 2681 660 2748 Platonis,
718 2683 912 2747 quando
967 2683 1047 2732 ille
1100 2689 1277 2732 cuncta
1323 2682 1515 2747 poetica
1561 2680 1791 2743 figmenta

110 2754 422 2822 condemnat,
469 2757 553 2804 isti
601 2762 765 2805 autem
803 2759 962 2822 poetis
1004 2757 1223 2806 adimunt
1264 2755 1435 2804 saltem
1474 2755 1524 2801 in
1566 2752 1790 2801 homines

228 2885 280 2923 13
314 2879 520 2925 ciuitatis
551 2881 692 2925 A2K¹

1830 998 1882 1036 10

1826 1364 1880 1404 15

1827 1733 1882 1771 20

1826 2468 1881 2506 30
