2020 3122
566 157 633 189 DE
658 155 896 189 crver'rE
920 156 1009 189 Dm
1032 156 1074 189 L.
1097 157 1148 190 11.
1173 157 1210 190 c.
1236 160 1287 191 17.
1707 148 1772 201 73

92 275 149 318 ut
187 269 529 332 coniugiorum
569 274 861 332 negatorum
892 270 1041 316 armis
1079 268 1404 318 ulcisceretur
1443 271 1687 337 iniuriam,
1726 280 1775 322 et

93 358 151 392 eo
190 341 335 390 modo
389 341 448 390 ad
499 342 732 406 feminaS,
783 355 906 405 quas
944 340 1190 408 voluerat,
1229 345 1524 407 perveniret.
1600 344 1773 409 Aliquo

92 417 223 467 enim
247 415 456 464 fortasse
480 416 589 464 iure
612 414 730 464 belli
753 416 936 464 iniuste
961 422 1160 479 negatas
1184 417 1312 465 iuste
1338 418 1494 466 victor
1533 418 1774 484 auferret3

90 488 225 538 nullo
266 495 430 538 autem
468 490 577 538 iure
616 490 751 554 pacis
791 503 890 537 non
930 488 1066 537 datas
1106 491 1270 553 rapuit
1310 497 1358 539 et
1396 492 1636 540 iniustum
1674 491 1773 540 bel-

89 563 191 612 lum
217 578 330 612 cum
355 577 527 612 earum
548 562 837 627 parentibus
861 564 990 611 iuste
1017 564 1422 612 suscensentibus
1448 567 1612 628 gessit.
1669 564 1773 615 Hoc

92 651 207 686 sane
247 636 418 686 utilius
450 635 745 702 feliciusque
779 637 1032 702 successit,
1073 636 1219 703 quod,
1259 639 1351 686 etsi
1391 637 1450 686 ad
1490 641 1775 688 memoriam

89 710 277 760 fraudis
332 710 463 760 illius
518 712 815 759 circensium
878 710 1214 775 spectaculum
1276 713 1483 778 mansit,
1546 712 1775 762 facinoris

89 790 254 834 tamen
299 786 351 833 in
404 783 486 833 illa
534 786 730 833 civitate
779 790 828 833 et
873 786 1081 849 imperio
1122 799 1220 833 non
1259 784 1444 849 placuit
1483 785 1775 852 exemplum,

90 857 380 923 faciliusque
428 858 636 907 Romani
681 860 731 907 in
779 857 873 906 hoc
913 866 1225 924 erraverunt,
1271 865 1327 907 ut
1364 865 1479 923 post
1515 859 1647 907 illam
1685 861 1774 908 ini-

92 934 327 996 quitatem
376 931 523 981 deum
571 931 665 981 sibi
703 932 967 981 Romulum
1020 940 1392 998 consecrarent,
1440 948 1584 997 quam
1631 940 1687 982 ut
1724 935 1775 981 in

90 1006 285 1055 feminis
339 1005 589 1071 rapiendis
645 1007 828 1055 factum
884 1008 990 1055 eius
1044 1006 1336 1055 imitandum
1389 1006 1496 1071 lege
1552 1006 1648 1055 ulla
1702 1007 1777 1055 vel

91 1094 227 1128 more
266 1077 628 1144 permitterent.>
704 1079 774 1128 Ex
821 1079 914 1129 hoc
954 1081 1061 1129 iure
1103 1094 1158 1128 ac
1197 1079 1327 1128 bono
1367 1087 1479 1144 post
1519 1080 1776 1145 expulsum

91 1169 204 1202 cum
242 1152 412 1202 liberis
445 1155 548 1202 suis
588 1168 756 1218 regem
781 1153 1121 1219 Tarquinium,
1162 1155 1303 1202 cuius
1343 1153 1471 1202 filius
1496 1153 1776 1203 Lucretiam

91 1233 263 1292 stupro
302 1226 543 1276 violenter
583 1234 912 1293 oppresserat,
950 1226 1122 1276 Iunius
1146 1226 1331 1276 Brutus
1372 1227 1544 1276 consul
1568 1226 1776 1277 Lucium

90 1300 414 1365 Tarquinium
455 1299 771 1367 Collatinum,
822 1302 1053 1350 maritum
1093 1300 1316 1350 eiusdem
1355 1299 1637 1366 Lucretiae,
1677 1301 1771 1350 col-

90 1374 248 1440 legam
303 1390 473 1435 suum,
528 1373 714 1424 bonum
769 1381 914 1439 atque
971 1376 1288 1424 innocentem
1332 1376 1518 1441 virum,
1573 1381 1776 1439 propter

90 1463 271 1498 nomen
311 1456 360 1498 et
398 1449 818 1513 propinquitatem
857 1448 1240 1512 Tarquiniorum
1290 1450 1450 1513 coegit
1489 1450 1776 1513 magistratu

92 1537 143 1571 se
184 1522 409 1571 abdicare
449 1537 541 1571 nec
579 1524 743 1571 vivere
791 1524 842 1571 in
883 1524 1076 1572 civitate
1115 1524 1354 1587 permisit.
1433 1522 1576 1579 Quod
1615 1522 1775 1571 scelus

90 1597 282 1646 favente
307 1596 384 1645 vel
406 1597 623 1661 patiente
646 1596 829 1661 populo
870 1597 1002 1663 fecit,
1041 1612 1067 1645 a
1107 1612 1204 1660 quo
1244 1595 1427 1661 populo
1468 1596 1777 1645 consulatum

90 1669 222 1719 idem
275 1669 543 1720 Collatinus
599 1671 728 1719 sicut
778 1672 925 1719 etiam
973 1672 1079 1735 ipse
1119 1669 1304 1719 Brutus
1357 1677 1627 1734 acceperat.
1704 1669 1777 1718 Ex

89 1743 184 1792 hoc
238 1746 347 1793 iure
402 1759 457 1793 ac
511 1743 641 1793 hono
687 1743 882 1793 Marcus
936 1743 1191 1805 Camillus,
1245 1742 1377 1792 illius
1429 1745 1665 1808 temporis
1702 1745 1778 1792 vir

93 1819 337 1884 egregiuS,
377 1819 462 1883 qui
500 1817 744 1884 VeienteS,
784 1819 1098 1883 gravissimos
1138 1817 1306 1866 hostes
1345 1816 1515 1882 populi
1554 1816 1775 1882 Romani,

90 1898 203 1957 post
256 1891 522 1940 decennale
578 1891 788 1958 bellum,
844 1907 940 1956 quo
996 1891 1245 1940 Romanus
1298 1892 1546 1939 exercitus
1595 1892 1776 1939 totiens

90 1965 214 2014 male
262 1965 524 2030 pugnando
572 1967 786 2030 graviter
833 1965 1058 2014 adflictus
1099 1971 1195 2031 est,
1241 1966 1338 2012 iam
1376 1966 1482 2029 ipsa
1521 1963 1674 2013 Roma
1714 1963 1774 2012 de

93 2038 246 2088 salute
293 2038 549 2088 dubitante
597 2046 742 2103 atque
791 2038 1066 2104 trepidante
1120 2037 1345 2087 facillime
1400 2039 1650 2102 superavit
1698 2053 1774 2086 eo-

91 2127 302 2178 rumque
341 2111 517 2162 urbem
542 2112 966 2178 opulentissimam
994 2114 1139 2178 cepit,
1179 2111 1356 2161 invidia
1385 2111 1778 2160 obtrectatorum

91 2187 287 2236 virtutis
335 2201 451 2235 suae
499 2193 549 2236 et
594 2186 855 2236 insolentia
902 2186 1218 2253 tribunorum
1263 2185 1422 2250 plebis
1462 2201 1579 2234 reus
1620 2185 1776 2233 factus

96 2266 172 2309 est
208 2266 406 2325 tamque
431 2261 674 2325 ingratam
714 2262 869 2309 sensit
908 2275 1054 2325 quam
1092 2259 1385 2308 liberaverat
1425 2260 1684 2324 civitatem,
1723 2265 1779 2307 ut

95 2332 154 2382 de
181 2349 268 2383 sua
293 2334 604 2383 damnatione
630 2335 938 2384 certissimus
963 2337 1014 2383 in
1047 2332 1247 2383 exilium
1287 2339 1462 2400 sponte
1502 2331 1777 2381 discederet

96 2413 146 2455 et
196 2407 368 2457 decem
421 2407 619 2457 milibus
673 2410 800 2457 aeris
855 2407 1032 2457 absens
1078 2409 1225 2456 etiam
1273 2406 1611 2471 damnaretur,
1665 2420 1776 2453 mox

94 2481 275 2530 iterum
329 2497 356 2530 a
407 2480 554 2530 Gallis
609 2481 784 2530 vindex
838 2484 1024 2546 patriae
1073 2482 1270 2530 futurus
1317 2482 1551 2544 ingratae.
1628 2478 1776 2527 Multa

97 2568 480 2604 commemorare
504 2557 600 2603 iam
624 2557 758 2620 piget
782 2556 924 2605 foeda
964 2562 1013 2605 et
1050 2556 1246 2620 iniusta,
1288 2553 1466 2618 quibus
1507 2551 1778 2616 agitabatur

95 2626 175 2676 illa
214 2630 397 2696 civitas,
437 2643 550 2678 cum
587 2636 817 2693 potentes
855 2629 1051 2694 plebem
1092 2627 1185 2676 sibi
1225 2626 1436 2676 subdere
1480 2631 1778 2674 conarentur

95 2699 332 2766 plebsque
372 2702 467 2751 illis
515 2701 659 2751 subdi
706 2709 983 2769 recusaret,
1032 2708 1081 2751 et
1119 2703 1378 2764 utriusque
1418 2700 1571 2763 partis
1612 2697 1775 2746 desen-

99 2787 235 2823 sores
274 2778 426 2840 magis
451 2775 626 2825 studiis
651 2783 854 2840 agerent
893 2791 1057 2825 amore
1098 2774 1340 2839 vincendi,
1381 2787 1525 2836 quam
1566 2785 1777 2834 aequum

99 2853 148 2895 et
185 2846 367 2898 bonum
408 2851 669 2914 quicquam
710 2851 995 2915 cogitarent.

1810 940 1863 980 10

1810 1308 1862 1347 15

1809 1676 1864 1716 20

1809 2044 1863 2083 25

1810 2411 1865 2450 30

1809 2784 1863 2824 35
