2020 3122
127 939 181 979 10

128 1307 181 1347 15

124 1677 180 1716 20

123 2043 179 2083 25

123 2575 179 2615 30

216 145 240 195 1
256 143 319 194 12
892 154 929 189 s,
954 153 1231 190 Auonszrm:

212 267 480 317 crudeliter
512 266 819 317 laetabantur
844 268 1062 317 victoriis
1097 269 1403 316 maritorum.
1478 266 1587 316 Huc
1619 266 1897 333 accedebat,
1967 265 1970 268 ’

213 341 370 407 quod,
425 347 480 390 ut
520 348 636 390 sunt
675 341 861 390 alterna
907 340 1180 408 bellorum,
1236 341 1424 405 aliquae
1463 347 1724 406 parentum
1763 341 1896 390 ferro

213 416 486 464 amiserunt
524 417 678 481 virOS,
717 415 906 479 aliquae
946 422 1273 479 utrorumque
1315 415 1447 463 ferro
1488 421 1538 463 et
1575 421 1807 479 parentes
1848 420 1898 463 et

213 490 358 538 viros
435 489 606 553 Neque
655 491 786 538 enim
833 495 883 538 et
929 488 1055 554 apud
1096 489 1342 538 Romanos
1389 503 1539 553 parva
1577 489 1780 537 fuerunt
1818 487 1900 536 illa

212 560 518 630 discrimina,
565 564 607 611 si
658 562 856 627 quidem
903 562 962 611 ad
1010 562 1316 612 obsidionem
1362 577 1560 626 quoque
1606 568 1900 627 perventum

214 643 289 685 est
337 638 545 686 civitatis
594 636 872 701 clausisque
918 638 1076 701 portis
1129 652 1180 685 se
1221 635 1509 702 tuebantur3
1572 635 1751 700 quibus
1790 635 1901 684 dolo

212 713 397 775 apertis
452 711 777 774 admissisque
829 709 1057 759 hostibus
1111 712 1241 759 intra
1296 711 1489 758 moenia
1538 711 1590 758 in
1635 711 1743 774 ipso
1790 709 1899 758 foro

213 784 449 834 scelerata
497 791 546 833 et
590 786 739 833 nimis
785 792 924 832 atrox
970 786 1101 833 inter
1148 799 1357 847 generos
1397 798 1696 847 socerosque
1734 797 1900 848 pugna

214 860 475 907 commissa
498 865 588 924 est,
628 864 678 906 et
701 864 926 922 raptores
950 857 1020 906 illi
1045 860 1192 906 etiam
1233 856 1592 921 superabantur
1632 863 1682 906 et
1721 855 1898 906 crebro

213 932 459 996 fugientes
512 934 642 980 intra
696 931 867 980 domos
923 946 1037 979 suas
1088 932 1284 995 gravius
1336 930 1598 979 foedabant
1650 931 1902 996 pristinaS‚

214 1007 433 1069 quamvis
474 1012 523 1054 et
561 1007 691 1070 ipsas
730 1004 985 1070 pudendas
1024 1004 1360 1069 lugendasque
1401 1005 1644 1053 victorias,
1699 1003 1790 1054 Hic
1830 1011 1898 1054 ta·

212 1093 326 1127 men
372 1074 612 1128 R'omulus
667 1079 725 1127 de
780 1093 986 1127 suorum
1035 1081 1131 1127 iam
1190 1080 1372 1127 virtute
1422 1078 1688 1143 desperans
1736 1078 1901 1128 Iovem

212 1154 368 1201 oravit
407 1160 461 1201 ut
502 1159 704 1219 starent,
744 1159 890 1216 atque
929 1151 1010 1200 ille
1049 1151 1140 1200 hac
1181 1153 1438 1200 occasione
1478 1167 1658 1201 nomen
1691 1151 1902 1202 Statoris

211 1227 419 1292 invenit3
459 1242 551 1275 neo
590 1227 702 1274 finis
727 1233 858 1275 esset
898 1227 1020 1274 tanti
1059 1225 1187 1292 mali,
1227 1227 1323 1274 nisi
1361 1232 1530 1290 raptae
1569 1225 1678 1275 illae
1717 1226 1898 1279 lacera-

215 1301 278 1348 tis
304 1299 524 1349 crinibus
550 1302 820 1349 emicarent
845 1307 894 1348 et
916 1299 1203 1364 provolutae
1235 1298 1523 1364 parentibus
1563 1301 1686 1348 iram
1726 1315 1899 1350 eorum

210 1374 531 1422 iustissimam
596 1389 694 1422 non
753 1375 901 1422 armis
956 1373 1269 1439 victricibUS,
1323 1373 1410 1422 sed
1462 1373 1672 1438 supplici
1717 1375 1899 1439 pietate

211 1447 455 1497 sedarent.
533 1446 719 1496 Deinde
746 1447 912 1496 Titum
938 1447 1133 1496 Tatium
1173 1462 1342 1510 regem
1376 1445 1670 1496 Sabinorum
1710 1449 1900 1497 socium

211 1523 351 1585 regni
406 1520 646 1570 Romulus
700 1522 832 1570 ferre
886 1521 1170 1586 compulsus
1223 1528 1323 1586 est,
1381 1523 1601 1585 germani
1655 1523 1900 1571 consortis

214 1595 486 1660 inpatiens:
526 1594 610 1643 sed
653 1594 848 1659 quando
882 1602 932 1643 et
970 1597 1121 1644 istum
1160 1594 1244 1644 diu
1283 1593 1532 1661 toleraret,
1572 1596 1657 1659 qui
1695 1595 1900 1645 fratrem

211 1671 561 1733 geminumque
613 1684 712 1717 non
759 1665 999 1733 pertulit?
1074 1668 1215 1717 Unde
1264 1675 1312 1717 et
1359 1670 1467 1733 ipso
1518 1669 1805 1736 interfectO,
1846 1675 1900 1718 ut

209 1744 365 1791 maior
406 1743 527 1791 deus
560 1750 706 1808 esset,
744 1757 954 1806 regnum
995 1742 1128 1791 solus
1168 1741 1396 1791 obtinuit.
1475 1741 1608 1800 Quae
1650 1749 1766 1792 sunt
1803 1745 1899 1792 ista

210 1818 318 1864 iura
358 1818 670 1880 nuptiarum,
713 1832 836 1880 quae
876 1818 1193 1865 inritamenta
1230 1815 1495 1882 bellorum,
1537 1831 1660 1880 quae
1700 1815 1899 1865 foedera

210 1891 547 1954 germanitatis
573 1890 851 1956 adfinitatiS‚
885 1891 1134 1939 societatis
1159 1886 1464 1939 divinitatis?
1496 1905 1619 1954 quae
1644 1895 1898 1954 postremo

212 1963 304 2012 sub
352 1970 424 2012 tot
471 1963 563 2012 diis
612 1963 860 2013 tutoribus
908 1965 1005 2012 vita
1055 1960 1302 2013 civitatis?
1378 1962 1524 2012 Vides
1565 1970 1744 2028 quanta
1782 1962 1898 2012 hinc

213 2036 310 2085 dici
357 2043 406 2085 et
453 2052 599 2100 quam
648 2037 801 2087 multa
847 2044 1072 2104 possent,
1123 2039 1220 2086 nisi
1259 2052 1382 2102 quae
1423 2044 1693 2101 supersunt
1731 2043 1898 2086 nostra

211 2116 409 2159 curaret
448 2112 654 2159 intentio
695 2118 744 2160 et
783 2126 945 2159 sermo
985 2113 1036 2160 in
1075 2110 1167 2159 alia
1206 2111 1476 2160 festinaret.

863 2282 1060 2336 CAPUT
1093 2283 1238 2337 XIV.

211 2392 287 2441 De
326 2393 580 2454 impietate
634 2392 771 2451 belli,
819 2392 955 2451 quod
990 2390 1200 2439 Albanis
1239 2390 1461 2439 Romam·
1497 2392 1795 2451 intulerunt,
1850 2395 1901 2440 et

487 2466 548 2513 de
587 2466 804 2513 victoria
844 2465 1142 2512 dominandi
1179 2465 1387 2512 libidine
1425 2465 1621 2526 adepta.

360 2567 486 2625 Quid
528 2566 704 2616 deinde
743 2573 855 2631 post
892 2566 1101 2614 Numam
1141 2565 1232 2614 sub
1273 2565 1377 2614 aliis
1417 2563 1653 2630 regibus?
1703 2566 1896 2624 Quanto

211 2641 337 2690 malo
385 2656 483 2690 non
532 2640 691 2690 solum
739 2655 850 2705 suo,
907 2639 993 2687 sed
1043 2641 1190 2687 etiam
1234 2638 1569 2688 Romanorum
1615 2641 1668 2688 in
1713 2639 1897 2689 bellum

210 2715 382 2764 Albani
406 2716 656 2780 provocati
683 2720 812 2780 sunt,
852 2715 966 2777 quia
1000 2712 1227 2761 videlicet
1266 2728 1358 2777 pax
1390 2712 1575 2762 Numae
1616 2720 1716 2762 tam
1753 2713 1898 2778 longa

333 2891 381 2928 11
417 2885 523 2943 Hic]
557 2885 607 2929 id
638 2885 755 2929 ΑΚ1
