2020 3122
539 144 607 177 DE
631 142 869 177 c1v1'rATn
893 143 980 176 Dm
1003 144 1044 176 L.
1069 144 1156 177 v11.
1181 146 1218 179 e.
1243 148 1297 180 27.
1653 136 1759 189 309

0 254 1 258 ’
74 267 157 310 tur
202 259 398 323 merita,
445 255 532 305 sed
579 270 642 304 ne
688 254 1061 303 occultarentur
1101 256 1385 323 opprobria,
1426 258 1558 308 unde
1599 261 1753 323 magis

0 385 1 403 ,
76 348 159 383 eos
197 332 421 381 homines
467 330 619 378 fuisse
668 327 902 377 credibile
943 333 1045 393 est,
1094 331 1223 379 sicut
1260 345 1359 379 non
1401 332 1560 381 solum
1598 335 1753 397 poeti-

0 420 1 451 ÷
75 422 158 456 cae
211 406 430 469 litterae,
484 417 658 452 verum
714 402 862 450 etiam
911 400 1177 451 historicae
1231 403 1554 454 tradiderunt.
1632 405 1754 454 Nam

75 478 204 546 quod
242 476 487 542 Vergilius
527 477 620 526 ait:

217 582 417 631 Primus
457 580 520 628 ab
559 578 783 628 aetherio
822 578 959 627 venit
998 577 1244 627 Saturnus
1286 579 1514 644 Olympo,
1792 591 1818 631 5

220 657 377 704 Arma
413 654 547 703 Iovis
587 652 787 716 fugiens
830 655 880 700 et
917 652 1086 714 regnis
1127 654 1243 701 exul
1280 654 1543 716 ademptis,

0 746 1 779 ³
75 766 125 810 et
163 773 288 824 quae
329 758 389 807 ad
426 757 553 806 hanc
592 769 700 803 rem
738 755 1037 819 pertinentia
1078 763 1467 822 consequuntur,
1506 763 1659 805 totam
1698 756 1756 806 de

74 833 166 882 hoc
213 831 525 881 Euhemerus
570 828 741 894 pandit
787 827 1070 894 historiam,
1117 843 1264 892 quam
1302 828 1494 878 Ennius
1541 831 1593 879 in
1631 828 1758 879 Lati-

74 921 194 956 num
230 907 378 955 vertit
424 904 696 968 eloquium3
744 901 874 950 unde
923 903 1037 966 quia
1076 902 1289 967 plurima
1327 910 1625 967 posuerunt,
1676 906 1759 967 qui

75 986 246 1030 contra
289 979 438 1029 huius
482 977 614 1026 modi
654 990 852 1024 errores
903 981 1014 1024 ante
1056 991 1147 1025 nos
1186 976 1262 1025 vel
1302 976 1489 1026 Graeco
1530 992 1757 1026 sermone
1794 988 1849 1027 10

75 1053 149 1103 vel
185 1053 359 1102 Latino
400 1053 724 1117 scripserunt,
762 1064 862 1098 non
901 1050 952 1097 in
993 1064 1050 1098 eo
1092 1050 1212 1099 mihi
1248 1050 1434 1115 placuit
1471 1053 1720 1100 inmorari.

223 1125 459 1190 [XXVH]
538 1125 674 1190 ipsas
721 1122 1050 1188 physiologias
1100 1139 1214 1173 cum
1253 1124 1537 1190 considero,
1578 1124 1758 1189 quibus

76 1201 206 1251 docti
245 1207 296 1251 et
333 1202 465 1250 acuti
494 1199 719 1248 homines
758 1197 846 1245 has
885 1211 968 1245 res
1006 1196 1245 1247 humanas
1285 1205 1526 1247 conantur
1564 1206 1758 1247 vertere

74 1277 127 1325 in.
164 1290 245 1324 res
293 1274 504 1340 divinaS,
549 1271 671 1323 nihil
717 1271 859 1320 video
899 1272 995 1318 nisi
1035 1271 1094 1319 ad
1134 1271 1423 1336 temporalia
1462 1279 1758 1335 terrenaque

76 1364 224 1414 opera
269 1355 595 1412 naturamque
642 1359 932 1410 corpoream
978 1344 1055 1393 vel
1095 1347 1286 1394 etiamsi
1332 1345 1649 1412 invisibilem,
1689 1354 1758 1394 ta·
1794 1354 1847 1394 15

76 1437 189 1472 men
237 1421 524 1472 mutabilem
573 1421 795 1486 potuisse
842 1420 1088 1484 revocari,
1139 1419 1271 1483 quod
1318 1419 1451 1468 nullo
1499 1419 1645 1468 modo
1686 1426 1762 1468 est

76 1511 223 1546 verus
271 1495 419 1545 Deus,
494 1494 599 1544 Hoc
651 1499 816 1542 autem
867 1494 910 1541 si
960 1491 1133 1541 saltem
1180 1493 1489 1558 religiositati
1530 1495 1762 1557 congruis

76 1568 517 1635 significationibus
550 1573 793 1632 ageretur,
835 1572 966 1615 esset
1006 1566 1204 1629 quidem
1243 1567 1510 1616 dolendum
1548 1582 1647 1615 non
1685 1566 1761 1615 his

76 1658 248 1692 verum
294 1643 450 1692 Deum
498 1642 779 1691 adnuntiari
834 1646 980 1704 atque
1028 1640 1329 1705 praedicari,
1382 1637 1546 1688 tamen
1598 1640 1759 1703 aliquo

77 1717 221 1766 modo
260 1716 520 1766 serendum
552 1724 652 1765 tam
690 1713 832 1763 foeda
871 1719 920 1761 et
959 1715 1123 1777 turpia
1162 1729 1261 1762 non
1299 1715 1407 1762 fieri
1446 1728 1538 1762 nec
1577 1712 1757 1778 iuberi,
1795 1723 1851 1763 20

78 1797 127 1840 at
171 1805 303 1839 nunc
350 1805 463 1839 cum
510 1805 601 1854 pro
641 1788 742 1837 Deo
790 1801 932 1852 vem,
979 1802 1075 1850 quo
1124 1787 1226 1835 solo
1274 1788 1433 1835 anima
1481 1801 1533 1834 se
1573 1786 1760 1834 inhabi-

77 1870 210 1913 tante
256 1864 311 1913 fit
356 1863 494 1929 felix,
541 1862 678 1911 nefas
725 1862 790 1910 sit
836 1859 1000 1909 colere
1049 1867 1133 1908 aut
1181 1875 1361 1925 corpus
1413 1866 1497 1909 aut
1536 1861 1761 1925 animam,

77 1943 261 2002 quanto
286 1939 439 2001 magis
465 1936 708 1984 nefarium
749 1940 824 1982 est
863 1935 956 1982 ista
997 1935 1066 1982 sic
1108 1933 1286 1999 colere,
1326 1940 1381 1982 ut
1420 1949 1511 1982 nec
1553 1933 1759 1982 salutem

78 2025 170 2060 nec
210 2009 361 2058 decus
406 2009 677 2058 humanum
723 2022 904 2072 corpus
955 2013 1039 2055 aut
1078 2008 1236 2055 anima
1276 2007 1482 2056 colentis
1522 2005 1761 2056 obtineat!

80 2083 236 2142 Quam
283 2082 345 2131 ob
392 2098 499 2132 rem
546 2084 588 2132 si
634 2081 816 2146 templo
857 2079 1113 2129 sacerdote
1155 2081 1417 2142 sacrificio,
1474 2080 1605 2145 quod
1645 2094 1759 2128 vero
1794 2089 1848 2129 25

79 2156 179 2206 Deo
218 2156 451 2223 debetur,
498 2156 687 2205 colatur
727 2153 924 2218 aliquod
964 2153 1264 2203 elementum
1302 2154 1473 2203 mundi
1512 2153 1587 2202 vel
1627 2169 1760 2202 crea-

81 2224 160 2280 tus
201 2230 377 2295 aliquis
419 2231 654 2296 spirituS,
687 2230 878 2278 etiamsi
910 2243 1010 2276 non
1048 2228 1316 2277 inmundus
1357 2235 1406 2277 et
1444 2226 1623 2276 malus:
1662 2242 1763 2275 non

80 2303 190 2353 ideo
230 2303 412 2353 malum
452 2310 550 2370 est,
596 2304 711 2368 quia
748 2302 829 2351 illa
860 2301 984 2350 mala
1024 2307 1163 2368 sunt,
1213 2299 1393 2366 quibus
1434 2301 1636 2366 colitur,
1675 2300 1762 2349 sed

83 2379 196 2442 quia
233 2377 314 2426 illa
345 2377 460 2426 talia
490 2383 624 2444 sunt,
661 2375 841 2441 quibus
881 2375 1015 2424 solus
1054 2374 1135 2423 ille
1176 2375 1411 2424 colendus
1452 2377 1529 2440 sit,
1569 2375 1651 2422 cui
1690 2381 1757 2422 ta-

80 2449 140 2499 lis
186 2450 348 2500 cultus
399 2453 710 2515 servitusque
758 2449 980 2498 debetur.
1061 2448 1113 2497 Si
1160 2455 1325 2498 autem
1372 2447 1635 2498 stoliditate
1683 2445 1758 2494 vel
1790 2455 1847 2495 30

83 2526 448 2574 monstrositate
474 2524 867 2590 simulacrorum,
906 2522 1160 2572 sacrificiis
1192 2522 1583 2586 homicidiorum,
1624 2534 1759 2568 coro-

82 2599 277 2646 natione
311 2597 525 2647 virilium
547 2597 906 2663 pudendorum,
945 2596 1174 2646 mercede
1201 2603 1501 2661 stuprorum,
1543 2594 1757 2641 sectione

201 2726 248 2780 4)
279 2725 391 2769 Aen.
426 2728 468 2780 8,
500 2730 585 2769 319
620 2739 685 2780 sq.

203 2875 228 2915 5
261 2871 478 2916 aethereo
510 2885 535 2916 v
559 2874 574 2928 u
598 2877 653 2916 22
685 2871 738 2915 fit
768 2869 936 2924 AKF;
968 2870 1030 2914 sit
1059 2882 1086 2915 v
