2020 3122
550 138 617 170 nn
641 135 879 171 CIVITATE
902 137 991 169 Dm
1014 137 1056 170 n.
1080 137 1129 169 v.
1154 136 1192 170 c.
1217 140 1247 171 τ.
1274 139 1307 172 8.
1680 125 1787 177 201

106 252 222 302 dent
270 250 522 315 homines,
573 248 753 313 quibus
803 247 921 297 solis
967 249 1020 297 in
1071 255 1204 298 terra
1242 249 1374 299 Deus
1421 249 1557 299 dedit
1606 248 1788 299 liberas

104 320 416 375 voluntates?
490 322 578 371 His
630 321 875 371 omnibus*
908 321 1232 371 consideratis
1271 338 1372 372 non
1410 324 1640 373 inmerito
1681 338 1787 372 cre-

104 399 263 464 ditur,
319 390 432 447 cum
487 395 721 460 astrologi
769 395 1061 445 mirabiliter
1108 395 1260 445 multa
1306 412 1420 445 vera
1471 396 1788 462 respondent,

103 471 296 522 occulto
349 472 589 520 instinctu
644 470 753 518 fieri
803 471 1070 534 spirituum
1118 484 1218 518 non
1257 469 1523 536 bonorum,
1575 485 1788 535 quorum

103 561 221 596 cura
261 551 336 595 est
374 545 462 594 has
495 543 638 593 falsas
679 549 728 592 et
766 545 936 592 noxias
976 544 1234 607 opiniones
1274 543 1333 592 de
1374 543 1636 593 astralibus
1675 544 1786 593 fatis
1820 552 1847 593 5

102 622 323 669 inserere
361 619 589 668 humanis
637 616 887 666 mentibus
932 623 1078 681 atque
1119 617 1338 683 firmare⁷
1385 631 1486 666 non
1524 617 1789 683 horoscopi

102 694 256 743 notati
295 699 343 742 et
380 693 592 757 inspecti
630 690 790 755 aliqua
830 696 950 757 arte,
990 705 1113 755 quae
1154 689 1287 740 nulla
1328 697 1415 741 est.

751 878 946 932 CAPUT
985 877 1136 931 VIII.

139 990 214 1038 De
251 990 343 1049 hia,
383 989 472 1048 qm·
509 1001 607 1036 non
648 990 904 1035 astrorum
936 987 1250 1047 positionem,
1290 988 1382 1036 sed
1419 988 1748 1036 conexionem

181 1075 456 1111 causarum
495 1076 561 1110 ex
599 1061 698 1110 Dei
735 1062 991 1108 voluntate
1024 1061 1324 1120 pendentem
1360 1059 1464 1121 fati
1500 1062 1699 1110 nomine
1820 1069 1876 1109 10

810 1135 1079 1196 appellant.

248 1237 344 1296 Qui
392 1251 509 1286 vero
568 1251 668 1285 non
719 1242 967 1285 astrorum
1014 1237 1447 1302 constitutionem,
1510 1238 1658 1285 sicuti
1713 1243 1789 1285 est

99 1327 212 1361 cum
258 1311 475 1376 quidque
527 1310 806 1374 concipitur
855 1309 929 1358 vel
979 1311 1201 1358 nascitur
1239 1309 1315 1358 vel
1362 1309 1649 1376 inchoatur,
1701 1310 1788 1358 sed

99 1387 319 1435 omnium
370 1385 691 1434 conexionem
741 1385 1021 1448 seriemque
1062 1397 1345 1449 causarum,
1393 1398 1488 1448 qua
1538 1384 1593 1433 fit
1642 1398 1786 1432 omne

99 1459 230 1525 quod
270 1460 346 1526 fit,
385 1459 473 1507 fati
518 1459 716 1507 nomine
757 1457 1023 1523 appellant:
1070 1472 1171 1506 non
1210 1456 1421 1506 multum
1460 1472 1574 1507 cum
1614 1459 1685 1506 eis
1726 1456 1784 1506 de
1821 1467 1875 1506 15

98 1533 237 1582 verbi
268 1534 603 1582 controversia
633 1531 953 1581 laborandum
986 1538 1132 1596 atque
1174 1530 1464 1581 certandum
1504 1537 1595 1598 est,
1634 1546 1786 1596 quan-

97 1607 160 1656 do
200 1606 399 1672 quidem
437 1607 600 1672 ipsum
633 1620 892 1655 causarum
926 1605 1151 1654 ordinem
1184 1611 1234 1654 et
1273 1604 1517 1669 quandam
1558 1606 1786 1654 conexio-

98 1696 212 1730 nem
272 1679 361 1729 Dei
430 1681 610 1729 summi
670 1679 897 1729 tribuunt
965 1679 1203 1728 voluntati
1265 1685 1314 1727 et
1374 1680 1636 1745 potestati,
1702 1680 1788 1743 qui

98 1755 281 1819 optime
337 1760 386 1803 et
446 1755 759 1803 veracissime
823 1753 1043 1802 creditur
1097 1760 1147 1802 et
1218 1758 1396 1802 cuncta
1451 1754 1579 1801 scire
1651 1758 1785 1801 ante-

97 1843 244 1892 quam
289 1828 428 1894 fiant‚
475 1834 524 1877 et
570 1827 691 1876 nihil
737 1827 1072 1876 inordinatum
1110 1825 1416 1891 relinquere3
1466 1841 1493 1874 a
1532 1841 1630 1890 quo
1671 1832 1787 1874 sunt
1819 1835 1877 1876 20

97 1916 268 1951 omnes
299 1907 585 1967 potestateS,
626 1902 845 1965 quamvis
878 1900 936 1949 ab
976 1899 1058 1949 illo
1092 1915 1191 1948 non
1224 1901 1323 1948 sint
1355 1901 1574 1948 omnium
1614 1898 1784 1948 volun-

97 1981 236 2025 tates,
312 1975 474 2040 Ipsam
527 1976 692 2038 itaque
751 1976 1016 2039 praecipue
1079 1972 1168 2022 Dei
1229 1975 1410 2023 summi
1470 1972 1787 2038 voluntatem,

98 2050 239 2098 cuius
286 2055 504 2113 potestas
550 2045 950 2113 insuperabiliter
999 2062 1090 2112 per
1137 2053 1315 2096 cuncta
1363 2048 1659 2112 porrigitur,
1701 2061 1785 2095 eos

98 2121 341 2187 appellare
382 2123 537 2172 fatum
577 2123 647 2171 sic
685 2120 938 2186 probatur.
1016 2120 1203 2169 Annaei
1244 2120 1460 2170 Senecae
1502 2127 1640 2186 suut,
1689 2121 1786 2169 nisi

98 2194 251 2263 fallor,
290 2195 342 2245 hi
379 2211 575 2246 versus:
1819 2202 1875 2242 25

242 2301 367 2363 Duc,
407 2315 598 2348 summe
637 2301 783 2361 pater
821 2299 1010 2361 altique
1049 2299 1331 2348 dominator
1369 2299 1484 2361 poli,

245 2373 563 2435 Quocumque
602 2373 805 2435 placuit,
844 2373 985 2422 nulla
1022 2373 1230 2434 parendi
1267 2389 1409 2422 mora
1447 2375 1537 2421 est.

243 2447 440 2496 Adsum
475 2448 709 2510 impiger:
748 2447 827 2495 fae
864 2447 1010 2510 nolle,
1052 2446 1326 2495 comitabor
1364 2461 1567 2509 gemens

244 2521 507 2583 Maiusque
544 2521 725 2584 patiar,
762 2521 926 2570 facere
965 2521 1097 2582 quod
1134 2521 1276 2569 licuit
1313 2521 1457 2570 bono.

243 2593 446 2643 Ducunt
482 2595 732 2644 volentem
771 2594 892 2654 fata,
930 2595 1179 2643 nolentem
1219 2595 1442 2642 trahunt.
1815 2599 1873 2637 30

215 2707 290 2762 24)
322 2706 407 2762 Ep.
442 2711 538 2752 107.

216 2870 271 2910 25
303 2866 355 2910 hi
385 2880 467 2913 om.
499 2867 685 2924 A¹1126
719 2867 810 2910 dux
842 2866 960 2920 AF;
991 2867 1084 2911 dux
1115 2871 1139 2910 e
1172 2866 1258 2922 ΚΗ
1282 2869 1336 2909 29
1369 2862 1508 2908 libuit
1542 2862 1580 2907 O
