2020 3122
211 161 239 212 1
250 161 319 213 14
892 171 930 209 S.
954 171 1235 207 Aueuszrmt

209 300 391 351 sponso
431 300 458 334 a
498 285 649 334 fratre
681 284 881 334 inlatam
912 291 1124 334 mortem
1164 284 1358 349 quando
1398 285 1580 334 femina
1618 285 1699 334 illa
1737 285 1900 354 flebat,

207 368 327 409 tunc
376 374 429 408 se
478 365 650 408 contra
690 365 897 407 matrem
937 360 1184 408 civitatem
1223 365 1356 408 tanta
1398 365 1561 424 strage
1600 358 1808 409 bellasse
1849 366 1902 410 et

208 440 342 483 tanta
380 433 495 482 hinc
536 439 586 482 et
623 431 736 482 inde
779 434 973 497 cognati
1013 434 1206 482 cruoris
1248 433 1489 481 effusione
1528 434 1705 482 vicisse
1745 433 1900 482 Roma

208 506 465 572 gaudebat.

150 589 175 628 5
357 580 486 638 Quid
548 579 668 629 mihi
729 579 1015 629 obtenditur
1061 595 1241 629 nomen
1288 579 1446 629 laudis
1493 595 1773 646 nomenque
1827 582 1898 630 vi‘-

209 651 430 704 ctoriae?
469 654 690 703 Remotis
714 653 980 703 obstaculis
1011 655 1211 703 insanae
1237 656 1483 718 opinionis
1508 655 1726 704 facinora
1764 654 1896 704 nuda

209 735 491 794 cernantur,
530 727 661 777 nuda
710 734 997 793 pensentur,
1036 727 1167 776 nuda
1198 728 1495 777 iudicentur.
1575 727 1731 778 Causa
1770 728 1899 777 dica-

208 810 291 852 tur
330 802 493 868 Albae,
533 803 662 851 sicut
686 800 861 850 Troiae
901 801 1198 850 adulterium
1238 801 1507 851 dicebatur.
1584 801 1728 851 Nulla
1765 802 1897 866 talis,

211 875 344 925 nulla
385 875 558 925 similis
597 877 869 941 invenitur,
907 881 1101 923 tantum
1139 881 1196 924 ut
1233 875 1422 924 resides
1461 882 1683 924 moveret

123 988 178 1028 10
361 980 537 1027 Tullus
577 979 630 1026 in
668 994 807 1026 arma
844 979 978 1027 viros
1020 981 1071 1026 et
1107 978 1207 1027 iam
1248 979 1456 1028 desueta
1491 979 1761 1041 triumphis

355 1053 587 1114 Agmina.

208 1155 295 1203 lllo
345 1156 510 1219 itaque
561 1155 680 1203 vitio
731 1161 924 1203 tantum
975 1154 1137 1204 scelus
1189 1162 1528 1219 perpetratum
1579 1163 1656 1204 est
1706 1155 1902 1206 socialis

207 1227 324 1277 belli
363 1235 509 1292 atque
546 1229 755 1294 cognati,
801 1229 933 1293 quod
973 1230 1146 1278 vitium
1172 1228 1432 1278 Sallustius
1473 1244 1704 1294 magnum
1743 1236 1902 1279 trans-

210 1309 387 1352 eunter
438 1302 658 1366 adtingit.
736 1301 861 1351 Cum
910 1305 1041 1351 enim
1084 1302 1288 1351 laudans
1326 1302 1546 1352 breviter
1585 1305 1901 1367 antiquorum

126 1386 178 1425 15
212 1383 647 1425 commemorasset
694 1383 937 1443 tempora,
986 1377 1180 1441 quando
1228 1378 1326 1425 vita
1374 1376 1630 1426 hominum
1670 1378 1775 1426 sine
1816 1393 1900 1426 cu-

207 1450 412 1515 piditate
453 1449 727 1514 agitabatur
768 1458 818 1499 et
857 1465 944 1500 sua
984 1452 1162 1515 cuiqne
1203 1452 1322 1499 satis
1360 1450 1639 1515 placebant:
1691 1450 1901 1517 „Postea

207 1539 339 1589 ver0,
378 1525 555 1590 inquit,
595 1539 743 1588 quam
781 1526 834 1573 in
858 1525 971 1573 Asia
1012 1523 1184 1591 Cyrus,
1221 1526 1273 1572 in
1299 1523 1502 1573 Graecia
1526 1523 1901 1574 Lacedaemonii

212 1605 261 1646 et
314 1597 640 1647 Athenienses
698 1613 906 1662 coepere
968 1597 1120 1647 urbes
1175 1605 1321 1662 atque
1376 1600 1601 1647 nationes
1655 1597 1902 1666 subigere,

209 1670 466 1720 libidinem
513 1671 796 1721 dominandi
843 1687 1041 1721 causam
1087 1671 1204 1720 belli
1250 1671 1454 1738 habere,
1501 1673 1760 1721 maximam
1800 1671 1899 1737 glo-

123 1755 177 1794 20
210 1747 334 1794 riam
387 1747 439 1794 in
492 1748 703 1794 maximo
750 1747 957 1810 imperio
1012 1741 1247 1812 putare“,
1304 1753 1353 1795 et
1406 1751 1570 1795 cetera
1617 1761 1740 1810 quae
1792 1748 1898 1810 ipse

212 1821 496 1868 instituerat
543 1819 722 1868 dicere.
799 1818 1061 1868 Mihi'hoc
1108 1835 1267 1884 usque
1316 1821 1434 1868 satis
1485 1821 1549 1869 sit
1594 1821 1702 1868 eius
1751 1819 1900 1868 verba

211 1895 452 1956 posuisse.
528 1892 701 1942 Libido
749 1895 842 1942 ista
890 1893 1172 1942 dominandi
1221 1895 1411 1958 magnis
1462 1892 1601 1942 malis
1656 1895 1805 1957 agitat
1850 1900 1901 1942 et

213 1968 428 2015 conterit
465 1966 735 2016 humanum
782 1982 952 2031 genus,
1029 1967 1132 2016 Hac
1178 1966 1380 2016 libidine
1421 1967 1575 2015 Roma
1614 1974 1733 2016 tunc
1772 1969 1898 2016 victa

213 2039 382 2088 Albam
423 2055 474 2088 se
515 2042 691 2089 vicisse
730 2040 1066 2105 triumphabat
1111 2047 1162 2090 et
1207 2042 1286 2090 sui
1324 2040 1526 2090 sceleris
1565 2039 1758 2090 laudem
1799 2040 1898 2105 glo-

120 2122 174 2161 25
207 2115 331 2161 riam
355 2113 651 2181 nominabat,
687 2117 923 2175 quoniam
948 2117 1209 2180 laudatur,
1240 2116 1402 2178 inquit
1434 2115 1680 2179 scriptura
1715 2121 1900 2181 nostra,

202 2192 447 2249 peccator
495 2190 547 2236 in
594 2189 861 2237 desideriis
911 2191 1112 2237 animae
1157 2203 1283 2237 suae
1331 2194 1381 2238 et
1425 2190 1515 2249 qui
1552 2189 1727 2248 iniqua
1762 2190 1900 2248 qerit

207 2262 547 2310 benedicetur.
626 2260 833 2309 Fallacia
876 2262 1028 2325 igitur
1067 2263 1282 2326 tegmina
1330 2268 1379 2310 et
1418 2261 1729 2325 deceptoriae
1769 2259 1896 2310 deal-

207 2333 430 2382 bationes
469 2334 756 2383 auferantur
795 2349 822 2382 a
867 2334 1040 2400 rebus,
1092 2342 1148 2383 ut
1187 2336 1382 2383 sincero
1421 2335 1747 2399 inspiciantur
1787 2349 1896 2383 exa-

211 2410 356 2456 mine.
434 2406 588 2456 Nemo
614 2407 734 2456 mihi
758 2407 908 2457 dicat:
946 2407 1151 2472 Magnus
1189 2407 1270 2456 ille
1309 2414 1455 2472 atque
1495 2407 1590 2473 ille,
1631 2409 1743 2471 quia
1784 2423 1897 2457 cum

120 2491 176 2530 30
207 2481 289 2530 illo
348 2488 397 2530 et
440 2481 522 2530 illo
560 2483 797 2546 pugnavit
835 2489 884 2530 et
923 2483 1052 2531 vicit.
1128 2481 1356 2546 Pugnant
1404 2483 1551 2530 etiam
1590 2480 1898 2548 gladiatoreS,

330 2625 404 2679 11)
435 2623 573 2680 Verg.
606 2623 720 2667 Aen.
755 2628 794 2679 6,
829 2627 914 2667 814
947 2638 1011 2678 sq.
1077 2623 1149 2678 20)
1185 2622 1281 2667 Cat.
1316 2627 1357 2667 2.
1421 2624 1493 2678 27)
1524 2622 1599 2666 Ps.
1634 2628 1702 2679 10,
1737 2628 1806 2669 23.

330 2791 384 2828 14
416 2786 713 2841 antiquorum
753 2784 812 2838 0,·
859 2783 1172 2840 antiquiorum
1210 2784 1305 2838 K²‚·
1352 2783 1618 2840 antiquiora
1655 2783 1849 2827 AK¹Fv
1881 2783 1895 2841 Η

212 2849 265 2888 18
299 2846 345 2887 et
376 2844 543 2898 AKF;
575 2847 714 2900 atque
737 2846 878 2900 111121
906 2845 995 2887 hoc
1018 2843 1086 2886 A¹
1115 2845 1166 2897 (Z.
1191 2847 1252 2887 16
1276 2857 1311 2888 e.
1337 2847 1443 2899 24);
1475 2845 1565 2887 huc
1589 2856 1614 2887 v
1638 2845 1653 2899 Η
1678 2848 1731 2887 27
1755 2843 1895 2886 bene-

211 2902 389 2946 dicetur
420 2903 609 2947 AK1F¹
641 2903 940 2959 Sanyermcm.
972 2902 1199 2958 (Sabat.);
1231 2902 1520 2947 benedicitur
1551 2916 1576 2946 v
