2020 3122
261 158 366 212 258
930 164 964 198 s.
989 163 1089 199 AUG
1096 163 1263 198 USTINI

261 295 499 347 suspensa
548 281 636 345 sit,
686 277 771 326 sed
819 279 1017 327 omnino
1069 290 1284 326 consona
1334 280 1382 323 et
1428 279 1677 337 tamquam
1724 271 1944 322 eiusdem

262 356 483 420 corporis
515 351 795 401 membrum
828 351 1289 400 convenientissime
1329 346 1568 412 copulata.
1647 344 1775 404 Quid
1815 346 1946 395 enim

263 429 392 478 aliud
433 425 701 475 ostendunt
750 425 829 473 illa
879 424 1138 473 simulacra
1177 422 1362 470 formae
1403 426 1587 469 aetates
1627 434 1774 469 sexus
1811 418 1947 468 habi-

265 510 346 552 tus
386 496 630 557 deorum?
688 498 937 562 Numquid
976 497 1233 545 barbatum
1271 493 1461 559 Iovem,
1509 492 1784 542 imberbem
1822 492 1948 542 Mer-

208 587 232 624 5
270 577 465 625 curium
512 579 686 638 poetae
732 571 935 636 habent,
974 569 1231 635 pontifices
1270 583 1369 616 non
1408 564 1625 616 habent?
1699 566 1950 631 Numquid

266 650 446 713 Priapo
490 648 639 711 mimi,
679 661 778 694 non
811 647 955 694 etiam
988 642 1269 692 sacerdotes
1305 642 1525 690 enormia
1555 641 1784 706 pudenda
1821 641 1950 690 fece-

268 719 420 772 runt?
467 720 541 768 An
574 719 714 768 aliter
747 724 842 768 stat
881 717 1156 766 adorandus
1194 717 1246 763 in
1284 714 1405 764 locis
1445 716 1614 781 sacris,
1654 729 1800 779 quam
1837 729 1950 779 pro·

270 795 400 845 cedit
441 792 677 842 ridendus
717 794 767 840 in
807 787 1048 840 theatris?
1122 788 1252 838 Num
1293 788 1535 838 Saturnus
1576 803 1741 854 senex,
1778 787 1951 853 Apollo

271 867 490 934 ephebus
525 868 591 915 ita
624 880 862 930 personae
896 870 1012 913 sunt
1041 863 1354 928 histrionum,
1393 869 1449 911 ut
1487 877 1586 911 non
1625 864 1725 911 sint
1764 867 1953 911 statuae

186 952 239 991 10
273 936 628 991 delubrorum?
705 938 804 987 Cur
843 936 1106 1003 ForcuIUS,
1151 938 1237 1000 qui
1282 935 1473 985 foribus
1518 942 1737 1002 praeest,
1785 942 1835 985 et
1873 934 1950 984 Li-

270 1016 543 1078 meminus,
595 1014 678 1075 qui
724 1012 902 1076 limini,
951 1011 1018 1059 dii
1065 1016 1180 1059 sunt
1230 1009 1458 1076 masculi,
1509 1015 1655 1074 atque
1693 1011 1825 1059 inter
1861 1009 1952 1057 hos

272 1087 457 1137 Carde‘a
495 1087 676 1134 femina
717 1092 804 1151 est,
846 1099 970 1148 quae
1011 1083 1262 1133 cardinem
1301 1079 1498 1132 servat?
1558 1083 1731 1132 Nonne
1769 1085 1863 1132 ista
1901 1084 1953 1131 in

268 1175 436 1210 rerum
487 1160 762 1207 divinarum
808 1157 947 1206 libris
998 1159 1341 1223 reperiuntur,
1388 1172 1511 1221 quae
1560 1172 1732 1222 graves
1778 1162 1951 1222 poetae

271 1236 374 1284 suis
415 1232 715 1282 carminibus
754 1231 954 1297 indigna
992 1228 1276 1281 duxerunt?
1343 1230 1592 1296 Numquid
1631 1230 1782 1280 Diana
1819 1230 1954 1279 thea-

186 1319 240 1356 15
272 1310 397 1357 trica
434 1313 597 1371 portat
636 1321 768 1354 arma
809 1312 857 1354 et
895 1305 1083 1354 urbana
1122 1304 1411 1370 simpliciter
1447 1307 1585 1369 virgo
1627 1301 1737 1354 est?
1804 1303 1953 1354 Num-

273 1381 390 1446 quid
446 1381 700 1429 scaenicus
739 1379 909 1444 Apollo
962 1379 1215 1428 citharista
1261 1385 1336 1427 est
1383 1384 1433 1428 et
1472 1378 1531 1427 ab
1570 1378 1661 1427 hac
1701 1384 1805 1428 arte
1845 1377 1953 1427 Del-

270 1455 446 1520 phicus
485 1450 658 1503 vacat?
727 1452 824 1502 Sed
862 1453 982 1502 haec
1020 1445 1306 1502 honestiora
1343 1458 1460 1501 sunt
1498 1454 1550 1501 in
1590 1453 1953 1517 comparatione

273 1530 566 1592 turpiorum.
645 1526 771 1584 Quid
812 1526 871 1575 de
910 1528 1018 1592 ipso
1057 1526 1169 1575 Iove
1211 1532 1489 1592 senserunt,
1529 1528 1613 1590 qui
1653 1527 1759 1575 eius
1798 1527 1954 1575 nutri-

274 1617 381 1650 cem
421 1603 471 1649 in
514 1600 748 1665 Capitolio
787 1597 1099 1665 posuerunt?
1159 1599 1332 1649 Nonne
1375 1599 1602 1649 adtestati
1640 1606 1756 1649 sunt
1793 1598 1955 1649 Euhe-

187 1684 241 1724 20
276 1689 429 1740 merc,
470 1676 553 1738 qui
594 1689 764 1723 omnes
804 1673 925 1723 tales
965 1674 1084 1723 deos
1124 1689 1222 1722 non
1262 1672 1482 1722 fabulosa
1520 1673 1830 1739 garrulitate,
1870 1673 1956 1722 sed

272 1749 509 1797 historica
543 1747 793 1812 diligentia
815 1747 1041 1796 homines
1073 1748 1227 1796 fuisse
1258 1747 1589 1812 mortalesque
1623 1743 1957 1812 conscripsit?

272 1821 524 1886 Epulones
558 1823 701 1870 etiam
735 1821 869 1886 deos,
907 1823 1147 1886 parasitos
1186 1821 1328 1887 IoviS,
1367 1821 1427 1870 ad
1467 1823 1573 1870 eius
1612 1835 1833 1870 mensam
1872 1821 1957 1884 qui

275 1896 658 1961 constituerunt,
685 1894 801 1958 quid
820 1895 948 1943 aliud
975 1910 1119 1959 quam
1146 1896 1340 1943 mimica
1364 1910 1501 1943 sacra
1528 1910 1635 1943 esse
1660 1890 1957 1944 voluerunt?

277 1967 399 2015 Nam
445 1969 686 2031 parasitos
726 1968 852 2016 lovis
902 1968 962 2016 ad
1013 1971 1290 2017 convivium
1337 1970 1445 2017 eius
1493 1967 1734 2017 adhibitos
1781 1969 1822 2016 si
1869 1968 1955 2015 mi-

187 2051 240 2089 25
279 2055 389 2089 mus
438 2040 662 2106 dixisset,
716 2043 888 2105 utique
944 2043 1100 2091 risum
1152 2043 1403 2106 quaesisse
1454 2042 1720 2091 videretur.
1803 2039 1956 2089 Varro
2019 2036 2020 2098 ξ

274 2111 416 2161 dixit!
472 2128 570 2161 non
625 2129 738 2162 cum
788 2114 1029 2164 inrideret
1083 2115 1227 2180 deOS,
1283 2115 1367 2164 sed
1424 2131 1536 2165 cum
1592 2113 1958 2164 commendaret

273 2186 366 2234 hoc
421 2186 564 2251 dixit3
619 2187 915 2253 divinarum,
968 2203 1068 2236 non
1121 2188 1448 2238 humanarum
1495 2203 1664 2237 rerum
1710 2187 1825 2236 libri
1862 2187 1956 2236 hoc

275 2274 389 2308 eum
430 2261 687 2323 scripsisse
720 2266 979 2326 testantur,
1018 2277 1109 2311 nec
1149 2262 1235 2311 ubi
1274 2262 1416 2311 ludos
1455 2264 1707 2311 scaenicos
1747 2276 1956 2326 expone-

273 2331 379 2397 bat,
430 2332 515 2381 sed
563 2331 648 2381 ubi
697 2332 967 2397 Capitolina
1013 2336 1120 2383 iura
1169 2335 1426 2400 pandebat.
1510 2335 1731 2398 Denique
1778 2333 1956 2383 talibus

185 2419 240 2458 30
275 2407 490 2454 vincitur
523 2412 570 2454 et
604 2406 801 2472 fatetur,
841 2408 968 2456 sicut
1008 2408 1164 2457 forma
1203 2408 1416 2458 humana
1454 2408 1572 2456 deos
1611 2408 1852 2473 fecerunt,
1891 2409 1958 2456 ita

273 2494 358 2527 eos
399 2478 632 2527 delectari
670 2478 898 2528 humanis
938 2480 1271 2546 voluptatibus
1310 2480 1593 2531 credidisse.

418 2551 527 2600 Non
567 2554 698 2601 enim
737 2559 786 2601 et
825 2552 1022 2617 maligni
1063 2556 1267 2618 spiritus
1307 2570 1395 2604 suo
1436 2555 1634 2619 negotio
1675 2553 1955 2614 defuerunt,

272 2631 328 2674 ut
359 2624 446 2674 has
480 2627 648 2674 noxias
689 2627 944 2691 opiniones
983 2626 1310 2677 humanarum
1349 2629 1587 2677 mentium
1620 2626 1950 2677 ludificatione

393 2830 444 2869 12
479 2826 645 2870 cardea
668 2824 833 2879 A²Kv3
869 2840 1033 2870 carnea
1058 2825 1263 2873 G¹A1Fd
1292 2829 1418 2882 (156,
1449 2831 1529 2885 19)
1551 2830 1566 2885 ΙΙ
1592 2832 1646 2872 29
1680 2826 1853 2872 talibus
1885 2825 1954 2880 A,-

272 2897 300 2927 a
329 2884 502 2928 talibus
533 2884 657 2929 KFv
