2020 3122
217 115 326 169 200
431 101 437 106 ¹
497 173 503 179 ¹
888 126 923 160 S.
947 124 1222 161 AUGUSTINI

215 239 310 289 bus
349 253 588 303 equarum
628 237 703 287 vel
740 237 892 288 boum
930 239 1148 288 fetentur
1187 245 1422 305 armenta,
1461 244 1511 288 et
1549 244 1714 289 cetera
1752 237 1900 288 huius

216 310 383 362 modi?
439 312 491 361 Si
530 318 694 361 autem
731 318 995 379 propterea
1041 312 1201 362 valent
1251 313 1309 361 ad
1348 312 1436 361 has
1475 327 1557 362 res
1595 312 1700 361 dies
1741 311 1899 379 electi,

217 388 331 450 quia
362 387 575 435 terrenis
609 385 838 435 omnibus
878 385 1172 451 corporibus
1213 388 1313 435 sive
1354 385 1683 435 animantibus
1723 401 1898 435 secun-

215 460 331 508 dum
358 460 665 509 diversitates
691 459 1036 524 temporalium
1066 466 1431 509 momentorum
1463 459 1681 508 siderum
1719 461 1898 525 positio

157 542 182 581 5
216 534 516 582 dominatur:
557 533 875 582 considerent
907 548 1051 598 quam
1091 532 1467 582 innumerabilia
1506 532 1598 582 sub
1637 548 1737 582 uno
1777 540 1898 582 tem-

213 609 350 671 poris
382 611 566 672 puncto
600 607 675 656 vel
706 613 974 656 nascantur
1006 607 1082 656 vel
1120 609 1344 656 oriantur
1382 606 1459 655 vel
1496 606 1807 669 inchoentur,
1849 613 1898 656 et

212 688 313 730 tam
353 680 572 730 diversos
613 682 773 730 exitus
813 680 1044 746 habeant,
1084 687 1140 730 ut
1177 682 1295 730 istas
1336 679 1703 730 observationes
1744 682 1899 730 cuivis

212 769 369 818 puero
408 754 638 803 ridendas
672 769 779 803 esse
811 754 1153 819 persuadeant.
1232 754 1353 811 Quis
1393 756 1526 803 enim
1565 761 1640 804 est
1678 760 1777 803 tam
1817 769 1898 803 ex-

215 843 352 894 cors,
406 834 462 877 ut
516 828 690 877 audeat
753 827 918 876 dicere
974 842 1143 876 omnes
1198 826 1426 893 arboreS,
1481 843 1652 877 omnes
1706 827 1899 894 herbaS,

129 912 182 952 10
216 916 386 950 omnes
426 901 609 950 bestias
659 907 917 966 serpentes
964 916 1076 949 aves
1115 902 1277 965 pisces
1317 900 1612 950 vermiculos
1651 907 1899 950 momenta

126 1278 178 1319 15

122 1642 176 1682 20

121 2009 174 2048 25

118 2377 174 2417 30

214 975 449 1023 nascendi
481 975 760 1038 singillatim
785 973 967 1022 habere
993 971 1221 1023 diversa?
1262 973 1432 1023 Solent
1470 981 1634 1024 tamen
1673 974 1897 1025 homines

213 1048 272 1096 ad
319 1048 652 1112 temptandam
700 1048 929 1112 peritiam
980 1047 1441 1097 mathematicorum
1480 1047 1672 1097 adferre
1713 1048 1772 1098 ad
1813 1063 1898 1098 eos

214 1121 610 1170 constellationes
642 1127 895 1171 mutorum
928 1120 1224 1188 animalium,
1263 1137 1476 1186 quorum
1516 1128 1655 1171 ortus
1693 1128 1899 1187 propter

211 1194 337 1243 hanc
387 1194 773 1260 explorationem
821 1194 952 1244 domi
1000 1210 1116 1245 suae
1158 1195 1419 1260 diligenter
1458 1194 1742 1261 observant,
1790 1211 1895 1245 eos-

211 1283 306 1332 que
346 1268 718 1318 mathematicos
755 1269 1044 1335 praeferunt
1083 1271 1277 1335 ceteriS,
1318 1270 1404 1334 qui
1443 1269 1897 1319 constellationibus

211 1344 448 1406 inspectis
503 1342 673 1392 dicunt
727 1357 827 1391 non
881 1357 989 1391 esse
1044 1342 1294 1392 hominem
1348 1348 1539 1409 natum,
1593 1342 1679 1392 sed
1729 1359 1898 1408 pecus,

210 1415 404 1464 Audent
437 1417 582 1465 etiam
614 1417 779 1465 dicere
807 1415 947 1481 quale
987 1429 1157 1482 pchS,
1195 1423 1365 1466 utrum
1405 1423 1574 1481 aptum
1612 1417 1795 1483 lanitiO,
1835 1433 1897 1466 an

209 1491 493 1555 vectationi,
551 1505 611 1539 an
661 1497 847 1556 aratr0,
902 1505 964 1539 an
1011 1489 1262 1540 custodiae
1313 1490 1502 1540 domus,
1578 1490 1699 1540 Nam
1750 1497 1798 1540 et
1838 1491 1897 1540 ad

211 1564 383 1612 canina
434 1563 529 1612 fata
576 1570 881 1629 temptantur
927 1570 977 1613 et
1027 1578 1140 1613 cum
1187 1566 1376 1628 magnis
1417 1563 1764 1614 admirantium
1803 1564 1896 1613 cla-

208 1635 428 1686 moribus
468 1639 561 1687 ista
600 1637 918 1702 respondent.
997 1637 1078 1686 Sic
1118 1637 1370 1702 desipiunt
1408 1637 1633 1687 homines
1644 1678 1659 1704 ,
1699 1643 1754 1687 ut
1796 1639 1895 1687 exi-

209 1711 423 1776 stiment,
464 1727 576 1760 cum
614 1710 761 1760 homo
801 1713 1043 1777 nascitur,
1095 1717 1288 1761 ceteros
1327 1726 1498 1761 rerum
1537 1718 1677 1761 ortus
1716 1713 1784 1761 ita
1821 1713 1894 1760 in-

207 1782 391 1850 hiberi,
447 1791 502 1834 ut
556 1800 668 1834 cum
721 1785 803 1834 illo
853 1784 944 1834 sub
1000 1784 1172 1834 eadem
1223 1784 1345 1834 caeli
1398 1784 1538 1850 plaga
1586 1800 1677 1834 nec
1723 1799 1895 1834 musca

207 1864 451 1906 nascatur.
528 1858 650 1907 Nam
701 1861 743 1907 si
789 1858 916 1907 hanc
956 1858 1265 1925 admiserint,
1303 1858 1529 1923 procedit
1568 1860 1894 1925 ratiocinatiO,

209 1945 331 1993 quae
357 1930 596 1994 gradatim
620 1932 901 1982 accessibus
933 1932 1139 1981 modicis
1172 1948 1256 1981 eos
1297 1948 1323 1981 a
1361 1934 1546 1982 muscis
1586 1932 1644 1981 ad
1685 1931 1896 1981 camelos

210 2003 594 2068 elephantosque
627 2006 881 2070 perducat.
958 2006 1060 2055 Nec
1091 2006 1210 2055 illud
1243 2006 1414 2056 volunt
1453 2006 1722 2072 advertere,
1763 2005 1895 2070 quod

209 2076 366 2125 electo
399 2077 457 2125 ad
483 2079 826 2128 seminandum
859 2094 1030 2143 agrum
1069 2080 1145 2129 die
1187 2087 1287 2128 tam
1325 2079 1479 2129 multa
1518 2095 1669 2144 grana
1706 2081 1758 2128 in
1796 2085 1895 2128 ter·

207 2165 313 2198 ram
353 2150 499 2199 simul
537 2154 762 2217 veniunt,
812 2153 959 2201 simul
998 2155 1290 2219 germinant,
1330 2159 1501 2203 exorta
1540 2159 1706 2218 segete
1748 2152 1895 2201 simul

205 2222 509 2273 herbescunt
562 2224 843 2288 pubescunt
899 2226 1196 2293 flavescunt,
1255 2234 1304 2277 et
1353 2234 1516 2276 tamen
1567 2225 1679 2275 inde
1733 2228 1894 2291 spicas

208 2299 388 2346 ceteris
430 2313 631 2347 coaevas
672 2306 843 2365 atque,
882 2305 938 2348 nt
976 2301 1044 2348 ita
1083 2300 1306 2366 dixerim,
1347 2299 1735 2365 congerminales
1776 2299 1894 2348 alias

206 2369 377 2434 robigo
429 2373 695 2437 interimit,
750 2372 867 2421 alias
915 2388 1027 2422 aves
1075 2372 1460 2440 depopulantur,
1511 2373 1628 2422 alias
1667 2372 1893 2422 homines

206 2444 432 2493 avellunt.
511 2444 619 2502 Quo
659 2445 803 2494 modo
851 2447 958 2495 istis
1007 2446 1122 2495 alias
1177 2446 1575 2496 constellationes
1628 2447 1782 2495 fuisse
1822 2445 1892 2495 di-

207 2519 340 2567 cturi
380 2524 518 2585 sunt,
566 2533 686 2582 quas
725 2526 824 2568 tam
865 2518 1084 2568 diversos
1125 2521 1284 2569 exitus
1323 2519 1505 2568 habere
1546 2516 1894 2584 conspiciunt?

205 2591 280 2639 An
320 2607 404 2640 eos
451 2591 720 2657 paenitebit
766 2592 844 2641 his
891 2591 1041 2642 rebus
1081 2593 1186 2642 dies
1226 2593 1408 2658 eligere
1465 2608 1645 2658 easque
1686 2592 1745 2642 ad
1785 2607 1890 2642 cae-

205 2664 326 2713 leste
360 2664 608 2730 negabunt
633 2667 883 2731 pertinere
923 2666 1194 2732 decretum,
1233 2673 1282 2715 et
1322 2666 1451 2715 solos
1492 2665 1737 2716 sideribus
1778 2665 1891 2715 sub-

204 2849 232 2893 b
323 2797 348 2835 3
391 2792 488 2836 siue
537 2793 848 2839 animantibus
886 2806 974 2838 mss
982 2810 998 2847 ,·
1049 2794 1144 2836 sive
1193 2793 1332 2837 anim.
1373 2793 1469 2838 sive
1507 2807 1603 2838 non
1640 2791 1888 2838 animanti-

236 2865 289 2894 us
319 2864 345 2895 v
