2038 3152
110 957 167 996 10

104 2254 166 2292 25

201 161 270 212 10
859 167 896 200 S.
928 165 1204 200 Aueusrm1

199 282 477 332 nobilitatae
530 281 746 329 veritatis
806 279 1099 342 historicus,
1155 275 1395 324 sententia
1452 289 1566 338 sua,
1621 288 1766 338 quam
1814 273 1874 322 de

199 356 466 405 coniuratis
512 355 562 402 in
611 360 782 402 senatu
830 352 1022 416 habuit,
1070 361 1454 399 commemorare
1510 361 1610 395 non
1655 354 1874 412 praeter·

200 430 369 478 mittit:
415 427 574 493 „Rapi
625 428 836 490 virgines
882 439 1085 489 pueros,
1125 421 1287 471 divelli
1325 419 1508 468 liberos
1547 435 1573 468 a
1610 427 1874 484 parentum

199 501 477 566 complexu,
531 506 713 548 matres
770 498 1061 548 familiarum
1118 497 1218 559 pati
1265 509 1387 557 quae
1431 493 1720 548 ⁴victoribus
1759 510 1874 544 con-

199 575 438 639 libuisset,
480 574 589 621 sana
628 580 773 637 atque
806 573 976 622 domos
1008 569 1222 634 spoliari,
1261 566 1462 615 caedem
1494 567 1722 617 incendia
1745 568 1876 618 fieri:

199 655 446 713 postremo
479 648 627 695 armis
652 644 968 695 cadaveribus
993 657 1168 692 cruore
1202 648 1348 705 atque
1379 640 1517 690 luctu
1550 642 1712 690 omnia
1744 657 1875 691 com·

198 716 365 786 pleri“.
420 719 510 768 Hic
544 721 585 767 si
616 720 724 768 sana
757 721 1005 783 tacuisset,
1045 716 1251 777 deorum
1282 713 1483 763 sedibus
1515 714 1674 786 solere
1706 715 1876 765 hostes

198 809 400 859 parcere
439 799 739 857 putaremus,
814 791 876 841 Et
914 791 1033 839 haec
1073 805 1170 838 non
1211 788 1269 836 ab
1310 787 1595 853 alienigenis
1633 787 1876 855 hostibuS,

200 867 285 916 sed
325 883 350 915 a
391 865 591 915 Catilina
639 873 687 914 et
734 867 879 914 sociis
926 866 1054 929 eiuS‚
1102 862 1418 911 nobilissimis
1466 861 1777 912 senatoribus
1825 870 1875 912 et

199 941 429 989 Romanis
462 938 662 1005 civibus,
695 939 909 987 Romana
941 937 1121 1001 templa
1153 934 1451 985 metuebant.
1531 934 1627 984 Sed
1658 936 1710 985 hi
1741 935 1873 985 vide-

199 1014 311 1062 licet
342 1012 522 1078 perditi
561 1020 610 1061 et
646 1014 830 1076 patriae
869 1010 1154 1076 parricidae.

874 1182 1068 1236 CAPUT
1102 1183 1194 1236 VI.

258 1279 401 1335 Quod
437 1292 500 1325 ne
538 1277 757 1325 Romam?
793 1277 990 1335 qualem
1030 1278 1101 1323 ita
1140 1279 1269 1324 ullas
1308 1277 1535 1337 ceperint
1573 1277 1816 1335 civitatem,

485 1357 539 1398 ut
580 1352 628 1398 in
669 1352 860 1410 templis
900 1363 1075 1398 earum
1110 1355 1391 1411 parcerent
1427 1351 1586 1398 victis

347 1451 473 1510 Quid
529 1467 645 1516 ergo
692 1467 781 1516 per
828 1451 1004 1500 multas
1051 1459 1251 1517 genteS,
1302 1467 1426 1516 quae
1473 1453 1603 1501 inter
1649 1467 1702 1500 se
1750 1450 1875 1500 bella

200 1532 460 1590 gesserunt
506 1533 554 1574 et
600 1540 842 1588 nusquam
888 1526 1028 1573 victis
1076 1527 1126 1573 in
1175 1525 1381 1574 deorum
1429 1540 1636 1575 suorum
1674 1524 1875 1575 sedibus

198 1606 548 1664 pepercerunt,
587 1604 755 1647 noster
795 1613 955 1646 sermo
997 1595 1275 1647 discurrat?
1351 1599 1597 1650 Romanos
1634 1600 1769 1664 ipsos
1809 1600 1875 1646 vi-

199 1673 420 1738 deamuS,
459 1674 614 1737 ipsos,
662 1673 881 1737 inquam,
928 1671 1199 1720 recolamus
1240 1674 1661 1737 respiciamusque
1700 1672 1874 1721 Roma·

201 1761 304 1810 noS,
344 1745 402 1794 de
444 1759 654 1809 quorum
692 1746 955 1809 praecipua
994 1744 1135 1793 laude
1176 1745 1361 1794 dictum
1402 1754 1497 1796 est:

345 1849 555 1895 Parcere
597 1848 831 1896 subiectis
873 1851 922 1895 et
961 1849 1211 1896 debellare
1253 1851 1505 1913 superbos,

199 1958 248 1999 et
294 1950 423 2014 quod
471 1957 668 2014 accepta
723 1951 900 1998 iniuria
951 1951 1207 2013 ignoscere
1257 1967 1401 2016 quam
1451 1954 1684 2017 persequi
1729 1951 1875 2001 male·

199 2023 337 2073 bant:
384 2023 577 2087 quando
625 2029 697 2072 tot
744 2029 999 2086 tantasque
1047 2022 1196 2071 urbes
1208 2064 1222 2091 ,
1262 2033 1317 2074 ut
1355 2025 1449 2074 late
1490 2025 1877 2091 dominarentur,

199 2103 496 2161 expugnatas
566 2103 828 2160 captasque
897 2102 1211 2163 everterunt,
1287 2098 1477 2162 legatur
1546 2098 1688 2147 nobis
1751 2114 1874 2162 quae

198 2169 379 2234 templa
411 2172 637 2234 excipere
670 2168 905 2235 solebant,
944 2176 999 2218 ut
1038 2169 1095 2218 ad
1131 2185 1185 2218 ea
1225 2173 1448 2235 quisquis
1481 2172 1783 2238 confugisset
1821 2171 1874 2220 li-

198 2243 471 2292 beraretur.
531 2244 603 2291 An
636 2242 706 2290 illi
738 2241 979 2291 faciebant
1011 2250 1060 2291 et
1091 2245 1360 2308 scriptores
1400 2244 1667 2293 earundem
1706 2259 1875 2294 rerum

198 2323 446 2381 gestarum
469 2318 562 2364 ista
600 2312 907 2364 reticebant?
954 2315 1024 2364 lta
1063 2331 1194 2378 ver0,
1235 2319 1320 2380 qui
1360 2333 1415 2365 ea
1456 2332 1578 2381 quae
1619 2317 1875 2368 laudarent

198 2392 404 2439 maxime
460 2388 799 2454 requirebant,
853 2390 945 2437 ista
991 2389 1379 2453 praeclarissima
1428 2390 1700 2440 secundum
1738 2393 1874 2456 ipsos

157 2461 390 2528 'pietatis
451 2463 627 2511 indicia
681 2459 1043 2526 praeterirent?
1118 2462 1357 2527 Egregius
1404 2463 1610 2512 Romani
1663 2466 1875 2514 nominis

316 2606 388 2660 22)
424 2603 522 2647 Cat.
557 2608 595 2647 9.

199 2765 370 2809 Caesar
398 2780 423 2809 v
454 2766 763 2822 (Auyustinus
795 2779 964 2820 parum
1003 2770 1212 2810 accurate
1252 2780 1344 2810 rem
1381 2770 1568 2820 tractat)
1612 2768 1627 2822 ΙΙ
1673 2771 1699 2809 4
1733 2766 1877 2810 conli—

199 2824 377 2868 buisset
406 2824 701 2868 AKFParr.
725 2838 751 2867 v
775 2825 790 2879 ΙΙ
815 2829 839 2868 6
865 2824 1089 2880 compleri
1105 2825 1149 2867 A
1174 2824 1313 2877 Sam·
1343 2824 1514 2881 repleri
1529 2825 1667 2868 KFv
1691 2827 1706 2880 ΙΙ
1732 2826 1874 2869 19’(ὶθ

198 2882 366 2939 quibus
399 2884 443 2926 A
474 2885 489 2939 ss
528 2888 584 2927 26
614 2883 683 2926 ita
712 2896 823 2926 uero
856 2883 1024 2935 AKR·
1054 2883 1182 2926 Itane
1214 2898 1324 2927 vero
1356 2898 1382 2928 τ
