2038 3152
560 163 625 195 DE
650 162 887 196 ctvnwri:
911 164 1000 195 Dm
1022 164 1065 197 L.
1091 165 1123 198 1.
1150 166 1187 198 c.
1213 168 1264 198 15.
1290 169 1343 201 16.
1727 158 1796 211 27

110 279 280 344 tuisse,
319 279 475 327 virtus
507 278 672 341 potius
711 291 824 324 vera
857 285 1137 340 quaeratur,
1178 293 1272 342 qua
1313 279 1454 329 beata
1494 297 1602 330 esse
1642 286 1798 346 possit

110 358 160 401 et
183 353 367 401 civitas
443 351 616 415 Neque
642 352 774 398 enim
798 349 992 400 aliunde
1018 351 1159 400 beata
1192 354 1376 419 civitas,
1416 354 1610 403 aliunde
1634 355 1796 422 homo,

109 440 223 475 cum
262 425 391 474 aliud
440 427 609 474 civitas
656 439 754 472 non
803 425 867 473 sit
906 440 1053 488 quam
1093 441 1299 475 concors
1339 427 1595 477 hominum
1635 430 1795 479 multi·

109 499 242 549 tudo,
321 499 478 558 Quam
525 498 586 547 ob
639 513 746 546 rem
785 499 1006 548 nondum
1044 501 1243 549 interim
1283 500 1501 567 disput0‚
1550 503 1707 566 qualis
1745 506 1795 552 in

108 573 296 638 Regulo
336 576 492 622 virtus
525 573 703 637 fuerit3
759 572 943 622 sufficit
983 589 1140 640 nunc,
1181 574 1313 638 quod
1353 577 1446 624 isto
1487 575 1791 625 nobilissimo
1826 586 1850 624 5

109 648 331 711 exemplo
383 654 630 712 coguntur
680 647 822 695 fateri
876 662 976 696 non
1025 654 1230 712 propter
1282 651 1504 713 corporis
1554 649 1681 698 bona
1722 651 1795 700 vel

107 735 278 770 earum
317 737 501 788 rerum,
541 736 664 786 quae
705 722 1015 770 extrinsecus
1054 721 1241 770 homini
1280 723 1523 788 accidunt,
1563 724 1794 773 colendos

108 794 240 860 deOS,
279 796 473 861 quando
500 795 699 859 quidem
728 794 808 844 ille
846 811 1016 844 carere
1055 795 1132 844 his
1171 796 1401 845 omnibus
1441 797 1611 846 maluit
1648 813 1796 862 quam

108 868 226 918 deos
266 886 355 936 per
401 885 527 935 quos
572 871 750 918 iuravit
796 870 1062 918 offendere.
1141 870 1236 919 Sed
1277 870 1394 934 quid
1435 871 1669 920 faciamus
1708 871 1792 920 ho—

109 942 346 1010 minibus,
386 945 471 1008 qui
510 943 782 1008 gloriantur
823 960 874 992 se
915 944 1060 992 talem
1101 943 1331 993 habuisse
1373 946 1550 1005 civem,
1599 945 1793 1009 qualem
1827 953 1881 994 10

107 1019 284 1068 timent
321 1017 503 1067 habere
544 1015 824 1067 civitatem?
901 1017 1041 1075 Quod
1083 1020 1125 1066 si
1165 1033 1263 1067 non
1303 1020 1501 1082 timent,
1541 1018 1635 1067 tale
1675 1035 1792 1084 ergo

108 1091 306 1158 aliquid,
345 1092 485 1156 quale
526 1091 702 1140 accidit
741 1090 944 1157 Regale,
984 1095 1131 1140 etiam
1171 1093 1354 1140 civitati
1393 1099 1493 1140 tam
1532 1092 1793 1157 diligenter

108 1179 254 1230 quam
292 1166 373 1215 ille
406 1165 525 1214 deos
557 1165 739 1213 colenti
770 1166 994 1214 accidere
1033 1168 1254 1230 potuisse
1294 1167 1540 1215 fateantur
1580 1173 1629 1215 et
1654 1166 1791 1215 Chri-

107 1240 278 1290 stianis
318 1238 624 1304 temporibus
664 1253 763 1286 non
789 1239 1165 1288 calumnientur.
1222 1239 1402 1288 Verum
1444 1242 1557 1303 quia
1597 1240 1655 1288 de
1696 1240 1791 1289 illis

106 1314 399 1364 Christianis
430 1321 538 1362 orta
570 1315 794 1376 quaestio
827 1320 917 1379 est,
958 1315 1042 1376 qui
1074 1315 1219 1362 etiam
1261 1315 1488 1377 captivati
1529 1322 1658 1378 sunt,
1697 1314 1790 1363 hoc
1827 1321 1879 1360 15

105 1391 392 1438 intueantur
431 1395 481 1436 et
518 1393 733 1452 taceant,
785 1389 870 1451 qui
909 1386 1260 1435 saluberrimae
1300 1387 1527 1450 religioni
1565 1387 1680 1436 hinc
1719 1390 1790 1436 in-

105 1461 351 1528 pudenter
390 1469 535 1525 atque
575 1460 902 1526 inprudenter
940 1460 1195 1527 inludunt,
1236 1462 1364 1527 quia,
1405 1462 1446 1509 si
1485 1460 1577 1509 diis
1619 1476 1791 1511 eorum

106 1535 289 1601 probro
329 1551 428 1585 non
467 1535 580 1601 fuit,
628 1535 758 1599 quod
799 1535 1166 1584 adtentissimus
1208 1535 1368 1583 cultor
1407 1534 1626 1601 illorum,
1674 1535 1792 1584 dum

106 1612 179 1659 eis
216 1612 339 1660 iuris
378 1608 572 1658 iurandi
612 1609 757 1658 fidem
798 1616 1037 1669 servaret,
1078 1611 1232 1673 patria
1273 1611 1456 1674 caruit,
1497 1624 1610 1657 cum
1649 1608 1790 1658 aliam

107 1700 206 1733 non
244 1684 463 1749 haberet,
501 1685 819 1748 captivusque
846 1683 974 1747 apud
1013 1683 1181 1731 hostes
1219 1698 1310 1747 per
1349 1682 1542 1746 longam
1583 1690 1790 1732 mortem
1825 1690 1878 1729 20

103 1757 347 1823 supplicio
404 1772 554 1805 novae
619 1756 926 1806 crudelitatis
989 1759 1182 1806 occisus
1246 1763 1347 1822 est,
1411 1755 1564 1804 multo
1628 1758 1790 1805 minus

104 1847 286 1881 nomen
326 1831 685 1880 crIminandum
732 1837 809 1880 est
848 1830 1183 1880 Christianum
1220 1833 1271 1879 in
1312 1831 1590 1894 captivitate
1631 1845 1787 1878 sacra-

106 1910 272 1955 torum
320 1920 546 1971 suorum,
593 1907 678 1970 qui
728 1920 994 1969 supernam
1031 1906 1240 1969 patriam
1279 1906 1441 1953 veraci
1480 1903 1574 1952 fide
1615 1919 1787 1968 expec-

103 1985 266 2029 tantes
304 1981 451 2028 etiam
488 1980 540 2027 in
580 1981 682 2028 suis
722 1978 922 2027 sedibus
960 1980 1250 2043 peregrinos
1289 1993 1341 2027 se
1383 1993 1491 2027 esse
1532 1984 1791 2027 noverunt.

757 2135 956 2190 CAPUT
990 2137 1131 2190 XVI.
1822 2151 1877 2191 25

142 2244 222 2294 Αη
260 2247 470 2308 stagaria,
519 2261 650 2307 quae
689 2247 839 2294 etiam
878 2252 1174 2295 sanctarum
1210 2244 1348 2306 forte
1387 2248 1638 2306 z’z'rqe'num
1681 2250 1752 2292 est

283 2333 441 2382 passa
482 2322 764 2381 captivitas,
804 2322 1150 2370 contaminari
1179 2322 1406 2382 potuerit
1443 2321 1602 2367 virtus

513 2396 672 2442 animi
706 2396 815 2442 sine
852 2396 1121 2443 voluntatis
1160 2408 1380 2442 assensu.

252 2495 483 2560 Magnum
529 2511 645 2545 sane
693 2497 880 2545 crimen
928 2512 980 2545 se
1028 2503 1204 2561 putant
1244 2495 1439 2551 obicere
1481 2495 1785 2559 ChristianiS,

104 2584 220 2619 cum
259 2585 433 2619 eorum
457 2577 808 2634 exaggerantes
839 2571 1169 2635 captivitatem
1208 2569 1394 2618 addunt
1433 2571 1576 2617 etiam
1616 2575 1785 2631 stupra
1817 2577 1873 2616 30

106 2645 390 2709 commissa,
446 2659 544 2692 non
600 2643 759 2692 solum
804 2645 855 2692 in
910 2644 1064 2692 aliena
1117 2645 1422 2692 matrimonia
1473 2643 1782 2705 virginesque

223 2772 297 2827 24)
331 2776 368 2814 1.
403 2771 523 2814 Petr.
557 2776 598 2825 2,
633 2775 700 2815 11.

227 2907 280 2946 15
314 2904 540 2960 captiuati
574 2902 800 2955 CAK2F‚·
832 2902 1098 2959 captiuitati
1129 2903 1223 2955 K¹,-
1254 2900 1429 2957 captiui
1460 2899 1588 2943 ducti
1619 2913 1642 2943 υ
