2020 3122
247 158 357 212 224
913 167 947 201 s,
971 166 1246 202 AUGUSTmI

247 290 331 332 aut
369 280 511 331 nobis
551 280 760 329 mortuis
807 295 834 328 a
881 278 1062 344 quibus
1113 279 1361 328 nescimus
1401 277 1478 327 vel
1516 277 1643 326 forte
1682 291 1709 326 a
1748 277 1928 342 quibus

245 355 476 405 nolumus
507 351 853 420 possidendae3
895 352 982 402 sed
1012 352 1145 402 Deus
1176 351 1344 400 felices
1384 351 1516 417 facit,
1555 352 1640 414 qui
1678 357 1754 400 est
1791 366 1928 401 men-

245 431 370 478 tium
408 442 523 477 vera
555 426 817 492 opulentia.
893 424 1047 476 Bruto
1088 432 1268 491 autem,
1307 426 1420 489 quia
1458 423 1584 472 filios
1622 424 1816 490 occidit,
1854 426 1927 474 in·

243 501 492 551 felicitatis
531 499 760 566 perhibet
800 501 1135 550 testimonium
1174 500 1323 548 etiam
1360 504 1505 563 poeta
1543 497 1779 547 laudator.
1847 498 1930 547 Ait
1997 551 2002 556 ,

184 586 210 625 5
244 577 399 625 enim:

599 663 858 724 Natosque
895 665 1040 723 pater
1077 676 1207 711 nova
1244 661 1380 709 bella
1417 664 1674 710 moventes

390 737 471 786 Ad
508 752 720 800 poenam
757 736 968 798 pulchra.
1005 751 1095 798 pro
1134 735 1371 783 libertate
1410 735 1609 784 vocabit

390 811 582 871 Infelix,
621 813 888 872 utcumque
926 809 1090 856 ferent
1129 824 1188 856 ea
1226 808 1360 856 facta,
1397 809 1629 858 minoreS.

244 912 341 963 Sed
381 927 527 961 versu
567 913 796 976 sequenti
835 910 1115 960 consolatus
1156 916 1231 958 est
1269 909 1539 959 infelicem:

154 1027 210 1066 10
390 1015 559 1064 Vincit
597 1030 737 1063 amor
773 1014 967 1076 patriae
1005 1014 1309 1076 laudumque
1347 1014 1573 1063 inmensa
1610 1014 1801 1076 cupido.

238 1117 370 1167 Haec
411 1123 528 1167 sunt
566 1116 663 1166 duo
711 1115 790 1165 illa
799 1157 814 1183 ‚
859 1115 1062 1165 libertas
1102 1121 1152 1164 et
1190 1114 1432 1180 cupiditas
1470 1115 1627 1166 laudis
1666 1116 1925 1187 humanae,

238 1206 362 1256 quae
410 1190 470 1242 ad
523 1191 651 1240 facta
702 1187 940 1255 compulit
986 1189 1206 1239 miranda
1244 1188 1504 1239 Romanos.
1583 1189 1636 1239 Si
1674 1206 1791 1256 ergo
1830 1208 1922 1257 pro

235 1264 461 1314 libertate
502 1265 859 1314 moriturorum
898 1269 947 1312 et
986 1262 1252 1328 cupiditate
1292 1262 1515 1330 laudum,
1561 1279 1686 1328 quae
1726 1280 1754 1314 a
1791 1280 1921 1315 mor-

235 1337 417 1389 talibus
472 1343 786 1403 expetuntur‚
841 1336 999 1386 occidi
1053 1335 1139 1385 filii
1189 1351 1215 1384 a
1264 1342 1404 1401 patre
1454 1343 1749 1402 potuerunt:
1800 1339 1918 1403 quid

150 1421 204 1462 15
235 1426 469 1476 magnum
509 1417 604 1477 est,
645 1412 686 1459 si
724 1425 815 1475 pro
855 1425 970 1459 vera
1008 1409 1257 1476 libertate,
1297 1425 1420 1475 quae
1460 1425 1551 1460 nos
1591 1410 1650 1461 ah
1688 1413 1919 1477 iniquita·

235 1487 299 1534 tis
339 1491 389 1534 et
426 1486 600 1533 mortis
641 1490 690 1533 et
729 1483 909 1533 diaboli
947 1483 1200 1533 dominatu
1239 1482 1422 1533 liberos
1461 1483 1598 1551 facit,
1649 1500 1741 1534 nec
1782 1488 1918 1552 cupi-

235 1557 385 1608 ditate
425 1557 753 1608 humanarum
791 1557 1013 1624 laudum,
1061 1557 1148 1606 sed
1187 1559 1388 1607 caritate
1427 1556 1796 1608 liberandorum
1834 1559 1919 1609 ho-

235 1633 438 1697 minum,
476 1646 577 1680 non
616 1647 642 1680 a
682 1631 949 1696 Tarquinio
990 1645 1128 1697 rege,
1168 1631 1254 1680 sed
1294 1646 1321 1680 a
1360 1631 1680 1681 daemonibus
1720 1640 1771 1682 et
1809 1633 1918 1683 dae·

234 1719 437 1754 monum
467 1705 707 1771 principe,
746 1719 845 1753 non
877 1703 964 1753 filii
995 1704 1305 1770 occiduntur,
1338 1704 1424 1753 sed
1458 1703 1643 1754 Christi
1673 1721 1920 1772 pauperes

146 1789 201 1829 20
231 1780 363 1828 inter
401 1777 527 1827 filios
567 1774 953 1842 computantur?

385 1851 437 1900 Si
483 1851 606 1901 alius
658 1853 804 1900 etiam
849 1851 1100 1901 Romanus
1145 1852 1400 1918 princepS‚
1456 1853 1745 1916 cognomine
1794 1853 1915 1904 Tor-

235 1931 435 1992 quatuS‚
482 1925 659 1992 filium,
708 1940 807 1974 non
855 1927 969 1990 quia
1016 1931 1188 1974 contra
1233 1927 1464 1991 patriam,
1512 1925 1598 1974 sed
1638 1927 1785 1975 etiam
1821 1943 1914 1992 pro

230 2001 411 2066 patria,
457 2005 621 2047 tamen
661 2000 774 2063 quia
814 2006 985 2048 contra
1023 1999 1286 2063 imperium
1326 2014 1494 2064 suum5
1540 1999 1589 2048 id
1630 2006 1705 2048 est
1745 2007 1915 2050 contra

233 2072 364 2136 quod
412 2073 737 2137 imperaverat
783 2078 925 2137 pater
974 2074 1267 2138 imperator,
1318 2071 1377 2121 ab
1426 2071 1569 2121 hoste
1619 2081 1913 2137 provocatus

144 2154 198 2194 25
232 2144 445 2200 iuvenali
484 2145 659 2194 ardore
698 2152 1016 2212 pugnaverat,
1054 2145 1170 2195 licet
1207 2147 1427 2211 vicisset,
1467 2145 1660 2212 occidit,
1699 2162 1761 2196 ne
1800 2147 1913 2212 plus

229 2218 344 2267 mali
395 2225 526 2268 esset
571 2220 622 2267 in
669 2218 891 2284 exemplo
938 2220 1134 2284 imperii
1182 2220 1451 2284 contempti
1506 2233 1650 2284 quam
1704 2219 1821 2269 boni
1859 2223 1912 2271 in

230 2291 383 2356 gloria
414 2291 569 2340 hostis
602 2293 774 2342 occisi:
813 2299 869 2341 ut
901 2293 1018 2356 quid
1057 2307 1108 2341 se
1148 2293 1346 2358 iactent,
1386 2293 1471 2356 qui
1507 2306 1598 2357 pro
1637 2293 1912 2343 inmortalis

227 2366 414 2430 patriae
453 2363 644 2430 legibus
691 2367 874 2432 omnia,
921 2381 1044 2429 quae
1096 2366 1250 2415 multo
1290 2367 1453 2414 minus
1495 2380 1640 2429 quam
1678 2366 1764 2415 filii
1803 2367 1910 2416 dili-

229 2445 436 2506 guntur,
481 2437 610 2487 bona
655 2445 853 2488 terrena
910 2436 1268 2505 contemnunt?
1345 2438 1397 2487 Si
1443 2438 1623 2487 Furius
1676 2439 1906 2490 Camillus

140 2522 196 2562 30
229 2514 375 2561 etiam
422 2514 662 2577 ingratam
706 2514 934 2578 patriam,
982 2528 1006 2561 a
1057 2514 1198 2562 cuius
1239 2511 1513 2561 cervicibus
1553 2515 1909 2563 acerrimorum

227 2585 445 2635 hostium
483 2584 760 2635 Veientium
805 2587 975 2650 iugum
1024 2585 1279 2651 depulerat
1326 2585 1681 2650 damnatusque
1730 2586 1788 2636 ab
1829 2602 1906 2636 ae-

346 2699 419 2754 10)
450 2698 564 2745 Aen.
598 2704 638 2754 6,
671 2703 756 2743 820
788 2713 886 2754 sqq.

350 2836 370 2873 1
406 2830 770 2875 morientibusA
795 2832 810 2887 ΙΙ
832 2829 974 2888 forte]
1008 2832 1131 2874 certe
1163 2830 1207 2874 A
1233 2833 1247 2888 u
1274 2836 1327 2876 12
1355 2831 1585 2888 compulit
1607 2844 1694 2876 mss
1724 2831 1798 2886 (cf.
1834 2834 1909 2887 63,

225 2892 334 2945 26),·
369 2890 630 2946 compulere
661 2891 804 2946 ‘01125
837 2889 1033 2933 iuuenili
1065 2903 1089 2933 v
