<?xml version="1.0" encoding="UTF-8"?>
<!DOCTYPE html PUBLIC "-//W3C//DTD XHTML 1.0 Transitional//EN"
    "http://www.w3.org/TR/xhtml1/DTD/xhtml1-transitional.dtd">
<html xmlns="http://www.w3.org/1999/xhtml" xml:lang="en" lang="en">
 <head>
  <title>
</title>
<meta http-equiv="Content-Type" content="text/html;charset=utf-8" />
  <meta name='ocr-system' content='tesseract 3.04.00' />
  <meta name='ocr-capabilities' content='ocr_page ocr_carea ocr_par ocr_line ocrx_word'/>
</head>
<body>
  <div class='ocr_page' id='page_1' title='image "./decivitatedeilib01auguuoft_0428.png"; bbox 0 0 2020 3122; ppageno 0'>
   <div class='ocr_carea' id='block_1_1' title="bbox 255 154 1257 206">
    <p class='ocr_par' dir='ltr' id='par_1_1' title="bbox 255 154 1257 206">
     <span class='ocr_line' id='line_1_1' title="bbox 255 154 1257 206; baseline -0.016 1"><span class='ocrx_word' id='word_1_1' title='bbox 255 154 362 206; x_wconf 86' lang='lat'>416</span> <span class='ocrx_word' id='word_1_2' title='bbox 926 160 960 197; x_wconf 86' lang='lat' dir='ltr'>s.</span> <span class='ocrx_word' id='word_1_3' title='bbox 984 158 1257 194; x_wconf 66' lang='lat' dir='ltr'>Auensrm1</span> 
     </span>
    </p>
   </div>
   <div class='ocr_carea' id='block_1_2' title="bbox 254 270 1933 486">
    <p class='ocr_par' dir='ltr' id='par_1_2' title="bbox 254 270 1933 486">
     <span class='ocr_line' id='line_1_2' title="bbox 255 270 1930 340; baseline -0.004 -13"><span class='ocrx_word' id='word_1_4' title='bbox 255 277 425 327; x_wconf 90' lang='lat' dir='ltr'>cienda</span> <span class='ocrx_word' id='word_1_5' title='bbox 467 291 534 340; x_wconf 85' lang='lat' dir='ltr'>ea,</span> <span class='ocrx_word' id='word_1_6' title='bbox 575 289 698 338; x_wconf 86' lang='lat' dir='ltr'>quae</span> <span class='ocrx_word' id='word_1_7' title='bbox 731 288 843 321; x_wconf 89' lang='lat' dir='ltr'>vere</span> <span class='ocrx_word' id='word_1_8' title='bbox 885 280 1014 322; x_wconf 89' lang='lat' dir='ltr'>sunt.</span> <span class='ocrx_word' id='word_1_9' title='bbox 1091 271 1163 320; x_wconf 87' lang='lat' dir='ltr'>Ex</span> <span class='ocrx_word' id='word_1_10' title='bbox 1204 287 1300 335; x_wconf 87' lang='lat' dir='ltr'>quo</span> <span class='ocrx_word' id='word_1_11' title='bbox 1341 270 1559 334; x_wconf 81' lang='lat' dir='ltr'><strong>intellegi</strong></span> <span class='ocrx_word' id='word_1_12' title='bbox 1596 276 1774 335; x_wconf 91' lang='lat' dir='ltr'>potest,</span> <span class='ocrx_word' id='word_1_13' title='bbox 1814 286 1930 335; x_wconf 85' lang='lat' dir='ltr'>qua-</span> 
     </span>
     <span class='ocr_line' id='line_1_3' title="bbox 254 343 1932 410; baseline -0.004 -11"><span class='ocrx_word' id='word_1_14' title='bbox 254 352 372 400; x_wconf 90' lang='lat' dir='ltr'>lium</span> <span class='ocrx_word' id='word_1_15' title='bbox 428 348 632 396; x_wconf 88' lang='lat' dir='ltr'>deorum</span> <span class='ocrx_word' id='word_1_16' title='bbox 686 346 761 395; x_wconf 84' lang='lat' dir='ltr'>vel</span> <span class='ocrx_word' id='word_1_17' title='bbox 810 345 1002 410; x_wconf 84' lang='lat' dir='ltr'>qualem</span> <span class='ocrx_word' id='word_1_18' title='bbox 1051 347 1290 394; x_wconf 84' lang='lat' dir='ltr'>visionem</span> <span class='ocrx_word' id='word_1_19' title='bbox 1336 345 1443 392; x_wconf 86' lang='lat' dir='ltr'>fieri</span> <span class='ocrx_word' id='word_1_20' title='bbox 1494 343 1623 391; x_wconf 87' lang='lat' dir='ltr'>dicat</span> <span class='ocrx_word' id='word_1_21' title='bbox 1662 343 1932 408; x_wconf 81' lang='lat' dir='ltr'>theurgicis</span> 
     </span>
     <span class='ocr_line' id='line_1_4' title="bbox 256 418 1933 486; baseline -0.003 -14"><span class='ocrx_word' id='word_1_22' title='bbox 256 420 723 486; x_wconf 83' lang='lat' dir='ltr'>consecrationibuS,</span> <span class='ocrx_word' id='word_1_23' title='bbox 762 421 814 468; x_wconf 90' lang='lat' dir='ltr'>in</span> <span class='ocrx_word' id='word_1_24' title='bbox 847 435 938 484; x_wconf 87' lang='lat' dir='ltr'>qua</span> <span class='ocrx_word' id='word_1_25' title='bbox 973 434 1072 468; x_wconf 91' lang='lat' dir='ltr'>non</span> <span class='ocrx_word' id='word_1_26' title='bbox 1114 433 1169 466; x_wconf 91' lang='lat' dir='ltr'>ea</span> <span class='ocrx_word' id='word_1_27' title='bbox 1201 418 1444 482; x_wconf 91' lang='lat' dir='ltr'>videntur,</span> <span class='ocrx_word' id='word_1_28' title='bbox 1484 431 1609 480; x_wconf 83' lang='lat' dir='ltr'>quae</span> <span class='ocrx_word' id='word_1_29' title='bbox 1648 431 1763 466; x_wconf 84' lang='lat' dir='ltr'>vere</span> <span class='ocrx_word' id='word_1_30' title='bbox 1803 425 1933 468; x_wconf 90' lang='lat' dir='ltr'>sunt.</span> 
     </span>
    </p>
   </div>
   <div class='ocr_carea' id='block_1_3' title="bbox 171 489 1934 559">
    <p class='ocr_par' dir='ltr' id='par_1_3' title="bbox 171 489 1934 559">
     <span class='ocr_line' id='line_1_5' title="bbox 171 489 1934 559; baseline -0.003 -14"><span class='ocrx_word' id='word_1_31' title='bbox 171 532 180 538; x_wconf 56' lang='lat'>&lt;</span> <span class='ocrx_word' id='word_1_32' title='bbox 255 497 476 559; x_wconf 90' lang='lat' dir='ltr'>Denique</span> <span class='ocrx_word' id='word_1_33' title='bbox 510 496 719 543; x_wconf 87' lang='lat' dir='ltr'>animam</span> <span class='ocrx_word' id='word_1_34' title='bbox 750 492 1037 542; x_wconf 83' lang='lat' dir='ltr'><strong>rationalem</strong></span> <span class='ocrx_word' id='word_1_35' title='bbox 1070 493 1184 556; x_wconf 92' lang='lat' dir='ltr'>sive,</span> <span class='ocrx_word' id='word_1_36' title='bbox 1225 489 1355 554; x_wconf 90' lang='lat' dir='ltr'>quod</span> <span class='ocrx_word' id='word_1_37' title='bbox 1395 491 1548 553; x_wconf 87' lang='lat' dir='ltr'>magis</span> <span class='ocrx_word' id='word_1_38' title='bbox 1588 497 1716 539; x_wconf 85' lang='lat' dir='ltr'>amat</span> <span class='ocrx_word' id='word_1_39' title='bbox 1755 490 1934 552; x_wconf 78' lang='lat' dir='ltr'><strong>dicere,</strong></span> 
     </span>
    </p>
   </div>
   <div class='ocr_carea' id='block_1_4' title="bbox 169 944 224 984">
    <p class='ocr_par' dir='ltr' id='par_1_4' title="bbox 169 944 224 984">
     <span class='ocr_line' id='line_1_6' title="bbox 169 944 224 984; baseline 0 0"><span class='ocrx_word' id='word_1_40' title='bbox 169 944 224 984; x_wconf 89' lang='lat'>10</span> 
     </span>
    </p>
   </div>
   <div class='ocr_carea' id='block_1_5' title="bbox 170 1309 223 1348">
    <p class='ocr_par' dir='ltr' id='par_1_5' title="bbox 170 1309 223 1348">
     <span class='ocr_line' id='line_1_7' title="bbox 170 1309 223 1348; baseline 0 0"><span class='ocrx_word' id='word_1_41' title='bbox 170 1309 223 1348; x_wconf 87' lang='lat'>15</span> 
     </span>
    </p>
   </div>
   <div class='ocr_carea' id='block_1_6' title="bbox 169 1676 224 1715">
    <p class='ocr_par' dir='ltr' id='par_1_6' title="bbox 169 1676 224 1715">
     <span class='ocr_line' id='line_1_8' title="bbox 169 1676 224 1715; baseline 0 0"><span class='ocrx_word' id='word_1_42' title='bbox 169 1676 224 1715; x_wconf 82' lang='lat'>20</span> 
     </span>
    </p>
   </div>
   <div class='ocr_carea' id='block_1_7' title="bbox 170 2041 223 2080">
    <p class='ocr_par' dir='ltr' id='par_1_7' title="bbox 170 2041 223 2080">
     <span class='ocr_line' id='line_1_9' title="bbox 170 2041 223 2080; baseline 0 0"><span class='ocrx_word' id='word_1_43' title='bbox 170 2041 223 2080; x_wconf 84' lang='lat'>25</span> 
     </span>
    </p>
   </div>
   <div class='ocr_carea' id='block_1_8' title="bbox 169 2407 226 2446">
    <p class='ocr_par' dir='ltr' id='par_1_8' title="bbox 169 2407 226 2446">
     <span class='ocr_line' id='line_1_10' title="bbox 169 2407 226 2446; baseline 0 0"><span class='ocrx_word' id='word_1_44' title='bbox 169 2407 226 2446; x_wconf 88' lang='grc'>30</span> 
     </span>
    </p>
   </div>
   <div class='ocr_carea' id='block_1_9' title="bbox 254 563 1939 2668">
    <p class='ocr_par' dir='ltr' id='par_1_9' title="bbox 254 563 1939 2668">
     <span class='ocr_line' id='line_1_11' title="bbox 256 563 1935 634; baseline -0.003 -16"><span class='ocrx_word' id='word_1_45' title='bbox 256 567 662 634; x_wconf 81' lang='lat' dir='ltr'>intellectualem,</span> <span class='ocrx_word' id='word_1_46' title='bbox 717 569 767 615; x_wconf 90' lang='lat' dir='ltr'>in</span> <span class='ocrx_word' id='word_1_47' title='bbox 816 581 901 615; x_wconf 85' lang='lat' dir='ltr'>sua</span> <span class='ocrx_word' id='word_1_48' title='bbox 941 581 1086 630; x_wconf 83' lang='lat' dir='ltr'>posse</span> <span class='ocrx_word' id='word_1_49' title='bbox 1127 563 1246 612; x_wconf 89' lang='lat' dir='ltr'>dicit</span> <span class='ocrx_word' id='word_1_50' title='bbox 1285 563 1516 628; x_wconf 88' lang='lat' dir='ltr'>evadere,</span> <span class='ocrx_word' id='word_1_51' title='bbox 1573 565 1764 612; x_wconf 81' lang='lat' dir='ltr'>etiamsi</span> <span class='ocrx_word' id='word_1_52' title='bbox 1804 564 1935 628; x_wconf 92' lang='lat' dir='ltr'>quod</span> 
     </span>
     <span class='ocr_line' id='line_1_12' title="bbox 256 637 1934 706; baseline -0.004 -14"><span class='ocrx_word' id='word_1_53' title='bbox 256 646 362 693; x_wconf 91' lang='lat' dir='ltr'>eius</span> <span class='ocrx_word' id='word_1_54' title='bbox 418 641 635 706; x_wconf 88' lang='lat' dir='ltr'>spiritale</span> <span class='ocrx_word' id='word_1_55' title='bbox 692 647 768 689; x_wconf 89' lang='lat' dir='ltr'>est</span> <span class='ocrx_word' id='word_1_56' title='bbox 821 639 952 688; x_wconf 83' lang='lat' dir='ltr'>nulla</span> <span class='ocrx_word' id='word_1_57' title='bbox 1000 638 1253 700; x_wconf 77' lang='lat' dir='ltr'>theurgica</span> <span class='ocrx_word' id='word_1_58' title='bbox 1301 637 1451 685; x_wconf 82' lang='lat' dir='ltr'>fuerit</span> <span class='ocrx_word' id='word_1_59' title='bbox 1496 642 1600 684; x_wconf 88' lang='lat' dir='ltr'>arte</span> <span class='ocrx_word' id='word_1_60' title='bbox 1651 645 1934 704; x_wconf 79' lang='lat' dir='ltr'>purgatum3</span> 
     </span>
     <span class='ocr_line' id='line_1_13' title="bbox 254 709 1937 782; baseline -0.002 -17"><span class='ocrx_word' id='word_1_61' title='bbox 254 731 404 782; x_wconf 89' lang='lat' dir='ltr'>porro</span> <span class='ocrx_word' id='word_1_62' title='bbox 460 721 623 764; x_wconf 87' lang='lat' dir='ltr'>autem</span> <span class='ocrx_word' id='word_1_63' title='bbox 670 729 695 762; x_wconf 87' lang='lat' dir='ltr'>a</span> <span class='ocrx_word' id='word_1_64' title='bbox 743 714 951 776; x_wconf 83' lang='lat' dir='ltr'>theurgo</span> <span class='ocrx_word' id='word_1_65' title='bbox 999 710 1267 775; x_wconf 88' lang='lat' dir='ltr'>spiritalem</span> <span class='ocrx_word' id='word_1_66' title='bbox 1315 711 1517 774; x_wconf 87' lang='lat' dir='ltr'>purgari</span> <span class='ocrx_word' id='word_1_67' title='bbox 1565 709 1827 777; x_wconf 81' lang='lat' dir='ltr'>hactenuS,</span> <span class='ocrx_word' id='word_1_68' title='bbox 1882 719 1937 761; x_wconf 91' lang='lat' dir='ltr'>ut</span> 
     </span>
     <span class='ocr_line' id='line_1_14' title="bbox 256 784 1934 847; baseline -0.003 -8"><span class='ocrx_word' id='word_1_69' title='bbox 256 805 355 839; x_wconf 90' lang='lat' dir='ltr'>non</span> <span class='ocrx_word' id='word_1_70' title='bbox 395 804 454 837; x_wconf 83' lang='lat' dir='ltr'>ex</span> <span class='ocrx_word' id='word_1_71' title='bbox 493 787 586 836; x_wconf 90' lang='lat' dir='ltr'>hoc</span> <span class='ocrx_word' id='word_1_72' title='bbox 634 787 691 835; x_wconf 93' lang='lat' dir='ltr'>ad</span> <span class='ocrx_word' id='word_1_73' title='bbox 740 784 1140 834; x_wconf 82' lang='lat' dir='ltr'>inmortalitatem</span> <span class='ocrx_word' id='word_1_74' title='bbox 1188 785 1627 847; x_wconf 82' lang='lat' dir='ltr'>aeternitatemque</span> <span class='ocrx_word' id='word_1_75' title='bbox 1667 786 1934 847; x_wconf 87' lang='lat' dir='ltr'>perveniat.</span> 
     </span>
     <span class='ocr_line' id='line_1_15' title="bbox 259 855 1936 926; baseline -0.002 -15"><span class='ocrx_word' id='word_1_76' title='bbox 259 863 562 926; x_wconf 87' lang='lat' dir='ltr'>Quamquam</span> <span class='ocrx_word' id='word_1_77' title='bbox 609 863 772 923; x_wconf 88' lang='lat' dir='ltr'>itaque</span> <span class='ocrx_word' id='word_1_78' title='bbox 823 859 1071 907; x_wconf 86' lang='lat' dir='ltr'>discernat</span> <span class='ocrx_word' id='word_1_79' title='bbox 1111 872 1135 904; x_wconf 88' lang='lat' dir='ltr'>a</span> <span class='ocrx_word' id='word_1_80' title='bbox 1176 855 1496 905; x_wconf 86' lang='lat' dir='ltr'>daemonibus</span> <span class='ocrx_word' id='word_1_81' title='bbox 1535 857 1755 923; x_wconf 84' lang='lat' dir='ltr'>angelos,</span> <span class='ocrx_word' id='word_1_82' title='bbox 1806 859 1936 908; x_wconf 86' lang='lat' dir='ltr'>aeria</span> 
     </span>
     <span class='ocr_line' id='line_1_16' title="bbox 256 929 1934 997; baseline -0.003 -12"><span class='ocrx_word' id='word_1_83' title='bbox 256 937 360 985; x_wconf 85' lang='lat' dir='ltr'>loca</span> <span class='ocrx_word' id='word_1_84' title='bbox 393 950 499 983; x_wconf 91' lang='lat' dir='ltr'>esse</span> <span class='ocrx_word' id='word_1_85' title='bbox 533 934 839 997; x_wconf 87' lang='lat' dir='ltr'>daemonum,</span> <span class='ocrx_word' id='word_1_86' title='bbox 880 930 1095 979; x_wconf 84' lang='lat' dir='ltr'>aetheria</span> <span class='ocrx_word' id='word_1_87' title='bbox 1127 929 1203 978; x_wconf 89' lang='lat' dir='ltr'>vel</span> <span class='ocrx_word' id='word_1_88' title='bbox 1236 945 1463 994; x_wconf 83' lang='lat' dir='ltr'>empyrea</span> <span class='ocrx_word' id='word_1_89' title='bbox 1503 930 1752 979; x_wconf 91' lang='lat' dir='ltr'>disserens</span> <span class='ocrx_word' id='word_1_90' title='bbox 1792 946 1934 996; x_wconf 85' lang='lat' dir='ltr'>ange-</span> 
     </span>
     <span class='ocr_line' id='line_1_17' title="bbox 254 1003 1933 1074; baseline -0.003 -16"><span class='ocrx_word' id='word_1_91' title='bbox 254 1010 436 1074; x_wconf 90' lang='lat' dir='ltr'>lorum,</span> <span class='ocrx_word' id='word_1_92' title='bbox 488 1014 536 1055; x_wconf 90' lang='lat' dir='ltr'>et</span> <span class='ocrx_word' id='word_1_93' title='bbox 583 1006 840 1055; x_wconf 85' lang='lat' dir='ltr'>admoneat</span> <span class='ocrx_word' id='word_1_94' title='bbox 885 1004 1125 1053; x_wconf 88' lang='lat' dir='ltr'>utendum</span> <span class='ocrx_word' id='word_1_95' title='bbox 1172 1003 1378 1052; x_wconf 83' lang='lat' dir='ltr'>alicuius</span> <span class='ocrx_word' id='word_1_96' title='bbox 1418 1003 1669 1052; x_wconf 87' lang='lat' dir='ltr'>daemonis</span> <span class='ocrx_word' id='word_1_97' title='bbox 1709 1006 1933 1071; x_wconf 89' lang='lat' dir='ltr'>amicitia,</span> 
     </span>
     <span class='ocr_line' id='line_1_18' title="bbox 257 1076 1932 1146; baseline -0.002 -16"><span class='ocrx_word' id='word_1_98' title='bbox 257 1097 352 1146; x_wconf 90' lang='lat' dir='ltr'>quo</span> <span class='ocrx_word' id='word_1_99' title='bbox 393 1080 709 1129; x_wconf 79' lang='lat' dir='ltr'>subvectante</span> <span class='ocrx_word' id='word_1_100' title='bbox 741 1078 816 1126; x_wconf 81' lang='lat' dir='ltr'>vel</span> <span class='ocrx_word' id='word_1_101' title='bbox 854 1077 1109 1142; x_wconf 88' lang='lat' dir='ltr'>paululum</span> <span class='ocrx_word' id='word_1_102' title='bbox 1148 1091 1175 1124; x_wconf 85' lang='lat' dir='ltr'>a</span> <span class='ocrx_word' id='word_1_103' title='bbox 1214 1083 1345 1126; x_wconf 88' lang='lat' dir='ltr'>terra</span> <span class='ocrx_word' id='word_1_104' title='bbox 1386 1079 1543 1142; x_wconf 87' lang='lat' dir='ltr'>possit</span> <span class='ocrx_word' id='word_1_105' title='bbox 1582 1076 1762 1126; x_wconf 86' lang='lat' dir='ltr'>elevari</span> <span class='ocrx_word' id='word_1_106' title='bbox 1802 1079 1932 1142; x_wconf 88' lang='lat' dir='ltr'>quis·</span> 
     </span>
     <span class='ocr_line' id='line_1_19' title="bbox 256 1150 1934 1219; baseline -0.002 -16"><span class='ocrx_word' id='word_1_107' title='bbox 256 1170 350 1219; x_wconf 92' lang='lat' dir='ltr'>que</span> <span class='ocrx_word' id='word_1_108' title='bbox 404 1160 516 1219; x_wconf 91' lang='lat' dir='ltr'>post</span> <span class='ocrx_word' id='word_1_109' title='bbox 570 1160 802 1217; x_wconf 85' lang='lat' dir='ltr'>mortem,</span> <span class='ocrx_word' id='word_1_110' title='bbox 865 1151 1005 1199; x_wconf 86' lang='lat' dir='ltr'>aliam</span> <span class='ocrx_word' id='word_1_111' title='bbox 1059 1165 1175 1198; x_wconf 88' lang='lat' dir='ltr'>vero</span> <span class='ocrx_word' id='word_1_112' title='bbox 1230 1152 1356 1199; x_wconf 83' lang='lat' dir='ltr'>viam</span> <span class='ocrx_word' id='word_1_113' title='bbox 1411 1166 1519 1199; x_wconf 91' lang='lat' dir='ltr'>esse</span> <span class='ocrx_word' id='word_1_114' title='bbox 1569 1150 1826 1215; x_wconf 87' lang='lat' dir='ltr'>perhibeat</span> <span class='ocrx_word' id='word_1_115' title='bbox 1876 1151 1934 1200; x_wconf 90' lang='lat' dir='ltr'>ad</span> 
     </span>
     <span class='ocr_line' id='line_1_20' title="bbox 255 1223 1935 1292; baseline -0.001 -16"><span class='ocrx_word' id='word_1_116' title='bbox 255 1227 538 1292; x_wconf 89' lang='lat' dir='ltr'>angelorum</span> <span class='ocrx_word' id='word_1_117' title='bbox 579 1241 791 1290; x_wconf 85' lang='lat' dir='ltr'>superna</span> <span class='ocrx_word' id='word_1_118' title='bbox 825 1226 1094 1274; x_wconf 88' lang='lat' dir='ltr'>consortia:</span> <span class='ocrx_word' id='word_1_119' title='bbox 1135 1223 1399 1273; x_wconf 86' lang='lat' dir='ltr'>cavendam</span> <span class='ocrx_word' id='word_1_120' title='bbox 1437 1230 1600 1273; x_wconf 86' lang='lat' dir='ltr'>tamen</span> <span class='ocrx_word' id='word_1_121' title='bbox 1641 1223 1935 1274; x_wconf 88' lang='lat' dir='ltr'>daemonum</span> 
     </span>
     <span class='ocr_line' id='line_1_21' title="bbox 257 1297 1936 1365; baseline -0.001 -15"><span class='ocrx_word' id='word_1_122' title='bbox 257 1303 538 1350; x_wconf 89' lang='lat' dir='ltr'>societatem</span> <span class='ocrx_word' id='word_1_123' title='bbox 595 1314 825 1364; x_wconf 87' lang='lat' dir='ltr'>expressa</span> <span class='ocrx_word' id='word_1_124' title='bbox 882 1297 1093 1362; x_wconf 89' lang='lat' dir='ltr'>quodam</span> <span class='ocrx_word' id='word_1_125' title='bbox 1147 1297 1291 1346; x_wconf 90' lang='lat' dir='ltr'>modo</span> <span class='ocrx_word' id='word_1_126' title='bbox 1347 1298 1656 1347; x_wconf 88' lang='lat' dir='ltr'>confessione</span> <span class='ocrx_word' id='word_1_127' title='bbox 1711 1305 1936 1365; x_wconf 83' lang='lat' dir='ltr'>testatur,</span> 
     </span>
     <span class='ocr_line' id='line_1_22' title="bbox 256 1371 1935 1437; baseline -0.001 -14"><span class='ocrx_word' id='word_1_128' title='bbox 256 1374 341 1424; x_wconf 91' lang='lat' dir='ltr'>ubi</span> <span class='ocrx_word' id='word_1_129' title='bbox 373 1374 491 1422; x_wconf 88' lang='lat' dir='ltr'>dicit</span> <span class='ocrx_word' id='word_1_130' title='bbox 523 1375 732 1422; x_wconf 86' lang='lat' dir='ltr'>animam</span> <span class='ocrx_word' id='word_1_131' title='bbox 763 1379 875 1437; x_wconf 86' lang='lat' dir='ltr'>post</span> <span class='ocrx_word' id='word_1_132' title='bbox 907 1377 1117 1420; x_wconf 88' lang='lat' dir='ltr'>mortem</span> <span class='ocrx_word' id='word_1_133' title='bbox 1155 1371 1336 1420; x_wconf 90' lang='lat' dir='ltr'>luendo</span> <span class='ocrx_word' id='word_1_134' title='bbox 1375 1386 1559 1437; x_wconf 88' lang='lat' dir='ltr'>poenas</span> <span class='ocrx_word' id='word_1_135' title='bbox 1599 1371 1787 1421; x_wconf 88' lang='lat' dir='ltr'>cultum</span> <span class='ocrx_word' id='word_1_136' title='bbox 1827 1372 1935 1421; x_wconf 89' lang='lat' dir='ltr'>dae-</span> 
     </span>
     <span class='ocr_line' id='line_1_23' title="bbox 255 1444 1935 1511; baseline -0.001 -15"><span class='ocrx_word' id='word_1_137' title='bbox 255 1463 456 1497; x_wconf 88' lang='lat' dir='ltr'>monum</span> <span class='ocrx_word' id='word_1_138' title='bbox 505 1462 531 1495; x_wconf 84' lang='lat' dir='ltr'>a</span> <span class='ocrx_word' id='word_1_139' title='bbox 579 1446 757 1511; x_wconf 88' lang='lat' dir='ltr'>quibus</span> <span class='ocrx_word' id='word_1_140' title='bbox 807 1444 1285 1495; x_wconf 83' lang='lat' dir='ltr'>circumveniebatur</span> <span class='ocrx_word' id='word_1_141' title='bbox 1322 1445 1636 1511; x_wconf 80' lang='lat' dir='ltr'>horrescere3</span> <span class='ocrx_word' id='word_1_142' title='bbox 1683 1447 1935 1510; x_wconf 87' lang='lat' dir='ltr'>ipsamque</span> 
     </span>
     <span class='ocr_line' id='line_1_24' title="bbox 255 1518 1935 1585; baseline -0.001 -16"><span class='ocrx_word' id='word_1_143' title='bbox 255 1522 535 1585; x_wconf 89' lang='lat' dir='ltr'>theurgian,</span> <span class='ocrx_word' id='word_1_144' title='bbox 585 1535 730 1584; x_wconf 90' lang='lat' dir='ltr'>quam</span> <span class='ocrx_word' id='word_1_145' title='bbox 775 1520 909 1568; x_wconf 82' lang='lat' dir='ltr'>velut</span> <span class='ocrx_word' id='word_1_146' title='bbox 955 1518 1338 1568; x_wconf 87' lang='lat' dir='ltr'>conciliatricem</span> <span class='ocrx_word' id='word_1_147' title='bbox 1386 1518 1669 1582; x_wconf 90' lang='lat' dir='ltr'>angelorum</span> <span class='ocrx_word' id='word_1_148' title='bbox 1709 1519 1935 1568; x_wconf 90' lang='lat' dir='ltr'>deorum-</span> 
     </span>
     <span class='ocr_line' id='line_1_25' title="bbox 258 1592 1937 1659; baseline 0 -17"><span class='ocrx_word' id='word_1_149' title='bbox 258 1609 351 1658; x_wconf 90' lang='lat' dir='ltr'>que</span> <span class='ocrx_word' id='word_1_150' title='bbox 400 1593 729 1659; x_wconf 83' lang='lat' dir='ltr'>commendat,</span> <span class='ocrx_word' id='word_1_151' title='bbox 777 1592 905 1658; x_wconf 86' lang='lat' dir='ltr'>apud</span> <span class='ocrx_word' id='word_1_152' title='bbox 952 1592 1074 1642; x_wconf 86' lang='lat' dir='ltr'>tales</span> <span class='ocrx_word' id='word_1_153' title='bbox 1124 1607 1269 1656; x_wconf 90' lang='lat' dir='ltr'>agere</span> <span class='ocrx_word' id='word_1_154' title='bbox 1307 1598 1579 1657; x_wconf 87' lang='lat' dir='ltr'>potestates</span> <span class='ocrx_word' id='word_1_155' title='bbox 1618 1607 1798 1658; x_wconf 84' lang='lat' dir='ltr'>negare</span> <span class='ocrx_word' id='word_1_156' title='bbox 1837 1608 1937 1642; x_wconf 91' lang='lat' dir='ltr'>non</span> 
     </span>
     <span class='ocr_line' id='line_1_26' title="bbox 255 1665 1936 1733; baseline -0.001 -17"><span class='ocrx_word' id='word_1_157' title='bbox 255 1669 436 1733; x_wconf 90' lang='lat' dir='ltr'>potuit,</span> <span class='ocrx_word' id='word_1_158' title='bbox 492 1682 614 1731; x_wconf 90' lang='lat' dir='ltr'>quae</span> <span class='ocrx_word' id='word_1_159' title='bbox 670 1667 746 1715; x_wconf 88' lang='lat' dir='ltr'>vel</span> <span class='ocrx_word' id='word_1_160' title='bbox 790 1669 924 1731; x_wconf 91' lang='lat' dir='ltr'>ipsae</span> <span class='ocrx_word' id='word_1_161' title='bbox 972 1665 1222 1715; x_wconf 88' lang='lat' dir='ltr'>invideant</span> <span class='ocrx_word' id='word_1_162' title='bbox 1274 1667 1555 1731; x_wconf 88' lang='lat' dir='ltr'>purgationi</span> <span class='ocrx_word' id='word_1_163' title='bbox 1595 1667 1806 1732; x_wconf 86' lang='lat' dir='ltr'>animae,</span> <span class='ocrx_word' id='word_1_164' title='bbox 1860 1665 1936 1715; x_wconf 87' lang='lat' dir='ltr'>vel</span> 
     </span>
     <span class='ocr_line' id='line_1_27' title="bbox 256 1738 1939 1805; baseline -0.001 -16"><span class='ocrx_word' id='word_1_165' title='bbox 256 1739 442 1789; x_wconf 87' lang='lat' dir='ltr'>artibus</span> <span class='ocrx_word' id='word_1_166' title='bbox 483 1742 696 1789; x_wconf 89' lang='lat' dir='ltr'>serviant</span> <span class='ocrx_word' id='word_1_167' title='bbox 734 1740 1044 1805; x_wconf 85' lang='lat' dir='ltr'>invidorum,</span> <span class='ocrx_word' id='word_1_168' title='bbox 1096 1739 1347 1803; x_wconf 90' lang='lat' dir='ltr'>querelam</span> <span class='ocrx_word' id='word_1_169' title='bbox 1387 1739 1446 1788; x_wconf 90' lang='lat' dir='ltr'>de</span> <span class='ocrx_word' id='word_1_170' title='bbox 1485 1739 1576 1788; x_wconf 85' lang='lat' dir='ltr'>hac</span> <span class='ocrx_word' id='word_1_171' title='bbox 1615 1754 1669 1788; x_wconf 89' lang='lat' dir='ltr'>re</span> <span class='ocrx_word' id='word_1_172' title='bbox 1711 1738 1939 1788; x_wconf 87' lang='lat' dir='ltr'>Chaldaei</span> 
     </span>
     <span class='ocr_line' id='line_1_28' title="bbox 256 1810 1935 1879; baseline -0.001 -17"><span class='ocrx_word' id='word_1_173' title='bbox 256 1816 424 1862; x_wconf 89' lang='lat' dir='ltr'>nescio</span> <span class='ocrx_word' id='word_1_174' title='bbox 458 1816 598 1863; x_wconf 90' lang='lat' dir='ltr'>cuius</span> <span class='ocrx_word' id='word_1_175' title='bbox 631 1829 947 1878; x_wconf 86' lang='lat' dir='ltr'>expromens:</span> <span class='ocrx_word' id='word_1_176' title='bbox 985 1812 1364 1878; x_wconf 85' lang='lat' dir='ltr'>„Conqueritur,</span> <span class='ocrx_word' id='word_1_177' title='bbox 1395 1814 1572 1879; x_wconf 93' lang='lat' dir='ltr'>inquit,</span> <span class='ocrx_word' id='word_1_178' title='bbox 1610 1814 1685 1861; x_wconf 88' lang='lat' dir='ltr'>vir</span> <span class='ocrx_word' id='word_1_179' title='bbox 1715 1814 1766 1861; x_wconf 91' lang='lat' dir='ltr'>in</span> <span class='ocrx_word' id='word_1_180' title='bbox 1800 1810 1935 1861; x_wconf 88' lang='lat' dir='ltr'>Chal-</span> 
     </span>
     <span class='ocr_line' id='line_1_29' title="bbox 256 1885 1936 1953; baseline -0.001 -17"><span class='ocrx_word' id='word_1_181' title='bbox 256 1887 373 1936; x_wconf 88' lang='lat' dir='ltr'>daea</span> <span class='ocrx_word' id='word_1_182' title='bbox 396 1887 572 1953; x_wconf 78' lang='lat' dir='ltr'>bonUS,</span> <span class='ocrx_word' id='word_1_183' title='bbox 609 1887 890 1952; x_wconf 87' lang='lat' dir='ltr'>purgandae</span> <span class='ocrx_word' id='word_1_184' title='bbox 916 1889 1104 1935; x_wconf 90' lang='lat' dir='ltr'>animae</span> <span class='ocrx_word' id='word_1_185' title='bbox 1137 1902 1312 1951; x_wconf 90' lang='lat' dir='ltr'>magno</span> <span class='ocrx_word' id='word_1_186' title='bbox 1352 1889 1403 1935; x_wconf 92' lang='lat' dir='ltr'>in</span> <span class='ocrx_word' id='word_1_187' title='bbox 1442 1885 1690 1935; x_wconf 91' lang='lat' dir='ltr'>molimine</span> <span class='ocrx_word' id='word_1_188' title='bbox 1732 1887 1936 1936; x_wconf 85' lang='lat' dir='ltr'>frustra-</span> 
     </span>
     <span class='ocr_line' id='line_1_30' title="bbox 255 1959 1935 2025; baseline -0.001 -16"><span class='ocrx_word' id='word_1_189' title='bbox 255 1968 331 2009; x_wconf 89' lang='lat' dir='ltr'>tos</span> <span class='ocrx_word' id='word_1_190' title='bbox 372 1960 464 2008; x_wconf 91' lang='lat' dir='ltr'>sibi</span> <span class='ocrx_word' id='word_1_191' title='bbox 504 1975 611 2009; x_wconf 92' lang='lat' dir='ltr'>esse</span> <span class='ocrx_word' id='word_1_192' title='bbox 653 1975 935 2022; x_wconf 77' lang='lat' dir='ltr'>succeSSUS,</span> <span class='ocrx_word' id='word_1_193' title='bbox 985 1975 1097 2009; x_wconf 87' lang='lat' dir='ltr'>cum</span> <span class='ocrx_word' id='word_1_194' title='bbox 1135 1962 1210 2008; x_wconf 88' lang='lat' dir='ltr'>vir</span> <span class='ocrx_word' id='word_1_195' title='bbox 1250 1961 1309 2009; x_wconf 89' lang='lat' dir='ltr'>ad</span> <span class='ocrx_word' id='word_1_196' title='bbox 1350 1959 1519 2008; x_wconf 90' lang='lat' dir='ltr'>eadem</span> <span class='ocrx_word' id='word_1_197' title='bbox 1557 1966 1735 2025; x_wconf 90' lang='lat' dir='ltr'>potens</span> <span class='ocrx_word' id='word_1_198' title='bbox 1774 1965 1935 2008; x_wconf 88' lang='lat' dir='ltr'>tactus</span> 
     </span>
     <span class='ocr_line' id='line_1_31' title="bbox 256 2033 1934 2098; baseline 0 -16"><span class='ocrx_word' id='word_1_199' title='bbox 256 2033 434 2082; x_wconf 83' lang='lat' dir='ltr'>invidia</span> <span class='ocrx_word' id='word_1_200' title='bbox 488 2034 732 2082; x_wconf 81' lang='lat' dir='ltr'>adiuratas</span> <span class='ocrx_word' id='word_1_201' title='bbox 787 2035 938 2082; x_wconf 84' lang='lat' dir='ltr'>sacris</span> <span class='ocrx_word' id='word_1_202' title='bbox 994 2033 1227 2098; x_wconf 89' lang='lat' dir='ltr'>precibus</span> <span class='ocrx_word' id='word_1_203' title='bbox 1276 2035 1522 2098; x_wconf 86' lang='lat' dir='ltr'>potentias</span> <span class='ocrx_word' id='word_1_204' title='bbox 1561 2033 1826 2098; x_wconf 88' lang='lat' dir='ltr'>alligasset,</span> <span class='ocrx_word' id='word_1_205' title='bbox 1873 2047 1934 2082; x_wconf 90' lang='lat' dir='ltr'>ne</span> 
     </span>
     <span class='ocr_line' id='line_1_32' title="bbox 256 2105 1935 2172; baseline 0.001 -18"><span class='ocrx_word' id='word_1_206' title='bbox 256 2105 498 2170; x_wconf 89' lang='lat' dir='ltr'>postulata</span> <span class='ocrx_word' id='word_1_207' title='bbox 533 2106 875 2156; x_wconf 89' lang='lat' dir='ltr'>concederent.</span> <span class='ocrx_word' id='word_1_208' title='bbox 951 2106 1080 2171; x_wconf 85' lang='lat' dir='ltr'>Ergo</span> <span class='ocrx_word' id='word_1_209' title='bbox 1115 2114 1164 2156; x_wconf 91' lang='lat' dir='ltr'>et</span> <span class='ocrx_word' id='word_1_210' title='bbox 1203 2107 1367 2172; x_wconf 83' lang='lat' dir='ltr'>ligavit</span> <span class='ocrx_word' id='word_1_211' title='bbox 1405 2106 1501 2172; x_wconf 92' lang='lat' dir='ltr'>ille,</span> <span class='ocrx_word' id='word_1_212' title='bbox 1539 2108 1715 2172; x_wconf 91' lang='lat' dir='ltr'>inquit,</span> <span class='ocrx_word' id='word_1_213' title='bbox 1755 2113 1804 2155; x_wconf 91' lang='lat' dir='ltr'>et</span> <span class='ocrx_word' id='word_1_214' title='bbox 1842 2107 1935 2156; x_wconf 90' lang='lat' dir='ltr'>iste</span> 
     </span>
     <span class='ocr_line' id='line_1_33' title="bbox 258 2175 1936 2246; baseline 0.001 -20"><span class='ocrx_word' id='word_1_215' title='bbox 258 2194 356 2227; x_wconf 88' lang='lat' dir='ltr'>non</span> <span class='ocrx_word' id='word_1_216' title='bbox 412 2175 597 2227; x_wconf 89' lang='lat' dir='ltr'>solvit.“</span> <span class='ocrx_word' id='word_1_217' title='bbox 673 2179 779 2237; x_wconf 88' lang='lat' dir='ltr'>Quo</span> <span class='ocrx_word' id='word_1_218' title='bbox 833 2179 1014 2229; x_wconf 91' lang='lat' dir='ltr'>indicio</span> <span class='ocrx_word' id='word_1_219' title='bbox 1061 2180 1182 2229; x_wconf 85' lang='lat' dir='ltr'>dixit</span> <span class='ocrx_word' id='word_1_220' title='bbox 1237 2195 1473 2246; x_wconf 87' lang='lat' dir='ltr'>apparere</span> <span class='ocrx_word' id='word_1_221' title='bbox 1519 2179 1779 2244; x_wconf 87' lang='lat' dir='ltr'>theurgian</span> <span class='ocrx_word' id='word_1_222' title='bbox 1828 2195 1936 2229; x_wconf 91' lang='lat' dir='ltr'>esse</span> 
     </span>
     <span class='ocr_line' id='line_1_34' title="bbox 258 2251 1938 2319; baseline 0.001 -19"><span class='ocrx_word' id='word_1_223' title='bbox 258 2258 357 2300; x_wconf 88' lang='lat' dir='ltr'>tam</span> <span class='ocrx_word' id='word_1_224' title='bbox 411 2251 526 2300; x_wconf 90' lang='lat' dir='ltr'>honi</span> <span class='ocrx_word' id='word_1_225' title='bbox 581 2252 872 2301; x_wconf 86' lang='lat' dir='ltr'>conficiendi</span> <span class='ocrx_word' id='word_1_226' title='bbox 926 2268 1072 2317; x_wconf 89' lang='lat' dir='ltr'>quam</span> <span class='ocrx_word' id='word_1_227' title='bbox 1124 2253 1237 2302; x_wconf 89' lang='lat' dir='ltr'>mali</span> <span class='ocrx_word' id='word_1_228' title='bbox 1292 2261 1341 2303; x_wconf 91' lang='lat' dir='ltr'>et</span> <span class='ocrx_word' id='word_1_229' title='bbox 1387 2253 1515 2319; x_wconf 89' lang='lat' dir='ltr'>apud</span> <span class='ocrx_word' id='word_1_230' title='bbox 1563 2253 1681 2302; x_wconf 90' lang='lat' dir='ltr'>deos</span> <span class='ocrx_word' id='word_1_231' title='bbox 1723 2260 1771 2302; x_wconf 90' lang='lat' dir='ltr'>et</span> <span class='ocrx_word' id='word_1_232' title='bbox 1810 2252 1938 2318; x_wconf 88' lang='lat' dir='ltr'>apud</span> 
     </span>
     <span class='ocr_line' id='line_1_35' title="bbox 257 2324 1936 2391; baseline 0.001 -19"><span class='ocrx_word' id='word_1_233' title='bbox 257 2324 480 2373; x_wconf 91' lang='lat' dir='ltr'>homines</span> <span class='ocrx_word' id='word_1_234' title='bbox 528 2325 855 2391; x_wconf 82' lang='lat' dir='ltr'>disciplinam3</span> <span class='ocrx_word' id='word_1_235' title='bbox 902 2328 1003 2390; x_wconf 90' lang='lat' dir='ltr'>pati</span> <span class='ocrx_word' id='word_1_236' title='bbox 1051 2328 1197 2375; x_wconf 86' lang='lat' dir='ltr'>etiam</span> <span class='ocrx_word' id='word_1_237' title='bbox 1245 2327 1363 2376; x_wconf 93' lang='lat' dir='ltr'>deos</span> <span class='ocrx_word' id='word_1_238' title='bbox 1412 2333 1461 2376; x_wconf 91' lang='lat' dir='ltr'>et</span> <span class='ocrx_word' id='word_1_239' title='bbox 1499 2325 1556 2375; x_wconf 87' lang='lat' dir='ltr'>ad</span> <span class='ocrx_word' id='word_1_240' title='bbox 1597 2326 1703 2376; x_wconf 91' lang='lat' dir='ltr'>illas</span> <span class='ocrx_word' id='word_1_241' title='bbox 1741 2333 1936 2391; x_wconf 86' lang='lat' dir='ltr'>pertur-</span> 
     </span>
     <span class='ocr_line' id='line_1_36' title="bbox 258 2397 1937 2465; baseline 0.001 -19"><span class='ocrx_word' id='word_1_242' title='bbox 258 2397 479 2447; x_wconf 89' lang='lat' dir='ltr'>bationes</span> <span class='ocrx_word' id='word_1_243' title='bbox 518 2400 869 2462; x_wconf 89' lang='lat' dir='ltr'>passionesque</span> <span class='ocrx_word' id='word_1_244' title='bbox 918 2398 1115 2465; x_wconf 90' lang='lat' dir='ltr'>deduci,</span> <span class='ocrx_word' id='word_1_245' title='bbox 1163 2415 1284 2464; x_wconf 90' lang='lat' dir='ltr'>quas</span> <span class='ocrx_word' id='word_1_246' title='bbox 1324 2401 1653 2449; x_wconf 91' lang='lat' dir='ltr'>communiter</span> <span class='ocrx_word' id='word_1_247' title='bbox 1692 2399 1937 2448; x_wconf 88' lang='lat' dir='ltr'>daemoni-</span> 
     </span>
     <span class='ocr_line' id='line_1_37' title="bbox 258 2470 1937 2539; baseline 0.002 -20"><span class='ocrx_word' id='word_1_248' title='bbox 258 2470 350 2520; x_wconf 89' lang='lat' dir='ltr'>bus</span> <span class='ocrx_word' id='word_1_249' title='bbox 391 2478 440 2520; x_wconf 91' lang='lat' dir='ltr'>et</span> <span class='ocrx_word' id='word_1_250' title='bbox 486 2471 767 2520; x_wconf 89' lang='lat' dir='ltr'>hominibus</span> <span class='ocrx_word' id='word_1_251' title='bbox 815 2471 1050 2535; x_wconf 88' lang='lat' dir='ltr'>Apuleius</span> <span class='ocrx_word' id='word_1_252' title='bbox 1091 2472 1348 2539; x_wconf 80' lang='lat' dir='ltr'>adtribuit3</span> <span class='ocrx_word' id='word_1_253' title='bbox 1397 2473 1515 2522; x_wconf 92' lang='lat' dir='ltr'>deos</span> <span class='ocrx_word' id='word_1_254' title='bbox 1562 2479 1726 2522; x_wconf 88' lang='lat' dir='ltr'>tamen</span> <span class='ocrx_word' id='word_1_255' title='bbox 1767 2472 1826 2521; x_wconf 93' lang='lat' dir='ltr'>ab</span> <span class='ocrx_word' id='word_1_256' title='bbox 1867 2474 1937 2522; x_wconf 89' lang='lat' dir='ltr'>eis</span> 
     </span>
     <span class='ocr_line' id='line_1_38' title="bbox 258 2544 1936 2610; baseline 0.002 -18"><span class='ocrx_word' id='word_1_257' title='bbox 258 2544 502 2593; x_wconf 85' lang='lat' dir='ltr'>aetheriae</span> <span class='ocrx_word' id='word_1_258' title='bbox 544 2544 674 2593; x_wconf 91' lang='lat' dir='ltr'>sedis</span> <span class='ocrx_word' id='word_1_259' title='bbox 707 2544 961 2593; x_wconf 88' lang='lat' dir='ltr'>altitudine</span> <span class='ocrx_word' id='word_1_260' title='bbox 1003 2560 1235 2610; x_wconf 87' lang='lat' dir='ltr'>separans</span> <span class='ocrx_word' id='word_1_261' title='bbox 1276 2553 1325 2595; x_wconf 92' lang='lat' dir='ltr'>et</span> <span class='ocrx_word' id='word_1_262' title='bbox 1362 2546 1578 2595; x_wconf 88' lang='lat' dir='ltr'>Platonis</span> <span class='ocrx_word' id='word_1_263' title='bbox 1619 2561 1847 2595; x_wconf 88' lang='lat' dir='ltr'>asserens</span> <span class='ocrx_word' id='word_1_264' title='bbox 1886 2547 1936 2595; x_wconf 91' lang='lat' dir='ltr'>in</span> 
     </span>
     <span class='ocr_line' id='line_1_39' title="bbox 258 2617 1022 2668; baseline 0.001 -3"><span class='ocrx_word' id='word_1_265' title='bbox 258 2617 336 2666; x_wconf 90' lang='lat' dir='ltr'>illa</span> <span class='ocrx_word' id='word_1_266' title='bbox 377 2618 673 2666; x_wconf 88' lang='lat' dir='ltr'>discretione</span> <span class='ocrx_word' id='word_1_267' title='bbox 715 2619 1022 2668; x_wconf 90' lang='lat' dir='ltr'>sententiam.</span> 
     </span>
    </p>
   </div>
   <div class='ocr_carea' id='block_1_10' title="bbox 376 2776 941 2830">
    <p class='ocr_par' dir='ltr' id='par_1_10' title="bbox 376 2776 941 2830">
     <span class='ocr_line' id='line_1_40' title="bbox 376 2776 941 2830; baseline 0.004 -15"><span class='ocrx_word' id='word_1_268' title='bbox 376 2776 400 2815; x_wconf 89' lang='lat'>5</span> <span class='ocrx_word' id='word_1_269' title='bbox 434 2781 516 2817; x_wconf 85' lang='lat' dir='ltr'>sua</span> <span class='ocrx_word' id='word_1_270' title='bbox 545 2786 656 2826; x_wconf 82' lang='lat' dir='ltr'>mss;</span> <span class='ocrx_word' id='word_1_271' title='bbox 688 2787 887 2830; x_wconf 83' lang='lat' dir='ltr'>superna</span> <span class='ocrx_word' id='word_1_272' title='bbox 916 2787 941 2817; x_wconf 83' lang='lat' dir='ltr'><strong><em>v</em></strong></span> 
     </span>
    </p>
   </div>
  </div>
 </body>
</html>
