2020 3122
164 938 215 976 10

163 1304 215 1343 15

162 1671 216 1711 20

161 2038 216 2078 25

162 2406 218 2446 30

247 141 355 194 266
926 149 960 183 s.
983 149 1260 185 Aueusrm

248 268 299 315 in
341 281 393 314 se
441 265 690 313 contineat
740 264 1112 312 commenticios
1153 262 1294 328 deoS,
1340 276 1438 311 una
1475 276 1590 326 pars
1630 263 1737 311 eius
1778 263 1842 311 sit
1877 264 1930 312 in

249 339 427 388 litteris
453 337 781 402 sacerdotum,
821 336 972 386 altera
995 338 1054 402 inv
1086 334 1387 385 carminibus
1426 341 1697 400 poetarum.
1752 335 1931 385 Utrum

247 412 425 461 habeat
477 418 527 461 et
581 411 698 459 alias
742 416 932 476 partes,
985 409 1077 459 alia
1131 410 1354 474 quaestio
1401 415 1500 458 est:
1554 423 1686 458 nunc
1725 415 1931 474 propter

250 486 539 555 divisionem
578 483 812 534 Varronis
858 491 908 533 et
944 483 1191 537 ,urbanam
1238 488 1288 531 et
1327 482 1614 532 theatricam
1652 481 1930 547 theologian

250 559 308 608 ad
335 573 482 608 unam
508 558 696 608 civilem
722 559 972 622 pertinere
1014 558 1146 623 satis,
1183 562 1240 605 ut
1278 557 1467 622 opinor,
1507 556 1714 604 ostendi.
1776 555 1932 622 Unde,

251 634 364 697 quia
404 638 520 682 sunt
559 631 727 681 ambae
768 631 941 680 similis
979 630 1301 695 turpitudinis
1342 629 1680 691 absurditatiS,
1719 629 1932 694 indigni-

248 708 363 756 tatis
388 706 627 771 falsitatiS,
667 704 793 753 absit
832 721 858 754 3
897 706 1026 753 veris
1067 704 1325 768 religiosiS,
1363 710 1420 752 ut
1459 705 1559 752 sive
1600 701 1659 751 ab
1698 703 1790 752 hac
1830 705 1932 752 sive

249 779 308 828 ab
346 779 428 828 illa
465 781 561 828 vita
601 784 830 844 speretur
869 785 1081 826 aeterna.

398 852 620 917 Denique
669 859 718 901 et
762 853 868 916 ipse
916 850 1068 900 Varro
1117 864 1502 899 commemorare
1550 856 1600 898 et
1639 864 1931 899 enumerare

250 927 369 975 deos
402 928 564 991 coepit
602 941 629 974 a
668 926 991 989 conceptione
1030 924 1259 988 hominiS,
1299 938 1512 987 quorum
1552 938 1816 972 numerum
1855 931 1933 972 est

251 1015 456 1049 exorsus
497 998 685 1065 alano,
725 1013 931 1062 eamque
971 999 1151 1046 seriem
1190 997 1422 1061 perduxit
1460 1011 1618 1061 usque
1659 996 1719 1045 ad
1759 996 1932 1046 decre-

247 1075 338 1138 piti
383 1074 596 1122 hominis
643 1078 875 1132 mortem,
924 1078 973 1120 et
1020 1071 1137 1120 deos
1191 1070 1250 1119 ad
1289 1072 1452 1135 ipsum
1490 1070 1740 1119 hominem
1778 1073 1931 1135 perti-

248 1153 423 1196 nentes
456 1146 631 1196 clausit
668 1145 727 1194 ad
760 1145 966 1194 Neniam
1006 1145 1161 1211 deam,
1201 1159 1326 1208 quae
1366 1146 1418 1193 in
1458 1143 1716 1193 funeribus
1756 1159 1931 1193 senum

250 1226 495 1286 cantatur3
545 1219 722 1269 deinde
771 1220 934 1283 coepit
980 1219 1099 1268 deos
1146 1218 1266 1266 alios
1314 1218 1600 1283 ostendere,
1655 1219 1741 1281 qui
1778 1219 1931 1282 perti-

248 1300 426 1343 nerent
479 1309 578 1342 non
633 1293 692 1341 ad
742 1294 907 1357 ipsum
953 1291 1227 1357 hominem,
1282 1292 1369 1340 sed
1415 1291 1474 1340 ad
1514 1306 1592 1358 ea,
1648 1306 1774 1355 quae
1815 1298 1932 1341 sunt

248 1367 483 1432 hominiS,
533 1368 680 1416 sicuti
727 1373 802 1415 est
847 1367 1007 1415 victus
1058 1371 1205 1429 atque
1252 1367 1459 1414 vestitus
1500 1370 1550 1413 et
1589 1380 1930 1429 quaecumque

249 1440 339 1489 alia
392 1440 507 1489 huic
561 1442 687 1488 vitae
743 1445 860 1488 sunt
912 1440 1217 1504 necessaria,
1270 1438 1537 1487 ostendens
1585 1440 1637 1486 in
1684 1437 1928 1504 omnibus,

250 1514 380 1578 quod
421 1515 483 1562 sit
529 1515 770 1576 cuiusque
817 1527 998 1561 munus
1046 1518 1096 1561 et
1132 1518 1338 1576 propter
1378 1512 1495 1576 quid
1535 1513 1715 1576 cuique
1755 1511 1932 1561 debeat

250 1587 537 1653 supplicari3
583 1589 635 1635 in
684 1601 780 1650 qua
818 1588 1049 1635 universa
1089 1585 1338 1649 diligentia
1376 1585 1538 1634 nullos
1578 1585 1932 1635 demonstravit

250 1661 325 1709 vel
371 1662 640 1709 nominavit
686 1660 827 1725 deOS,
875 1674 902 1708 3
948 1659 1130 1723 quibus
1175 1661 1275 1707 vita
1321 1665 1521 1708 aeterna
1565 1659 1814 1723 poscenda
1852 1660 1932 1726 sit,

248 1740 452 1799 propter
491 1749 637 1798 quam
676 1748 825 1782 unam
873 1735 1073 1798 proprie
1112 1747 1204 1781 nos
1243 1731 1510 1782 Christiani
1548 1747 1733 1782 sumus,
1811 1732 1933 1790 Quis

250 1823 367 1872 ergo
399 1823 557 1871 usque
590 1807 710 1856 adeo
742 1807 915 1856 tardus
947 1808 1026 1873 sit,
1063 1813 1120 1855 ut
1158 1821 1258 1854 non
1297 1806 1550 1871 intellegat
1586 1807 1738 1855 istum
1776 1806 1932 1854 homi-

249 1896 362 1930 nem
425 1881 617 1930 civilem
684 1880 965 1945 theologian
1033 1887 1134 1930 tam
1205 1879 1468 1944 diligenter
1530 1879 1819 1944 exponendo
1882 1886 1936 1929 et

249 1955 512 2019 aperiendo
546 1969 751 2019 eamque
783 1953 853 2003 illi
891 1953 1157 2020 fabulosae,
1195 1953 1423 2018 indignae
1463 1959 1608 2017 atque
1647 1952 1934 2020 probrosae,

250 2027 458 2077 similem
491 2027 872 2076 demonstrando
906 2034 1052 2091 atque
1091 2029 1249 2092 ipsam
1281 2026 1552 2076 fabulosam
1590 2033 1782 2091 partem
1821 2042 1932 2076 esse

248 2101 397 2150 huius
430 2103 548 2150 satis
581 2101 836 2150 evidenter
868 2101 1090 2150 docendo
1132 2116 1230 2149 non
1270 2102 1366 2149 nisi
1405 2100 1475 2150 illi
1514 2100 1743 2166 naturali,
1783 2115 1934 2164 quam

249 2174 368 2223 dicit
407 2174 465 2223 ad
503 2174 820 2239 philosophos
859 2176 1135 2241 pertinere,
1172 2176 1223 2223 in
1263 2176 1438 2223 animis
1477 2174 1731 2222 hominum
1772 2173 1936 2222 moliri

248 2248 433 2312 locum,
488 2262 545 2295 ea
584 2247 875 2312 subtilitate,
931 2253 987 2296 ut
1025 2247 1295 2296 fabulosam
1335 2246 1691 2312 reprehendat,
1738 2246 1935 2295 civilem

248 2336 365 2369 vero
406 2321 770 2385 reprehendere
812 2321 1011 2384 quidem
1051 2337 1150 2370 non
1190 2320 1387 2388 audeat,
1435 2321 1522 2369 sed
1560 2319 1814 2384 prodendo
1852 2335 1929 2369 re-

249 2394 633 2459 prehensibilem
687 2394 936 2459 ostendat,
991 2402 1136 2458 atque
1191 2396 1258 2443 ita
1311 2401 1523 2458 utraque
1570 2393 1754 2442 iudicio
1794 2399 1937 2442 recte<

249 2467 642 2532 intellegentium
666 2466 927 2531 reprobata
967 2467 1067 2515 sola
1108 2467 1344 2516 naturalis
1383 2472 1635 2516 remaneat
1674 2463 1937 2530 eligenda?

249 2540 319 2589 De
360 2555 456 2605 qua
481 2556 570 2591 suo
594 2540 702 2589 loco
735 2543 786 2589 in
819 2540 1062 2589 adiutorio
1094 2540 1183 2590 Dei
1214 2542 1319 2589 veri
1358 2539 1641 2605 diligentius
1683 2540 1936 2588 disseren—

250 2613 368 2663 dum
406 2621 498 2664 est.

373 2791 395 2829 7
429 2786 550 2830 ueris
585 2785 668 2840 Cb3
702 2787 831 2839 (218,
861 2787 950 2839 12;
981 2787 1092 2838 263,
1125 2787 1231 2838 21);
1261 2783 1371 2827 viris
1404 2798 1429 2828 v
