2020 3122
150 124 222 176 60
828 135 860 169 s.
885 135 1162 169 Aueus'rmr

297 249 502 311 Discite,
542 265 569 298 o
608 249 794 309 miseri,
834 252 884 297 et
923 264 1099 297 causas
1138 249 1393 310 agnoscite
1430 263 1612 308 rerum,

299 322 426 379 Quid
467 337 636 370 sumus
676 323 728 370 et
765 323 997 384 quidnam
1038 322 1220 371 victuri
1257 322 1525 384 gignimur,
1565 321 1686 370 ordo

300 395 419 452 Quis
461 395 607 444 datus
649 399 738 444 aut
774 399 937 444 metae
977 411 1075 458 qua
1112 396 1275 444 mollis
1314 395 1470 443 flexus
1513 397 1564 442 et
1600 395 1756 456 unde,

302 468 421 526 Quis
461 468 636 516 modus
676 471 885 531 argenti,
926 470 1044 531 quid
1082 469 1159 517 fas
1199 472 1387 530 optare,
1426 469 1546 530 quid
1584 483 1733 530 asper

93 552 118 590 ὁ
298 542 435 590 Utile
473 557 706 589 nummus
744 543 911 603 habet,
949 543 1143 604 patriae
1183 543 1409 604 carisque
1446 542 1738 604 propinquis

301 614 554 672 Quantum
592 615 768 678 largiri
807 616 993 679 deceat,
1033 631 1181 678 quem
1217 618 1269 663 te
1307 615 1442 664 Deus
1483 631 1592 664 esse

298 689 456 737 Iussit
494 691 544 736 et
582 689 803 737 humana
841 705 940 752 qua
977 692 1121 751 parte
1159 690 1353 737 locatus
1395 705 1447 738 es
1486 690 1539 737 in
1569 704 1636 737 re.

154 790 353 840 Dicatur
391 793 462 839 in·
491 790 670 854 quibus
716 790 837 839 locis
882 790 1003 840 haec
1044 791 1328 839 docentium
1367 790 1574 839 deorum
1613 789 1847 840 solebant.

153 871 415 929 praecepta
450 865 650 914 recitari
690 871 739 913 et
778 879 804 912 a
844 863 1118 914 cultoribus
1159 879 1332 913 eorum
1371 863 1566 928 populis
1606 864 1839 928 frequen·

67 948 120 987 10
153 944 231 987 ter
255 938 429 1004 audiri,
469 939 598 986 sicut
620 953 710 986 nos
743 938 1049 987 ostendimus
1074 938 1133 986 ad
1164 937 1258 985 hoc
1299 937 1533 986 ecclesias
1570 938 1848 1004 instituta&

154 1026 349 1076 quaqua
388 1026 586 1060 versum
623 1011 797 1076 religio
839 1010 1115 1061 Christiana
1154 1010 1459 1060 diffunditur.

820 1169 1016 1223 CAPUT
1050 1169 1171 1222 VH.

156 1277 367 1325 Inutilia
407 1291 513 1325 esse
544 1279 747 1326 inventa
773 1278 1123 1339 philosophica
1159 1277 1270 1325 sine
1309 1278 1615 1324 auctoritate
1655 1277 1849 1337 divina,

217 1350 306 1417 ubi
343 1364 586 1410 quemque
625 1351 696 1398 ad
732 1353 855 1399 vitia
888 1364 1108 1412 pronum
1147 1351 1309 1410 mayt‘s
1347 1354 1508 1398 movet
1544 1350 1681 1410 quod
1716 1350 1792 1398 dii

71 1432 124 1472 15
390 1421 625 1484 fecerint,
665 1438 816 1484 quam
854 1425 991 1484 quod
1025 1425 1248 1472 homines
1287 1424 1609 1485 disputarint.

304 1526 378 1573 An
417 1525 544 1574 forte
593 1525 736 1574 nobis
786 1525 1190 1590 philosophorum
1231 1524 1422 1573 scholas
1461 1524 1848 1590 disputationes--

157 1613 259 1663 que·
294 1596 673 1648 memorabunt?
732 1598 898 1648 Primo
947 1599 1069 1648 haec
1107 1613 1206 1647 non
1245 1598 1485 1664 Romana,
1532 1598 1618 1647 sed
1657 1596 1846 1648 Graeca>

159 1677 302 1736 sunt3
341 1678 426 1720 aut
464 1674 505 1721 si
535 1679 799 1736 propterea
837 1674 934 1721 iam
971 1673 1205 1738 Romana,
1245 1673 1360 1736 quia
1399 1678 1450 1720 et
1474 1670 1676 1720 Graecia
1715 1672 1842 1721 facta

159 1751 235 1794 est
272 1745 490 1794 Romana
527 1747 800 1812 provincia,
854 1762 954 1795 non
1000 1746 1207 1795 deorum
1251 1750 1514 1810 praecepta
1563 1750 1700 1811 sunt,
1755 1745 1846 1794 sed.

69 1829 126 1868 20
157 1818 414 1868 hominum
445 1820 656 1884 inventa,
696 1821 781 1883 qui
812 1827 1080 1884 utcumque
1121 1820 1284 1868 conati
1323 1824 1439 1867 sunt
1476 1819 1688 1882 ingeniis
1727 1833 1840 1867 acu-

157 1893 360 1941 tissimis
391 1891 602 1956 praediti
633 1893 970 1942 ratiocinando
1003 1893 1266 1959 vestigare,
1305 1891 1423 1956 quid
1460 1893 1513 1940 in
1551 1906 1722 1940 rerum
1759 1907 1843 1940 na-

157 1972 268 2014 tura
314 1962 551 2030 latitaret,
604 1966 722 2029 quid
768 1968 818 2015 in
865 1966 1087 2015 moribus
1139 1966 1470 2030 adpetendum
1521 1971 1653 2014 esset
1693 1973 1840 2030 atque

157 2038 467 2104 fugiendum,
513 2039 632 2102 quid
677 2041 728 2088 in
775 2042 896 2104 ipsis
934 2039 1259 2089 ratiocinandi
1298 2038 1482 2103 regulis
1522 2045 1658 2087 certa
1696 2053 1840 2087 cone·

158 2112 303 2160 xione
328 2111 625 2178 traheretur,
665 2119 748 2161 aut
773 2113 890 2176 quid
919 2129 1017 2162 non
1060 2119 1193 2162 esset
1231 2127 1541 2176 consequens
1580 2111 1656 2160 vel
1695 2113 1848 2160 etiam

72 2194 128 2234 25
160 2191 474 2249 repugnaret.
549 2184 612 2234 Et
652 2185 849 2249 quidam
889 2202 1061 2235 eorum
1101 2185 1339 2250 quaedam
1377 2199 1566 2251 magna,
1605 2191 1845 2249 quantum

162 2258 394 2308 divinitus
434 2258 587 2307 adiuti
627 2265 756 2320 sunt,
798 2261 1116 2324 invenerunt3
1156 2265 1395 2322 quantum
1426 2264 1590 2307 autem
1620 2258 1849 2307 humani-v

160 2338 242 2380 tus
279 2331 501 2396 impediti
541 2338 677 2397 sunt,
717 2341 1021 2399 erraverunt,
1059 2333 1267 2382 maxime
1308 2347 1420 2381 cum
1461 2346 1634 2380 eorum
1671 2346 1843 2396 super-

160 2403 268 2453 biae
315 2406 444 2454 iuste
489 2405 797 2470 providentia
844 2406 1004 2455 divina
1053 2406 1333 2471 resisteret,
1379 2411 1436 2453 ut
1482 2406 1607 2453 viam
1645 2406 1850 2470 pietatis-

281 2548 324 2601 7)
356 2545 451 2590 Sat.
485 2551 526 2600 3,
560 2551 614 2589 66
647 2561 743 2602 sqq.

282 2684 303 2721 1
338 2677 576 2735 agnoscite
611 2678 699 2731 Cv‚·
733 2678 998 2735 cognoscite
1031 2678 1179 2722 ΛΚΕ
1199 2680 1214 2734 ΙΙ
1237 2683 1262 2722 2
1296 2680 1345 2722 et
1374 2677 1543 2730 AKF,·
1581 2678 1662 2722 aut
1690 2691 1717 2720 v
1740 2679 1756 2734 fl
1778 2678 1849 2721 ui-

161 2737 281 2779 cturi
304 2737 402 2790 Av,·
433 2736 617 2781 uenturi
643 2737 779 2781 GKF
799 2739 815 2794 Η
838 2743 863 2781 3
891 2751 982 2794 qua
1006 2737 1160 2781 mollis
1186 2737 1322 2790 (Πῶς
1354 2741 1446 2792 qua
1470 2735 1577 2780 ollis
1601 2735 1673 2790 1‹';
1703 2750 1845 2792 quam

159 2794 316 2838 mollis
333 2796 377 2838 A
401 2797 416 2851 [1
441 2801 465 2840 6
497 2795 661 2852 largiri
692 2796 792 2839 ΑΚ
806 2797 944 2841 Parr.
956 2813 973 2850 ,·
1003 2795 1174 2853 largire
1193 2795 1263 2849 F;
1295 2794 1487 2851 elargiri
1510 2808 1536 2839 v
1559 2796 1575 2851 ss
1600 2799 1655 2838 14
1686 2809 1844 2850 quem-

162 2866 250 2907 que
280 2867 469 2910 sempsz;
501 2868 782 2910 quemquam
813 2871 838 2900 v
