2004 3162
156 704 354 757 LIBRI
385 703 454 758 II.
493 702 1170 758 RETRAOTATIONUM
1203 704 1355 758 OAP.
1387 705 1582 758 XLIII.

120 930 323 997 Interea
362 946 515 995 Roma
540 944 814 996 Gothorum
851 947 1136 1011 inruptione
1177 947 1423 1010 agentium
1465 945 1557 995 suh
1597 961 1717 1011 rege

25 1022 224 1071 Alarico
280 1027 425 1085 atque
476 1022 665 1085 impetu
720 1035 921 1084 magnae
985 1018 1136 1068 cladis
1192 1034 1361 1068 eversa
1416 1027 1516 1085 est,
1571 1022 1714 1069 cuius

28 1096 340 1146 eversionem
380 1094 586 1143 deorum
626 1093 862 1143 falsorum
901 1093 1269 1157 multorumque
1308 1092 1550 1160 cultores,
1592 1109 1715 1159 quos
1750 1107 1775 1144 5

31 1170 213 1220 usitato
260 1169 458 1216 nomine
505 1182 720 1231 paganos
760 1182 1013 1233 vocamuS,
1063 1169 1114 1215 in
1155 1166 1481 1216 Christianam
1520 1167 1714 1232 religio-

2 1236 145 1292 'nem
175 1241 365 1290 referre
391 1246 624 1289 conantes
665 1240 808 1289 solito
849 1240 1075 1289 acerbius
1116 1247 1165 1289 et
1203 1242 1416 1289 amarius
1440 1240 1598 1290 Deum
1636 1257 1714 1290 ve-

30 1331 143 1366 rum
179 1313 518 1379 blasphemare
560 1321 846 1379 coeperunt.
923 1313 1062 1362 Unde
1116 1329 1205 1378 ego
1246 1313 1573 1363 exardescens
1612 1314 1715 1363 zelo

28 1389 204 1439 domus
237 1387 325 1437 Dei
364 1388 599 1437 adversus
632 1403 805 1437 eorum
844 1387 1172 1452 blasphemias
1211 1387 1287 1436 vel
1327 1402 1524 1437 errores
1563 1387 1716 1436 libros

0 1466 94 1514 ‚de
123 1465 327 1512 civitate
367 1463 466 1512 Dei
502 1461 720 1511 scribere
767 1463 975 1511 institui.
1054 1461 1196 1519 Quod
1236 1476 1361 1526 opus
1401 1477 1490 1526 per
1530 1461 1715 1526 aliquot
1750 1474 1804 1514 10

29 1551 183 1587 annos
223 1551 300 1584 me
340 1537 515 1602 tenuit,
555 1551 613 1584 eo
654 1535 785 1600 quod
811 1535 901 1584 alia
941 1535 1093 1585 multa
1132 1534 1548 1601 intercurrebant,
1588 1551 1713 1600 quae

29 1610 227 1660 differre
261 1625 359 1658 non
400 1616 654 1674 oporteret
693 1617 742 1658 et
782 1625 860 1658 me
899 1611 1039 1675 prius
1079 1609 1138 1658 ad
1179 1608 1467 1658 solvendum
1507 1625 1714 1674 occupa·

29 1683 158 1734 bant.
234 1683 339 1733 Hoc
372 1690 537 1732 autem
569 1686 631 1733 de
662 1686 866 1733 civitate
898 1685 995 1733 Dei
1024 1682 1205 1747 grande
1247 1698 1372 1747 opus
1411 1683 1609 1740 tandem
1647 1685 1714 1732 vi-

23 1759 151 1823 ginti
183 1756 377 1806 duobus
408 1756 547 1806 libris
580 1764 656 1806 est
686 1759 1019 1807 terminatum.
1076 1756 1299 1814 Quorum
1325 1758 1542 1821 quinque
1567 1758 1715 1821 primi

22 1846 114 1880 eos
153 1830 406 1897 refellunt,
454 1833 539 1895 qui
585 1846 666 1880 res
705 1830 943 1880 humanas
990 1832 1056 1880 ita
1096 1832 1380 1895 prosperari
1419 1829 1611 1896 volunt,
1660 1838 1715 1879 ut
1752 1843 1803 1880 15

26 1905 88 1954 ad
119 1905 212 1953 hoc
244 1904 514 1954 multorum
550 1904 758 1953 deorum
790 1904 992 1971 cultum,
1033 1919 1155 1968 quos
1187 1905 1363 1968 pagani
1395 1903 1557 1952 colere
1599 1919 1713 1953 con-

26 1984 311 2039 sueverunt,
351 1980 687 2028 necessarium
727 1993 836 2027 esse
877 1977 1203 2043 arbitrentur,
1245 1985 1294 2026 et
1333 1979 1446 2041 quia
1484 1977 1713 2042 prohibe-

24 2059 125 2118 tur,
164 2051 288 2101 mala
318 2053 412 2100 ista
444 2054 627 2100 exoriri
658 2059 804 2116 atque
839 2051 1087 2101 abundare
1122 2050 1441 2100 contendunt.
1495 2050 1713 2116 Sequen-

26 2132 104 2175 tes
151 2132 317 2174 autem
363 2127 581 2190 quinque
630 2125 865 2174 adversus
905 2141 990 2174 eos
1030 2124 1323 2191 loquuntur,
1372 2127 1457 2189 qui
1498 2125 1723 2174 fatentur

25 2198 146 2248 haec
186 2198 309 2247 mala
349 2214 440 2247 nec
481 2198 694 2248 defuisse
735 2214 970 2264 umquam
1009 2213 1101 2247 nec
1141 2194 1372 2248 defutura
1411 2198 1714 2265 mortalibUS,
1747 2208 1804 2248 20

23 2279 77 2322 et
116 2287 172 2321 ea
203 2287 336 2322 nunc
385 2288 571 2338 magna,
610 2288 741 2322 nunc
773 2288 921 2337 parva
959 2272 1080 2321 locis
1119 2271 1427 2336 temporibus
1465 2274 1712 2336 personis·

22 2361 123 2411 =que
155 2347 346 2412 variari,
388 2346 474 2395 sed
514 2346 721 2396 deorum
759 2346 1030 2395 multorum
1070 2345 1278 2411 cultum,
1320 2361 1417 2410 quo
1460 2347 1530 2394 eis
1563 2348 1712 2395 sacri-

26 2419 223 2484 ficatur,
269 2426 474 2484 propter
519 2421 668 2469 vitam
715 2427 828 2484 post
877 2427 1087 2469 mortem
1137 2420 1352 2468 futuram
1392 2434 1500 2468 esse
1541 2419 1711 2468 utilem

25 2492 293 2558 disputant.
347 2492 435 2542 His
471 2509 588 2558 ergo
622 2493 794 2543 decem
817 2492 956 2542 libris
980 2493 1105 2542 duae
1130 2494 1252 2541 istae
1278 2507 1427 2541 vanae
1454 2494 1711 2558 opiniones

26 2564 333 2615 Christianae
373 2566 600 2631 religioni
640 2567 945 2616 adversariae
986 2565 1294 2615 refelluntur.
1743 2575 1802 2613 25

20 2685 38 2706 x,
177 2639 273 2688 Sed
306 2655 367 2688 ne
401 2642 662 2704 quisquam
694 2655 784 2689 nos
817 2640 972 2690 aliena
1011 2646 1204 2689 tantum
1242 2639 1569 2705 redarguisse,
1610 2654 1708 2687 non

0 2722 17 2726 ”
92 2719 191 2761 tem
230 2720 399 2762 nostra
431 2716 701 2763 asseruisse
735 2713 1139 2779 reprehenderet,
1178 2712 1227 2762 id
1267 2715 1365 2777 agit
1402 2727 1517 2777 pars
1557 2712 1709 2761 altera

59 2787 190 2850 peris
229 2786 391 2853 huius,
432 2802 557 2851 quae
596 2787 735 2836 libris
775 2787 1035 2837 duodecim
1060 2787 1359 2851 continetur,
1399 2799 1709 2850 quamquam,

0 2852 20 2930 ζ
64 2857 113 2907 bi
144 2874 267 2923 opus
299 2867 388 2925 est,
428 2867 477 2909 et
515 2862 566 2909 in
605 2860 855 2926 prioribus
895 2860 1066 2910 decem
1107 2874 1231 2924 quae
1272 2865 1439 2908 nostra
1481 2865 1595 2908 sunt
1635 2873 1707 2907 as·

116 2957 211 2981 Avo.
235 2959 287 2982 DE
313 2958 390 2985 cxv.
415 2959 500 2985 mu.
525 2951 555 2985 Ι.
1420 2947 1441 2984 1
