2020 3122
255 124 365 176 590
943 133 981 167 S.
1011 132 1289 168 Auensnm

255 247 318 297 Et
356 255 412 298 ut
451 248 567 312 quid
608 255 741 297 esset
787 247 992 297 animale
1033 262 1214 312 corpus
1253 246 1559 299 ostenderet:
1613 249 1722 312 Sic,
1761 251 1940 319 inquit,

255 329 303 371 et
340 325 585 385 scriptum
626 328 720 372 est:
760 322 949 371 Factus
989 326 1063 370 est
1093 323 1291 383 primus
1330 323 1473 371 homo
1515 324 1564 371 in
1605 325 1825 373 animam
1863 328 1935 375 vi·

254 402 457 445 ventem.
535 395 634 445 Isto
681 396 832 460 igitur
879 395 1024 444 modo
1072 393 1225 444 voluit
1263 395 1525 444 ostendere
1566 396 1683 460 quid
1724 399 1788 446 sit
1827 413 1937 447 cor·

251 484 346 534 pus
393 469 628 537 animale,
678 471 899 534 quamvis
950 470 1196 534 scriptura
1252 484 1350 517 non
1398 468 1578 518 dixerit
1624 469 1683 519 de
1734 470 1935 522 homine

194 552 219 592 5
251 544 412 608 primo
423 582 438 610 ,
489 544 574 607 qui
621 550 697 592 est
745 542 1015 608 appellatus
1051 541 1230 608 Adam,
1277 541 1471 606 quando
1510 542 1580 591 illi
1619 545 1778 593 anima
1815 544 1934 595 ssatu

251 615 339 665 Dei
388 624 551 666 creata
602 623 699 667 est:
744 615 807 665 Et
862 617 1019 666 sactus
1067 622 1143 664 est
1189 615 1335 664 homo
1374 617 1424 664 in
1466 631 1673 681 corpore
1713 617 1935 686 animali3.

251 689 360 740 sed:
407 691 595 740 Factus
642 696 717 741 est
753 693 896 740 homo
936 693 987 739 in
1028 691 1248 738 animam
1288 691 1543 739 viventem.
1619 689 1675 738 In
1715 706 1774 740 eo
1815 707 1934 757 ergo

251 764 380 828 quod
429 766 667 829 scriptum
716 771 813 814 est:
859 765 1048 813 Factus
1096 769 1170 811 est
1200 765 1398 825 primus
1436 764 1579 812 homo
1620 766 1670 813 in
1711 767 1933 815 animam

249 841 514 899 viventem,
567 838 722 887 voluit
767 836 1018 903 apostolus
1070 835 1290 901 intellegi
1336 851 1517 901 corpus
1565 836 1777 887 hominis
1829 841 1930 888 ani-

162 922 216 961 10
248 911 386 960 male.
466 910 695 976 Spiritale
752 917 917 960 autem
971 925 1120 974 quem
1174 909 1232 958 ad
1291 910 1491 960 modum
1545 910 1933 976 intellegendum

247 991 394 1051 esset,
432 984 647 1034 ostendit
679 983 924 1034 addendo:
965 986 1269 1033 Novissimus
1299 984 1463 1033 Adam
1496 987 1548 1034 in
1587 986 1819 1048 spiritum
1858 989 1928 1036 vi·
1996 1008 1998 1010 ·

246 1056 544 1119 vifican‘tem,
583 1058 758 1123 procul
797 1057 945 1107 dubio
987 1056 1236 1107 Christum
1277 1058 1572 1124 significans,
1612 1059 1697 1123 qui
1734 1060 1831 1108 iam
1869 1075 1930 1110 ex

246 1134 454 1182 mortuis
486 1133 553 1181 ita
585 1133 874 1198 resurrexit,
913 1138 968 1180 ut
999 1133 1126 1180 mori
1166 1130 1400 1196 deinceps
1440 1133 1640 1180 omnino
1679 1147 1777 1181 non
1815 1149 1928 1199 pos-

245 1207 322 1255 sit.
399 1205 621 1271 Denique
669 1207 895 1270 sequitur
943 1212 992 1254 et
1040 1205 1180 1254 dicit:
1242 1205 1347 1254 Sed
1394 1220 1494 1255 non
1529 1208 1756 1269 primum
1795 1210 1935 1268 quod
1992 1212 2000 1223 '

157 1290 210 1328 15
242 1281 474 1342 spiritale
528 1286 620 1340 est,
667 1282 760 1329 sed
811 1281 949 1341 quod
999 1282 1240 1346 animale,
1283 1285 1460 1342 postea
1514 1281 1757 1342 spiritale.
1833 1279 1927 1330 Ubi
1992 1287 1996 1332 ζ

244 1352 397 1402 multo
438 1354 657 1418 apertius
696 1353 960 1402 declaravit
1000 1368 1051 1402 se
1092 1351 1298 1402 animale
1339 1368 1521 1418 corpus
1558 1354 1835 1403 insinuasse
1874 1357 1928 1404 in

243 1441 301 1475 eo
350 1426 479 1491 quod
530 1428 772 1491 scriptum
818 1434 894 1476 est
941 1427 1123 1475 factum
1177 1442 1285 1476 esse
1331 1427 1547 1491 primum
1585 1425 1836 1476 hominem
1873 1429 1928 1476 in

241 1501 449 1549 animam
489 1502 748 1566 viventem,
788 1499 1006 1565 spiritale
1047 1506 1212 1550 autem
1251 1501 1302 1548 in
1342 1515 1400 1548 eo
1441 1499 1572 1564 quod
1612 1502 1700 1550 ait:
1754 1502 1926 1551 Novis·
1993 1538 1999 1551 .

238 1575 391 1623 simus
422 1574 585 1623 Adam
618 1576 669 1623 in
699 1577 933 1636 spiritum
964 1576 1313 1634 vivificantem.
1374 1572 1520 1623 Prius
1552 1579 1628 1623 est
1659 1575 1791 1623 enim
1822 1577 1922 1624 ani-
1986 1620 1991 1642 ,·

151 1658 206 1697 ‘20
240 1647 363 1696 male
420 1662 600 1712 corpus
613 1687 627 1714 ,
683 1647 824 1712 quale
871 1647 1043 1696 habuit
1087 1649 1278 1712 primus
1324 1645 1496 1713 Adam,
1554 1649 1774 1712 quamvis
1825 1663 1924 1697 non
1991 1682 1998 1690 -

239 1722 558 1787 moriturum,
605 1722 699 1770 nisi
745 1727 1020 1787 peccasset3
1069 1720 1210 1786 quale
1257 1736 1389 1770 nunc
1436 1720 1673 1770 habemus
1721 1728 1769 1771 et
1816 1737 1925 1788 nOS,
1995 1763 2000 1774 ‚

237 1793 476 1844 hactenus
524 1797 631 1843 eius
680 1801 865 1844 mutata
904 1796 1169 1859 vitiataque
1209 1801 1410 1860 natura,
1451 1801 1694 1858 quatenus
1734 1796 1785 1843 in
1825 1794 1926 1862 ino,
1996 1815 2001 1830 τ

235 1875 406 1933 postea
463 1883 610 1932 quam
661 1870 907 1935 peccavit,
963 1869 1192 1918 effectum
1243 1874 1339 1934 est,
1393 1867 1523 1917 unde
1572 1867 1777 1917 haberet
1826 1870 1923 1918 iam

238 1941 479 1990 moriendi
518 1943 863 1991 necessitatem
904 1937 1024 2010 (tale
1063 1957 1154 2007 pro
1194 1941 1337 1990 nobis
1377 1943 1523 1990 etiam
1557 1940 1783 1990 Christus
1821 1944 1921 2007 pri-

150 2024 204 2064 25
238 2016 388 2064 mitus
426 2014 610 2064 habere
659 2015 887 2080 dignatus
928 2023 1025 2082 est,
1080 2031 1178 2064 non
1219 2015 1420 2080 quidem
1460 2017 1780 2076 necessitate,
1835 2016 1921 2065 sed

235 2083 528 2155 potestate);
569 2095 740 2154 postea
787 2105 903 2138 vero
945 2089 1191 2156 spiritale,
1245 2088 1386 2153 quale
1426 2090 1521 2138 iam
1561 2091 1831 2154 praecessit
1868 2091 1919 2138 in

237 2160 431 2211 Christo
479 2169 727 2227 tamquam
782 2165 832 2211 in
874 2165 1032 2227 capite
1071 2170 1263 2229 nostr0‚
1312 2169 1602 2212 secuturum
1640 2169 1716 2212 est
1754 2169 1919 2212 autem

235 2237 286 2283 in
324 2235 560 2284 membris
600 2238 707 2285 eius
746 2236 918 2285 ultima
956 2238 1325 2285 resurrectione
1365 2243 1689 2285 mortuorum.

382 2309 614 2373 Adiungit
654 2309 829 2358 deinde
871 2309 1123 2374 apostolus
1163 2310 1376 2358 duorum
1414 2312 1624 2359 istorum
1662 2309 1918 2359 hominum

147 2395 203 2434 30
239 2382 652 2431 evidentissimam
691 2382 1019 2432 differentiam
1059 2383 1253 2432 dicens:
1294 2384 1496 2432 Primus
1534 2385 1676 2432 homo
1717 2385 1780 2432 de
1818 2390 1916 2432 ter-

233 2471 296 2504 ra
336 2462 591 2517 terrenuS,
639 2459 892 2506 secundus
931 2458 1074 2506 homo
1116 2459 1178 2506 de
1216 2460 1371 2507 caela.
1457 2458 1630 2516 Qualis
1669 2463 1918 2519 terreum,

351 2555 394 2610 3)
429 2559 467 2598 1.
503 2553 602 2598 Cor.
639 2558 708 2609 15,
741 2559 796 2597 42
831 2568 953 2610 sqq.;
988 2553 1101 2598 Gen.
1135 2559 1176 2610 2,
1211 2559 1249 2598 7.

350 2691 374 2729 2
409 2687 456 2730 et
498 2686 541 2728 V
567 2689 698 2740 (592,
731 2691 802 2741 7);
835 2700 916 2730 om.
949 2700 974 2730 v
998 2687 1013 2742 ΙΙ
1038 2687 1109 2730 est
1130 2690 1238 2742 post
1269 2685 1490 2743 scriptum
1524 2699 1605 2729 om.
1639 2686 1683 2729 A
1707 2687 1723 2742 ΙΙ
1748 2690 1798 2728 11
1833 2699 1913 2728 no·
1979 2656 1990 2726 ff

229 2743 463 2788 uissimus*
485 2745 621 2788 VAF
648 2759 729 2790 sec.
764 2745 948 2798 Graec.,·
988 2745 1104 2789 Nov.
1138 2746 1295 2788 autem
1326 2758 1352 2789 v
1391 2747 1407 2801 ΙΙ
1437 2749 1495 2788 24
1525 2745 1620 2789 tale
1662 2744 1772 2798 VA‚·
1803 2758 1913 2799 qua,-
1984 2784 1988 2786 ,
2017 2766 2020 2772 <

229 2803 272 2845 le
305 2817 330 2846 v
377 2805 392 2859 ΙΙ
438 2808 492 2847 31
535 2804 592 2847 de
625 2804 755 2848 caelo
797 2804 841 2848 V
869 2817 948 2849 sec.
983 2803 1143 2848 Graec.
1177 2805 1311 2859 (598,
1350 2807 1454 2859 16);
1493 2804 1550 2847 de
1598 2803 1727 2848 caelo
1766 2803 1913 2847 caele-
1976 2851 1981 2862 ,Α
2017 2804 2020 2854 3

228 2860 311 2904 stis
342 2862 415 2906 Av

1995 2447 1998 2451 ·
1999 2338 2008 2438 ἐ..ο-ι
1996 2075 2010 2331 ..ε-...ωη-ψε-»ᾼῳί
