2020 3122
531 165 598 197 DE
623 163 862 197 οΝΙΤΑΤΕ
885 165 974 197 DEI
997 165 1041 199 L.
1066 166 1134 198 1x.
1159 168 1196 200 c.
1221 167 1274 200 23.
1647 156 1752 209 399

69 281 170 340 filii
198 279 407 327 Excelsi
435 290 616 325 omnes.
692 275 863 324 Potest
894 278 1059 340 itaque
1090 278 1308 343 intellegi
1338 279 1518 329 horum
1549 280 1755 330 deorum

76 353 213 417 deUS,
253 352 339 415 qui
369 349 531 398 dictus
564 355 640 398 est
678 351 802 398 deus
842 351 1064 415 deorum,
1104 358 1153 400 et
1192 367 1342 416 super
1380 353 1470 402 hos
1510 353 1628 402 deos
1667 369 1755 403 rex

73 440 295 491 magnuS,
336 425 421 488 qui
459 423 621 472 dietus
662 429 737 471 est
775 437 873 472 rex
910 438 1124 484 maynus
1162 440 1316 487 super
1354 441 1522 477 omnes
1562 429 1693 476 deos.

222 497 405 547 Verum
455 503 620 545 tamen
668 510 783 544 oum
829 511 855 544 a
901 496 1045 545 nobis
1092 500 1368 561 quaeritur:
1425 499 1478 549 Si
1529 499 1754 550 homines

74 573 192 622 dieti
226 578 342 620 sunt
373 570 455 636 dii,
495 570 624 635 quod
665 571 716 618 in
747 569 929 634 populo
961 569 1050 619 Dei
1082 577 1213 637 sunt,
1253 586 1398 635 quem
1430 589 1520 637 per
1555 574 1753 638 angelos
1787 584 1812 623 5

75 645 151 695 vel
189 660 279 711 per
318 645 542 693 homines
574 643 841 708 alloquitur
872 643 1025 711 DeuS,
1066 650 1248 708 quanto
1280 647 1433 709 magis
1471 647 1755 697 inmortales

74 735 131 768 eo
178 720 377 767 nomine
425 717 560 782 digni
608 724 747 783 sunt,
796 719 882 782 qui
930 732 984 766 ea
1031 718 1268 767 fruuntur
1314 717 1640 785 heatitudine,
1695 721 1754 769 ad

75 808 220 858 quam
252 792 408 841 Deum
441 791 647 841 colendo
681 793 889 856 cupiunt
935 791 1159 840 homines
1198 794 1482 857 pervenire:
1523 793 1639 857 quid
1679 809 1755 842 Γε-

75 865 427 932 spondebimus
459 867 555 914 nisi
593 881 691 914 non
735 866 919 914 frustra
950 867 1001 914 in
1034 867 1295 930 seripturis
1335 868 1516 915 sanetis
1556 882 1757 932 expres-

75 942 177 989 sius
223 939 448 989 homines
488 945 800 1004 nuncupatos
848 939 988 1005 deOS,
1036 954 1180 1004 quam
1228 939 1338 988 illos
1383 940 1668 989 inmortales
1708 947 1757 990 et
1790 950 1844 990 10

73 1013 259 1080 beatoS,
292 1013 471 1078 quibus
496 1028 587 1062 nos
613 1013 841 1077 aequales
867 1014 1062 1062 futuros
1085 1015 1137 1062 in
1160 1016 1528 1062 resurreetione
1551 1017 1756 1078 promit-

73 1089 209 1154 titur,
234 1103 295 1136 ne
320 1087 509 1136 scilicet
531 1093 736 1152 propter
758 1086 957 1136 illorum
982 1086 1320 1136 excellentiam
1345 1087 1557 1151 aliquem
1583 1103 1757 1137 eorum

73 1160 213 1210 nobis
247 1163 549 1211 constituere
582 1161 730 1210 deum
768 1160 980 1209 infidelis
1014 1160 1218 1209 auderet
1258 1158 1551 1210 infirmitas?
1614 1161 1755 1219 Quod

73 1237 124 1284 in
161 1235 362 1283 homine
402 1235 542 1284 facile
577 1240 653 1283 est
686 1236 884 1284 evitare.
945 1234 1008 1283 Et
1040 1235 1314 1283 evidentius
1347 1235 1444 1284 dici
1476 1234 1757 1284 debuerunt

71 1308 297 1358 homines
330 1308 398 1357 dii
429 1311 480 1357 in
511 1308 694 1374 populo
727 1308 831 1375 Dei,
862 1314 918 1357 ut
950 1309 1075 1356 certi
1107 1323 1162 1357 ac
1195 1308 1403 1357 fidentes
1435 1309 1612 1357 fierent
1643 1324 1755 1358 eum
1790 1316 1844 1356 15

73 1397 180 1432 esse
221 1382 379 1431 Deum
419 1397 586 1448 suum,
629 1383 713 1446 qui
752 1381 914 1431 dietus
955 1388 1030 1430 est
1071 1385 1194 1431 deus
1234 1385 1442 1431 deorum
1451 1400 1471 1439 ;
1511 1384 1624 1446 quia
1664 1384 1758 1431 etsi

73 1456 380 1521 appellentur
420 1455 487 1505 dii
524 1455 811 1504 inmortales
850 1455 920 1503 illi
960 1461 1009 1504 et
1047 1454 1199 1522 beati,
1240 1457 1324 1520 qui
1364 1457 1415 1504 in
1448 1455 1594 1504 caelis
1628 1462 1757 1522 sunt,

73 1545 171 1578 non
211 1536 375 1579 tamen
415 1529 534 1578 dicti
574 1535 690 1578 sunt
730 1529 797 1578 dii
835 1528 1063 1596 deorum,
1102 1529 1151 1578 id
1193 1536 1267 1578 est
1307 1529 1374 1578 dii
1412 1529 1666 1578 hominum
1705 1531 1758 1578 in

71 1603 252 1669 populo
292 1603 379 1652 Dei
427 1605 833 1669 constitutorum,
880 1602 1060 1668 quibus
1109 1603 1295 1652 dictum
1336 1609 1432 1652 est:
1480 1604 1588 1665 Eyo
1628 1605 1757 1664 dixi,

74 1679 148 1726 dii
183 1680 300 1727 estis
339 1684 389 1727 et
420 1681 521 1738 filii
550 1679 759 1727 Excelsz'
787 1692 968 1727 omnes
1031 1676 1158 1725 Hine
1192 1683 1267 1726 est
1300 1676 1431 1741 quod
1465 1678 1531 1725 ait
1563 1683 1755 1741 aposto·
1788 1685 1844 1725 20

72 1750 173 1800 lus:
207 1752 318 1800 Etsi
345 1758 464 1801 sunt
494 1754 583 1813 qui
614 1753 857 1801 dicuntur
890 1754 975 1812 dii,
1006 1754 1110 1801 sive
1143 1754 1194 1800 in
1221 1754 1361 1800 eaelo
1394 1753 1572 1800 sivein
1599 1755 1755 1811 terra,

73 1827 226 1874 sicuti
262 1830 379 1874 sunt
418 1827 492 1875 dii
528 1828 674 1875 multi
711 1831 760 1874 et
799 1827 990 1875 domim·
1025 1827 1194 1873 multi:
1241 1826 1382 1873 nobis
1422 1829 1587 1873 tamen
1626 1839 1757 1872 unus

74 1899 208 1948 Deus
234 1900 405 1960 Pater,
440 1914 505 1949 ex
537 1914 633 1961 quo
659 1902 826 1948 omnia
852 1904 901 1947 et
930 1913 1020 1947 nos
1052 1901 1103 1947 in
1136 1901 1255 1960 ipso,
1289 1903 1338 1947 et
1360 1913 1490 1946 unus
1515 1899 1756 1947 Dominus

76 1972 217 2021 Iesus
264 1973 513 2034 Christu3‚
549 1988 646 2035 per
685 1987 830 2034 quem
870 1974 1037 2021 omnia
1078 1978 1127 2021 et
1164 1986 1253 2021 nos
1286 1986 1384 2034 per
1423 1974 1597 2033 ipsum.

220 2045 329 2093 Non
361 2045 571 2094 multum
604 2061 720 2110 ergo
762 2046 822 2094 de
855 2047 1052 2094 nomine
1093 2044 1468 2109 disceptandum
1504 2050 1601 2110 est,
1642 2059 1756 2093 cum
1788 2052 1842 2092 25

73 2133 154 2167 res
192 2121 298 2184 ipsa
328 2120 396 2168 ita
434 2119 636 2186 clareat,
676 2126 731 2168 ut
771 2118 829 2167 ah
863 2118 1096 2183 scrupulo
1138 2117 1457 2167 dubitationis
1490 2117 1644 2166 aliena
1678 2119 1753 2166 sit.

74 2190 197 2241 Illud
230 2208 372 2258 νει-0,
414 2193 545 2257 quod
577 2208 667 2241 nos
701 2208 760 2241 ex
792 2208 966 2241 eorum
1004 2192 1338 2241 inmortalium
1377 2191 1634 2240 beatorum
1666 2206 1753 2240 nu-

74 2280 210 2314 mero
258 2268 435 2315 missos
483 2282 591 2315 esse
640 2266 837 2331 angelos
893 2266 1124 2332 dieimUS,
1180 2268 1264 2330 qui
1312 2265 1400 2313 Dei
1454 2265 1755 2313 voluntatem

74 2337 354 2388 hominihus
394 2340 765 2407 adnuntiarent,
808 2340 908 2389 illis·
944 2346 1109 2389 autem
1147 2355 1246 2388 non
1285 2339 1468 2405 placet,
1508 2340 1621 2403 quia
1659 2338 1753 2386 hoe

74 2414 403 2462 ministerium
435 2429 534 2462 non
573 2429 663 2479 per
702 2414 833 2480 illos,
874 2429 997 2478 quos
1037 2413 1155 2462 deos
1188 2413 1454 2478 appellant,
1492 2412 1540 2460 id
1574 2418 1649 2459 est
1679 2413 1751 2458 in·
1785 2418 1842 2457 30

75 2486 304 2535 mortales
338 2493 386 2536 et
424 2486 618 2554 beatOS,
659 2487 745 2536 sed
783 2503 873 2552 per
912 2488 1175 2537 daemones
1215 2487 1322 2535 fieri
1355 2485 1588 2549 eredunt,
1629 2498 1753 2547 quos

75 2559 359 2609 inmortales
397 2567 610 2627 tantum,
656 2577 756 2610 non
806 2563 953 2611 etiam
998 2561 1167 2610 beatos
1209 2559 1390 2608 audent
1436 2559 1622 2622 dicere,
1670 2563 1754 2605 aut

77 2639 210 2682 certe
243 2635 311 2682 ita
349 2635 633 2684 inmortales
668 2641 717 2684 et
754 2634 945 2701 beatOS,
983 2642 1040 2684 ut
1079 2641 1241 2683 tamen
1282 2633 1544 2681 daemones
1583 2629 1753 2694 bonos,

195 2761 236 2815 1)
268 2760 341 2807 ΡΒ.
374 2765 445 2815 81,
478 2767 518 2806 6.
581 2735 656 2817 24)
691 2767 729 2806 1.
764 2761 866 2807 Cor.
900 2767 940 2816 8,
973 2765 999 2805 5
1033 2776 1098 2816 sq.

190 2897 245 2935 33
278 2897 318 2936 et
351 2899 376 2936 5
401 2907 510 2949 pay.
544 2904 623 2949 sq?
641 2907 695 2937 ae
729 2908 752 2938 v
