2020 3122
199 116 304 169 152
868 126 902 160 s.
926 124 1200 160 Auens'mu

194 256 284 306 per
323 243 486 306 ipsum
518 241 780 305 imperium
821 234 1067 307 (quamvis
1093 237 1447 287 decedentibus
1473 237 1885 288 succedentibus-

196 330 290 379 que
325 313 613 363 mortalibus
651 315 704 362 in
735 313 878 378 longa
909 314 1064 378 spatia
1102 306 1453 376 protendatur)
1492 312 1662 376 paucis
1701 311 1888 362 diebus

193 390 321 437 vitae
363 403 478 436 suae
519 389 706 436 cursim
743 388 1020 452 raptimque
1059 387 1386 451 transierunt,
1433 390 1633 434 actuum
1672 399 1883 435 suorum

196 463 413 510 sarcinas
451 460 738 510 baiulantes.
817 460 903 509 Sin
950 474 1066 508 vero
1107 460 1253 507 etiam
1291 460 1398 523 ipsa
1436 457 1715 507 brevissimi
1753 465 1876 508 tem·

137 546 162 584 5
194 537 330 600 poris
368 534 607 583 beneficia
646 534 853 583 deorum
893 533 1134 582 adiutorio
1173 531 1435 581 tribuenda
1476 538 1614 598 sunt,
1653 547 1752 581 non
1790 547 1874 597 pa-

195 624 306 658 rum
354 608 530 657 adiuti'
554 614 670 657 sunt
719 607 789 656 illi
835 607 1126 672 gladiatores
1135 645 1150 671 ,
1197 607 1283 670 qui
1330 605 1519 655 servilis
1571 605 1880 655 condicionis

195 681 353 731 vincla
393 687 658 747 ruperunt,
705 679 960 745 fugerunt,
1008 686 1294 746 evaserunt,
1334 680 1609 729 exercitum
1647 694 1881 744 magnum

197 763 246 805 et
300 756 624 804 fortissimum
679 754 1012 819 collegerunt,
1067 751 1387 802 oboedientes
1442 768 1618 818 regum
1672 768 1879 803 suorum

197 828 414 878 consiliis
461 834 511 877 et
555 830 702 877 iussis
748 827 957 877 multum
1003 826 1250 875 Romanae
1297 826 1577 876 celsitudini
1625 827 1878 876 metuendi

110 914 164 953 10
197 911 247 952 et
285 902 470 966 aliquot
507 901 740 951 Romanis
786 899 1168 966 imperatoribus
1207 900 1567 965 insuperabiles
1607 900 1759 950 multa
1799 915 1884 950 ce·-

194 982 392 1041 perum,
429 976 572 1039 potiti
605 981 720 1024 sunt
750 976 969 1023 victoriis
1000 974 1242 1039 plurimiS,
1280 975 1359 1022 usi
1398 973 1729 1039 voluptatibus
1769 975 1874 1038 qui·

195 1049 289 1098 bus
342 1048 626 1114 voluerunt,
675 1048 805 1113 quod
845 1049 1092 1112 suggessit
1130 1046 1281 1096 libido
1337 1047 1588 1114 fecerunt,
1626 1053 1887 1113 postremo

197 1123 352 1171 donec
391 1124 730 1188 vincerentur,
778 1121 910 1186 quod
950 1120 1234 1170 difficillime
1274 1121 1459 1171 sactum
1498 1127 1596 1187 est,
1644 1120 1887 1171 sublimes

196 1202 558 1261 regnantesque
598 1197 841 1245 vixerunt.
921 1195 1018 1244 Sed
1059 1195 1117 1243 ad
1157 1196 1342 1244 maiora
1380 1196 1647 1244 veniamus,

112 1384 164 1423 15
878 1367 1076 1422 CAPUT
1110 1368 1204 1421 VI.

199 1477 275 1525 De
314 1477 591 1538 cupiditate
630 1476 752 1524 Nim·
789 1478 939 1536 reqiS,
979 1477 1069 1536 qui
1103 1481 1160 1524 ut
1198 1478 1350 1524 latius
1390 1477 1740 1525 dominaretur
1770 1477 1886 1538 pri·

663 1563 771 1598 mus
811 1551 979 1598 intulit
1017 1550 1146 1598 bella
1180 1551 1422 1608 finitimis,

346 1651 579 1718 Iustinus7
619 1653 704 1716 qui
737 1651 970 1700 Graecam
1011 1651 1086 1699 vel
1123 1653 1289 1716 potius
1328 1653 1641 1716 peregrinam
1665 1651 1889 1716 Trogum

199 1725 492 1790 Pompeium
539 1731 739 1775 secutus
787 1740 887 1773 non
925 1724 1095 1773 Latine
1141 1731 1354 1791 tantum,
1402 1727 1530 1774 sicut
1568 1725 1671 1790 ille,
1711 1740 1887 1774 verum

111 1809 167 1850 20
200 1801 343 1848 etiam
391 1797 610 1848 breviter
657 1799 857 1863 scripsit
901 1798 1179 1864 historiam,
1225 1814 1350 1863 opus
1397 1798 1636 1848 librorum
1678 1813 1884 1848 suorum

201 1875 271 1922 sic
319 1874 512 1937 incipit:
566 1872 848 1939 „Principio
896 1887 1065 1921 rerum
1120 1874 1341 1936 gentium
1386 1874 1739 1936 nationumque
1794 1874 1887 1922 im·

199 1948 394 2011 perium
440 1961 593 2010 penes
633 1961 775 2011 reges
816 1952 946 2012 erat,
998 1960 1123 2010 quos
1163 1945 1221 1994 ad
1261 1946 1510 2011 fastigium
1548 1945 1697 1995 huius
1737 1947 1884 1995 maie-

202 2021 341 2068 statis
395 2034 494 2066 non
549 2019 746 2068 ambitio
800 2019 1075 2086 popularis7
1130 2019 1215 2068 sed
1271 2027 1489 2084 spectata
1542 2021 1674 2068 inter
1726 2018 1888 2069 bonos

203 2092 475 2141 moderatio
523 2092 836 2156 provehebat.
927 2092 1103 2157 Populi
1149 2093 1296 2142 nullis
1342 2093 1532 2158 legibus
1586 2092 1892 2142 tenebantur

112 2175 167 2215 25
200 2165 438 2230 <arbitria
491 2167 771 2230 principum
811 2181 902 2230 pro
955 2165 1146 2230 legibus
1202 2163 1389 2230 erant>
1480 2166 1627 2215 Fines
1688 2167 1885 2230 imperii

200 2241 331 2288 tueri
376 2241 529 2303 magis
576 2254 722 2302 quam
767 2239 993 2303 proferre
1041 2254 1147 2288 mos
1187 2247 1316 2305 erat,
1354 2242 1485 2289 intra
1525 2255 1663 2289 suam
1703 2241 1888 2304 cuique

199 2314 406 2377 patriam
460 2327 610 2376 regna
664 2312 975 2362 finiebantur.
1059 2313 1256 2362 Primus
1310 2315 1530 2362 omnium
1583 2312 1741 2361 Ninus
1795 2328 1884 2362 rex

199 2387 515 2450 Assyriorum
545 2392 763 2435 veterem
796 2392 845 2434 et
877 2387 1016 2449 quasi
1049 2388 1231 2436 avitum
1264 2386 1492 2451 gentibus
1532 2401 1721 2435 morem
1760 2401 1885 2435 nova

199 2460 395 2523 imperii
435 2458 702 2523 cupiditate
753 2460 971 2508 mutavit.
1049 2459 1139 2508 Hic
1178 2461 1369 2524 primus
1407 2459 1574 2509 intulit
1611 2459 1737 2508 bella
1777 2460 1887 2508 fini—

111 2543 167 2583 30
200 2534 332 2582 timis
366 2538 415 2582 et
446 2532 596 2581 rudes
629 2532 787 2582 adhuc
828 2532 886 2580 ad
925 2533 1260 2582 resistendum
1298 2533 1507 2605 populos
1547 2533 1607 2581 ad
1645 2535 1888 2582 terminos

199 2621 358 2670 usque
390 2604 569 2670 Libyae
607 2606 903 2671 perdomuit
907 2600 935 2627 “
1009 2605 1071 2655 Et
1109 2606 1254 2670 paulo
1293 2613 1428 2671 post:
1465 2606 1670 2673 „Ninus,
1708 2607 1891 2691 inquit

200 2679 588 2743 magnitudinem
630 2682 878 2744 quaesitae
913 2679 1259 2728 dominationis
1299 2682 1531 2729 continua
1570 2681 1885 2744 possessione

319 2855 374 2897 25
406 2850 600 2896 arbitria
632 2878 686 2883 —
721 2853 852 2895 erant
883 2864 966 2896 om.
998 2865 1087 2896 mss
