2020 3122
264 148 371 201 436
935 156 970 190 s.
994 155 1271 190 AUGUSTINI

266 288 412 338 num,
457 271 706 319 hominem
753 267 1003 317 Christum
1050 268 1237 334 Iesum,
1283 283 1373 332 per
1423 282 1573 331 quem
1611 267 1738 317 facta
1775 281 1946 332 pecca-

269 353 434 395 torum
465 344 756 409 purgatione
789 341 1168 391 reconciliamur
1199 341 1314 390 Deo,
1390 340 1500 389 Non
1532 342 1664 390 enim
1702 342 1798 390 nisi
1836 356 1949 406 pec-

267 421 387 468 catis
427 418 651 466 homines
691 422 983 480 separantur
1022 431 1048 464 a
1087 415 1203 482 Deo,
1244 428 1456 479 quorum
1494 415 1546 463 in
1584 413 1677 464 hac
1713 416 1812 464 vita
1850 429 1950 464 non

269 493 322 540 fit
376 495 544 540 nostra
589 492 798 555 virtute,
853 489 939 538 sed
991 489 1153 538 divina
1202 488 1516 537 miseratione
1555 489 1809 554 purgati0‚
1860 503 1950 552 per

213 575 239 615 5
272 565 626 630 indulgentiam
676 562 833 629 illius,
883 577 984 611 non
1022 577 1112 626 per
1151 567 1372 610 nostram
1409 562 1702 628 potentiam3
1749 562 1863 626 quia
1902 568 1951 612 et

270 640 376 704 ipsa
432 637 878 702 quantulacumque
932 637 1115 701 virtus,
1170 649 1294 698 quae
1343 634 1525 684 dicitur
1571 641 1767 701 nostra,
1819 634 1951 684 illius

270 718 347 762 est
386 711 527 761 nobis
567 711 782 760 bonitate
816 724 1065 758 concessa.
1140 707 1349 758 Multum
1387 714 1552 757 autem
1591 707 1734 758 nobis
1771 710 1823 758 in
1861 708 1952 758 hac

272 801 418 835 carne
465 784 820 849 tribueremu5‚
870 783 966 831 nisi
1011 796 1170 846 usque
1217 781 1277 831 ad
1317 784 1423 831 eius
1463 782 1821 847 depositionem
1861 781 1952 832 sub

271 861 412 908 venia
458 861 748 908 viveremus,
823 855 1095 920 Propterea
1146 870 1263 920 ergo
1310 855 1452 904 nobis
1498 871 1588 921 per
1633 855 1954 906 Mediatorem

187 943 241 984 10
274 934 509 998 praestita
559 938 636 980 est
679 931 856 995 gratia,
900 935 957 978 ut
1004 928 1180 994 polluti
1225 944 1371 978 carne
1411 931 1601 994 peccati
1639 931 1803 979 carnis
1840 945 1953 994 pec-

271 1007 367 1055 cati
421 1004 740 1054 similitudine
795 1003 1163 1052 mundaremur.
1239 1002 1341 1052 Hac
1391 1002 1480 1052 Dei
1529 1005 1715 1070 gratia,
1762 1018 1857 1068 qua
1903 1005 1955 1052 in

270 1094 359 1128 nos
401 1078 616 1128 ostendit
655 1091 879 1142 magnam
918 1077 1309 1126 misericordiam
1349 1091 1510 1143 suam,
1551 1083 1600 1126 et
1638 1079 1690 1126 in
1727 1076 1818 1126 hac
1859 1078 1956 1126 vita

267 1167 357 1218 per
404 1152 550 1201 fidem
597 1153 837 1216 regimur,
893 1157 942 1200 et
988 1156 1101 1216 post
1145 1150 1271 1199 hanc
1318 1152 1467 1199 vitam
1513 1166 1602 1216 per
1650 1153 1806 1216 ipsam
1845 1165 1952 1216 spe-

270 1228 397 1275 ciem
451 1224 866 1275 incommutabilis
930 1226 1149 1274 veritatis
1204 1223 1263 1274 ad
1316 1224 1673 1289 perfectionem
1728 1224 1952 1289 plenissi-

183 1309 236 1350 15
270 1313 398 1349 mam
436 1299 780 1364 perducemur.

897 1528 1094 1584 CAPUT
1125 1529 1328 1583 XXIII.

272 1654 347 1704 De
385 1655 679 1716 principii&
729 1656 780 1703 in
833 1654 1012 1714 quibus
1054 1653 1309 1702 Platonici
1348 1654 1706 1715 purqationem
1755 1653 1958 1701 animae

876 1742 982 1776 esse
1014 1728 1337 1789 profitentur.

422 1843 550 1893 Dicit
582 1846 727 1893 etiam
758 1844 1063 1909 Porphyrius
1095 1843 1270 1892 divinis
1310 1842 1522 1891 oraculis
1562 1844 1714 1891 fuisse
1754 1857 1956 1906 respon-

186 1928 240 1967 20
277 1932 387 1967 sum
436 1932 526 1966 nos
579 1933 678 1966 non
726 1919 929 1982 purgari
974 1917 1117 1966 lunae
1166 1916 1328 1965 teletis
1375 1922 1522 1980 atque
1564 1915 1701 1981 soliS,
1750 1923 1810 1964 ut-
1843 1916 1957 1964 hinc

276 1991 622 2040 ostenderetur
654 1991 903 2040 nullorum
935 1991 1141 2040 deorum
1172 1989 1333 2039 teletis
1365 1989 1615 2038 hominem
1653 2004 1799 2054 posse
1843 2003 1958 2054 pur-

277 2065 394 2128 gari.
472 2063 625 2113 Cuius
665 2066 796 2113 enim
834 2064 1010 2114 teletae
1051 2070 1285 2129 purgant,
1338 2065 1379 2112 si
1418 2063 1562 2112 lunae
1604 2062 1819 2126 solisque
1859 2077 1960 2111 non

280 2144 514 2202 purgant,
569 2153 693 2201 quos
748 2140 877 2186 inter
933 2138 1169 2187 caelestes
1224 2137 1343 2186 deos
1396 2138 1690 2201 praecipuos
1744 2132 1960 2185 hahent?

275 2210 495 2273 Denique
545 2210 718 2260 eodem
763 2211 883 2260 dicit
945 2211 1143 2260 oraculo
1193 2225 1483 2275 expressum
1528 2211 1770 2275 principia
1815 2223 1960 2274 posse

189 2293 243 2334 25
276 2298 518 2349 purgare,
557 2299 618 2332 ne
660 2284 810 2349 forte,
851 2299 962 2333 cum
1003 2285 1190 2334 dictum
1230 2291 1361 2334 esset
1399 2299 1499 2333 non
1537 2298 1750 2348 purgare
1789 2283 1962 2332 teletas

281 2357 398 2406 solis
454 2363 503 2405 et
555 2357 725 2422 lunae,
779 2357 985 2406 alicuius
1041 2358 1243 2407 alterius
1291 2358 1371 2407 dei
1418 2357 1477 2406 de
1518 2356 1663 2406 turba
1701 2356 1862 2405 valere
1901 2354 1962 2404 ad

279 2430 589 2495 purgandum
636 2430 812 2479 teletae
867 2430 1210 2480 crederentur.
1283 2431 1417 2488 Quae
1465 2437 1628 2480 autem
1676 2430 1805 2480 dicat
1853 2444 1960 2479 esse

279 2506 521 2568 principia
553 2511 802 2568 tamquam
826 2503 1126 2571 PlatonicuS‚
1165 2506 1403 2553 novimus
1482 2503 1610 2553 Dicit
1649 2505 1778 2552 enim
1803 2503 1960 2553 Deum

280 2577 476 2627 Patrem
517 2583 566 2626 et
605 2577 761 2626 Deum
799 2576 1002 2643 Filium,
1041 2593 1188 2641 quem
1228 2577 1411 2627 Graece
1453 2576 1663 2641 appellat
1701 2582 1964 2641 paternum

194 2662 250 2702 30
281 2651 587 2700 intellectum
627 2651 701 2700 vel
739 2657 995 2715 paternam
1033 2658 1271 2715 mentem3
1320 2651 1380 2699 de
1422 2650 1610 2715 Spiritu
1650 2657 1815 2699 autem
1854 2665 1971 2702 san-2,

281 2731 359 2773 cto
399 2731 482 2774 aut
524 2724 646 2774 nihil
686 2731 768 2773 aut
808 2739 905 2773 non
945 2731 1113 2788 aperte
1153 2724 1335 2788 aliquid
1375 2723 1514 2789 dicit3
1557 2725 1776 2788 quamvis
1815 2737 1963 2787 quem

280 2798 429 2847 alium
467 2798 598 2847 dicat
635 2798 813 2847 horum
852 2797 1089 2863 medium,
1141 2813 1240 2846 non
1279 2797 1524 2862 intellego
1604 2797 1655 2845 Si
1695 2799 1825 2846 enim
1864 2803 1961 2845 ter·

280 2873 420 2937 tiam,
460 2873 588 2921 sicut
627 2871 871 2938 Plotium,
919 2870 1005 2920 ubi
1044 2871 1103 2920 de
1144 2870 1303 2920 tribus
1343 2870 1696 2936 principalibus
1737 2869 1960 2919 substan-
