2020 3122
227 158 334 211 228
896 164 931 198 S.
957 164 1235 199 Aueuszmu

226 281 346 331 illud
386 279 647 344 imperium
686 284 785 327 tam
822 277 975 327 latum
1021 284 1219 340 tamque
1259 275 1550 323 diuturnum
1588 275 1909 339 virorumque

228 362 477 405 tantorum
522 350 787 401 virtutibus
831 349 1142 416 praeclarum
1195 355 1342 412 atque
1389 347 1661 411 gloriosum
1707 353 1756 396 et
1802 348 1911 397 illo-

227 443 338 477 rum
383 427 645 476 intentioni
690 439 882 474 merces
932 438 1078 488 quam
1126 420 1429 487 quaerebant
1476 427 1551 470 est
1597 420 1812 488 reddita,
1860 428 1911 471 et

228 501 369 550 nobis
407 501 661 571 proposita
698 500 1005 547 necessariae
1046 495 1441 545 commonitionis
1482 493 1718 562 exempla,
1755 501 1827 562 ut,
1867 497 1908 544 si

171 586 195 624 5
228 576 462 639 virtuteS,
517 587 726 638 quarum
771 573 893 621 istae
932 577 1201 633 utcumque
1249 574 1365 617 sunt
1412 567 1619 635 simileS,
1666 583 1788 633 quas
1827 570 1912 618 isti

227 663 317 713 pro
358 649 568 696 civitatis
605 653 832 695 terrenae
873 644 1026 709 gloria
1065 648 1356 708 tenuerunt,
1403 656 1494 706 pro
1533 641 1624 691 Dei
1661 641 1913 707 gloriosis-

230 724 350 771 sima
375 722 568 770 civitate
593 734 692 768 non
715 720 1037 783 tenuerimus,
1067 715 1256 781 pudore
1280 730 1580 782 pungamur3
1620 717 1663 765 si
1693 717 1912 766 tenueri-

228 810 355 861 mus,
394 793 623 859 superbia
669 808 767 841 non
807 790 1119 855 extollamur,
1168 790 1423 856 quoniam,
1469 791 1598 839 sicut
1636 789 1756 839 dicit
1795 804 1910 855 apo-

231 868 399 933 stoluS,
438 870 679 928 ina’iffliae
700 871 819 915 sunt
833 867 1097 927 passiones
1127 864 1279 912 huius
1311 866 1548 926 temporis
1580 865 1652 913 ad
1675 862 1910 925 futuram

144 953 198 992 10
226 945 468 1004 qloriam,
515 955 646 1002 quae
691 939 1001 988 revelabitur
1049 940 1100 986 in
1147 938 1302 986 nobis.
1379 936 1453 985 Ad
1490 936 1756 987 humanam
1793 952 1911 986 vero

230 1015 431 1079 gloriam
480 1013 854 1078 praesentisque
901 1012 1140 1075 temporis
1188 1011 1307 1060 satis
1348 1010 1494 1075 digna
1546 1012 1644 1060 vita
1683 1011 1913 1060 aestima·
1963 1045 1968 1049 -

229 1088 372 1136 batur
409 1086 618 1134 illorum.
695 1084 833 1134 Unde
885 1086 1032 1134 etiam
1070 1083 1260 1151 Iudaei,
1307 1086 1393 1149 qui
1433 1083 1684 1134 Christum
1723 1084 1914 1134 occide-

229 1168 368 1226 runt,
415 1159 663 1209 revelante
709 1165 1004 1208 testamento
1051 1173 1178 1207 novo
1227 1157 1359 1223 quod
1405 1160 1457 1207 in
1495 1164 1662 1208 vetere
1701 1157 1916 1208 velatum

233 1235 339 1300 suit,
378 1240 433 1282 ut
472 1247 571 1282 non
608 1247 700 1297 pro
740 1234 953 1282 terrenis
994 1238 1044 1281 et
1080 1230 1436 1297 temporalibus
1474 1231 1750 1299 beneficiiS,
1791 1247 1916 1297 quae

147 1319 200 1357 15
236 1308 396 1356 divina
433 1306 738 1372 providentia
783 1307 1026 1371 permixte
1071 1305 1216 1355 bonis
1255 1305 1494 1370 malisque
1535 1305 1783 1371 concedit,
1830 1305 1918 1354 sed

231 1396 320 1446 pro
346 1387 544 1429 aeterna
566 1381 663 1428 vita
686 1378 1078 1444 muneribusque
1109 1381 1364 1446 perpetuis
1397 1387 1446 1429 et
1475 1381 1632 1444 ipsius
1671 1394 1916 1445 supernae

233 1455 440 1503 civitatis
488 1454 718 1503 societate
766 1452 955 1503 colatur
994 1452 1126 1503 Deus
1173 1469 1302 1503 unus
1343 1460 1392 1503 et
1429 1468 1601 1520 veruS,
1640 1454 1916 1503 rectissime

233 1529 440 1577 istorum
487 1527 667 1591 gloriae
716 1526 884 1576 donati
930 1534 1069 1593 sunt,
1116 1534 1172 1576 ut
1217 1526 1291 1593 hi,
1346 1529 1432 1592 qui
1472 1526 1914 1592 qualibuscumque

231 1600 493 1650 virtutibus
539 1607 787 1650 terrenam
834 1600 1038 1665 gloriam
1085 1602 1406 1666 quaesierunt
1443 1607 1493 1650 et
1532 1601 1918 1667 adquisiverant,

145 1685 200 1724 ‘20
231 1677 484 1723 vincerent
522 1689 630 1740 eOS,
678 1676 765 1739 qui
802 1676 992 1738 magnis
1030 1675 1162 1724 vitiis
1201 1674 1422 1724 datorem
1461 1690 1605 1724 verae
1644 1674 1825 1740 gloriae
1867 1682 1920 1724 et

233 1750 440 1798 civitatis
473 1755 699 1798 aeternae
740 1748 1031 1798 occiderunt
1071 1755 1217 1813 atque
1257 1756 1575 1814 respuerunt,

882 1905 1079 1960 CAPUT
1112 1906 1257 1959 XIX.

301 1998 405 2056 Quo
446 2000 577 2046 inter
615 2013 668 2047 se
707 2000 953 2059 differant
991 2001 1244 2061 cupiditas
1279 2001 1482 2060 qloriae
1521 2005 1570 2048 et
1607 2001 1862 2062 cupiditas

889 2075 1254 2122 dominationis

147 2182 204 2220 25
388 2171 600 2222 Interest
650 2189 766 2222 sane
811 2176 941 2223 inter
989 2175 1306 2240 cupiditatem
1351 2175 1591 2224 humanae
1639 2174 1819 2240 gloriae
1868 2182 1922 2226 et

238 2245 556 2310 cupiditatem
596 2246 953 2296 dominationis,
1029 2248 1150 2297 Nam
1189 2249 1304 2298 licet
1341 2248 1558 2314 proclive
1598 2250 1683 2315 sit,
1723 2255 1791 2316 ut,
1832 2251 1918 2314 qui

236 2318 446 2367 humana
470 2318 621 2383 gloria
646 2321 851 2368 nimium
892 2320 1178 2387 delectatur,
1219 2324 1364 2372 etiam
1404 2322 1645 2372 dominari
1683 2321 1916 2372 ardenter

237 2393 451 2458 affectet,
499 2398 660 2441 tamen
711 2395 795 2457 qui
841 2409 1005 2443 veram
1051 2395 1166 2444 licet
1210 2396 1536 2446 humanarum
1574 2394 1774 2445 laudum
1814 2395 1914 2461 glo-

237 2467 359 2514 riam
414 2467 797 2532 concupiscunt,
851 2466 968 2516 dant.
1018 2484 1216 2534 operam
1262 2469 1390 2519 hene
1434 2468 1768 2518 iudicantibus
1815 2484 1914 2518 non

148 2549 204 2588 30
237 2538 510 2603 displicere.
589 2538 715 2588 Sunt
747 2541 879 2588 enim
910 2541 1061 2590 multa
1099 2543 1149 2591 in
1190 2542 1412 2592 moribus
1449 2542 1592 2608 bona,
1631 2542 1691 2591 de
1732 2542 1914 2607 quibus

234 2612 375 2661 multi
424 2612 550 2661 bene
610 2612 851 2679 iudicant,
917 2617 1135 2678 quamvis
1198 2632 1254 2665 ea
1315 2615 1458 2665 multi
1519 2631 1617 2664 non
1678 2615 1916 2682 habeant3

235 2701 325 2749 per
366 2700 420 2734 ea
459 2685 585 2734 bona
617 2701 811 2735 morum
843 2688 1068 2737 nituntur
1108 2689 1164 2737 ad
1206 2690 1408 2754 gloriam
1449 2697 1497 2738 et
1535 2691 1798 2754 imperium
1837 2688 1914 2738 vel

238 2759 633 2825 dominationem,
672 2760 731 2808 de
764 2759 943 2823 quihus
977 2763 1042 2810 ait
1076 2761 1358 2813 Sallustius:
1396 2763 1526 2830 „Sed
1565 2762 1646 2811 ille
1685 2777 1799 2812 vera
1837 2763 1914 2811 via

357 2887 427 2941 10)
460 2885 592 2931 Rom.
626 2890 666 2942 8,
702 2892 770 2932 18.
