2020 3122
222 148 330 201 218
894 158 928 193 Β.
951 159 1228 195 Anous'rm

226 281 275 323 et
305 273 486 339 gloriae
519 287 619 322 non
652 272 851 337 quidem
887 275 985 323 iam
1023 275 1195 339 sancti,
1234 272 1322 322 sed
1359 275 1523 322 minus
1562 279 1735 338 turpes
1774 282 1905 325 sunt.

224 346 385 396 Etiam
411 346 600 396 Tullius
631 346 746 396 hinc
779 346 1086 397 dissimulare
1120 362 1219 396 non
1249 348 1411 412 potuit
1449 348 1501 396 in
1541 346 1727 397 eisdem
1765 346 1904 398 libris

226 436 350 485 quos
397 420 458 469 de
507 435 562 469 re
610 419 808 486 publica
846 422 1070 487 scripsit,
1118 420 1205 470 ubi
1242 420 1461 484 loquitur
1501 420 1562 468 de
1600 421 1903 471 instituendo

223 495 447 559 principe
479 495 704 561 civitatiS,
743 509 891 559 quem
922 494 1041 543 dicit
1079 493 1307 543 alendum
1346 509 1454 543 esse
1496 493 1663 559 gloria,
1703 501 1752 544 et
1790 510 1904 544 con·

167 575 192 614 5
226 574 529 633 sequenter
549 575 901 617 commemorat
949 569 1161 617 maiores
1215 582 1332 617 suos
1383 566 1535 616 multa
1584 569 1708 616 mira
1759 575 1906 633 atque

224 640 476 706 praeclara
507 640 689 705 gloriae
720 641 988 706 cupiditate
1028 642 1220 691 fecisse
1296 640 1422 690 Huic
1461 642 1613 705 igitur
1651 642 1768 690 vitio
1807 657 1906 691 non

227 714 386 764 solum
423 729 524 763 non
555 714 866 780 resistebant,
904 730 1078 764 verum
1118 716 1264 764 etiam
1301 714 1351 763 id
1391 714 1704 764 excitandum
1743 722 1792 764 et
1829 730 1906 764 ac-

227 787 536 837 cendendum
588 803 696 837 esse
751 788 1039 854 censebant,
1090 794 1321 853 putantes
1367 787 1462 836 hoc
1508 787 1628 836 utile
1676 803 1786 837 esse
1831 790 1906 838 rei

225 860 463 926 publicae.
542 861 847 926 Quamquam
879 876 971 910 nec
1002 863 1054 910 in
1091 863 1212 926 ipsis
1243 860 1580 925 philosophiae
1619 861 1759 910 libris
1792 861 1908 911 Tul-

140 934 320 983 lolius
369 934 428 983 ab
477 934 569 983 hac
614 941 754 998 peste
802 934 1099 1000 dissimulet,
1145 933 1232 983 ubi
1279 948 1387 982 eam
1424 934 1534 983 luce
1575 934 1755 984 clarius
1795 950 1910 984 con·

227 1009 409 1057 fitetur.
487 1006 610 1056 Cum
665 1009 796 1057 enim
851 1007 911 1056 de
967 1007 1144 1057 studiis
1197 1006 1378 1056 talibus
1424 1007 1738 1075 loqueretur,
1785 1023 1910 1074 quae

227 1083 399 1145 utique
421 1080 655 1129 ‘sectanda
679 1087 796 1130 sunt
834 1081 930 1130 fine
969 1082 1074 1130 veri
1112 1081 1244 1146 boni,
1283 1096 1383 1130 non
1421 1083 1713 1131 ventositate
1752 1082 1910 1132 laudis

226 1154 492 1220 humanae,
537 1153 663 1203 hanc
708 1154 875 1204 intulit
920 1155 1248 1204 universalem
1294 1155 1674 1220 generalemque
1714 1162 1910 1205 senten-

228 1229 367 1277 tiam:
406 1226 603 1294 „Honos
644 1227 728 1278 alit
766 1234 919 1295 arteS,
959 1243 1229 1293 omnesque
1269 1228 1608 1279 accenduntur
1648 1229 1707 1278 ad
1747 1229 1909 1279 studia

144 1309 198 1350 15
237 1301 390 1366 gloria
427 1302 697 1398 ‘iacentque
747 1317 803 1351 ea
849 1317 1067 1369 semper,
1115 1317 1239 1366 quae
1286 1303 1415 1368 apud
1464 1317 1686 1367 quosque
1733 1303 1912 1368 impro-

228 1374 424 1426 bantur.

881 1532 1078 1587 CAPUT
1110 1533 1255 1588 XIV.

229 1641 306 1691 De
345 1643 623 1692 resecando
665 1656 837 1691 amore
875 1642 1043 1690 laudis
1080 1642 1354 1701 humanae,
1394 1643 1631 1702 quoniam
1671 1642 1915 1693 iustorum

710 1717 881 1778 ,qlorz'a
919 1717 1077 1764 omnis
1117 1717 1169 1764 in
1209 1715 1315 1764 Deo
1354 1717 1430 1764 sit.

144 1825 199 1866 20
378 1817 505 1868 Huic
551 1820 703 1883 igitur
755 1817 1012 1883 cupiditati
1057 1816 1234 1866 melius
1281 1818 1531 1867 resistitur
1578 1819 1685 1867 sine
1725 1817 1914 1868 dubita-

231 1893 365 1940 tione
415 1906 562 1956 quam
610 1891 816 1941 ceditur.
893 1890 1050 1939 Tanto
1097 1892 1230 1939 enim
1276 1892 1486 1955 quisque
1526 1898 1603 1940 est
1640 1891 1741 1940 Deo
1782 1894 1913 1941 simi-

231 1964 346 2031 lior,
400 1971 582 2030 quanto
638 1971 714 2014 est
768 1964 826 2013 ab
879 1963 972 2013 hac
1018 1964 1311 2013 inmunditia
1357 1964 1601 2015 mundior.
1680 1963 1814 2022 Quae
1861 1967 1914 2016 in

230 2037 323 2086 hac
347 2040 445 2086 vita
469 2040 564 2087 etsi
593 2053 694 2086 non
733 2037 956 2087 funditus
997 2037 1274 2087 eradicatur
1314 2052 1373 2086 ex
1413 2038 1576 2103 corde,
1616 2039 1731 2102 quia
1769 2040 1915 2088 etiam

232 2109 359 2159 bene
413 2111 730 2175 proficientes
793 2112 981 2160 animos
1041 2117 1284 2176 temptare
1345 2126 1445 2160 non
1500 2119 1680 2161 cessat:
1742 2112 1916 2162 saltem

144 2190 200 2230 25
234 2183 476 2248 cupiditas
515 2183 698 2248 gloriae
739 2190 1004 2249 superetur
1042 2183 1303 2234 dilectione
1343 2186 1582 2252 iustitiae,
1627 2191 1705 2250 ut,
1752 2187 1794 2234 si
1832 2185 1917 2234 ali·

235 2256 349 2306 cubi
388 2259 550 2307 iacent
589 2272 712 2320 quae
753 2257 883 2322 apud
923 2272 1146 2322 quosque
1184 2257 1552 2324 improbantur,
1597 2259 1641 2306 si
1678 2257 1826 2325 bona,
1874 2261 1917 2308 si

233 2337 370 2380 recta
410 2337 547 2396 sunt,
586 2331 732 2379 etiam
770 2332 876 2395 ipse
916 2344 1053 2378 amor
1092 2330 1332 2379 humanae
1371 2330 1529 2380 laudis
1569 2330 1828 2381 erubeseat
1867 2339 1918 2381 et

236 2403 377 2454 cedat
401 2405 555 2452 amori
579 2405 812 2452 veritatis,
889 2402 1008 2452 Tam
1033 2405 1165 2452 enim
1205 2410 1280 2453 est
1317 2403 1412 2453 hoc
1450 2405 1623 2453 vitium
1661 2405 1916 2455 inimicum

234 2478 342 2542 piae
390 2476 526 2544 fidei,
572 2478 614 2525 si
661 2478 815 2525 maior
859 2477 913 2525 in
960 2475 1108 2526 corde
1156 2478 1221 2526 sit
1267 2477 1508 2542 cupiditas
1547 2476 1729 2542 gloriae
1769 2493 1916 2542 quam

147 2559 203 2598 30
235 2550 324 2600 Dei
364 2552 512 2600 timor
551 2549 627 2599 vel
666 2564 817 2615 amor,
856 2556 912 2600 ut
942 2548 1181 2599 Dominus
1221 2549 1430 2600 diceret:
1478 2551 1585 2610 Quo
1624 2553 1768 2601 modo
1803 2558 1911 2614 pot—

353 2692 398 2748 3)
431 2691 530 2737 Lib.
565 2696 604 2737 5.
670 2692 741 2747 16)
775 2690 911 2734 Tusc.
945 2694 985 2746 1,
1018 2694 1057 2735 2.

352 2887 379 2926 3
413 2881 657 2926 statuendo
691 2882 734 2924 A
758 2883 773 2937 ll
797 2885 822 2925 6
856 2893 965 2937 ergo
996 2893 1023 2925 v
