2020 3122
600 145 669 176 DE
692 143 932 178 01v1TA'rE
956 145 1045 178 Dm
1068 145 1110 178 L.
1134 146 1199 179 VI.
1226 146 1263 180 c.
1288 147 1319 180 1.
1695 135 1804 188 245

118 256 430 306 deliramenti
476 271 584 305 esse
631 255 850 320 intellegi
897 255 1067 323 debet,
1113 258 1155 306 si
1194 259 1425 323 cuiquam
1463 260 1672 308 istorum
1712 275 1801 324 pro

114 332 213 380 vita
253 329 559 395 supplicetur
598 327 818 379 aeterna!

266 403 420 461 Quam
454 403 648 452 obrem
682 405 737 468 si,
777 417 891 452 cum
923 403 982 452 de
1015 418 1168 468 regno
1201 410 1401 454 terreno
1435 420 1803 473 quaere1·em11S‚

115 492 357 542 quosnam
396 476 515 526 illud
567 477 686 525 deos
732 476 808 525 vel
847 476 963 526 deas
1003 476 1286 526 hominibus
1327 479 1631 529 credendum
1670 488 1803 530 esset

113 566 260 616 posse
293 551 537 616 conferre,
576 551 814 600 discussis
845 550 1074 600 omnibus
1106 550 1249 615 longe
1283 552 1495 601 alienum
1528 569 1556 602 a
1593 556 1798 603 veritate

114 631 443 674 monstratum
491 630 566 673 est
605 639 632 673 a
679 639 928 688 quoquam
973 626 1184 674 istorum
1231 625 1502 674 multorum
1540 629 1800 676 numinum

113 704 261 763 atque
302 698 538 747 falsorum
578 697 752 747 saltem
789 712 942 762 regna
980 705 1180 747 terrena
1218 700 1498 748 existimare
1540 703 1803 751 constitui:

114 787 278 821 nonne
325 773 664 821 insanissimae
712 773 977 836 impietatis
1027 778 1128 837 est,
1175 773 1217 821 si
1264 779 1463 822 aeterna
1502 774 1624 840 vita,
1677 789 1801 838 quae

114 847 328 895 terrenis
383 844 612 895 omnibus
667 847 833 910 regnis
889 847 994 894 sine
1042 845 1140 895 ulla
1189 845 1493 896 dubitatione
1542 847 1619 896 vel
1671 863 1801 896 com-

114 921 368 985 paratione
407 918 732 984 praeferenda
772 926 866 984 est,
914 918 973 968 ab
1012 921 1224 970 istorum
1263 935 1510 984 quoquam
1551 921 1656 970 dari
1696 923 1796 970 cui-
1834 934 1889 973 10

115 1008 263 1057 quam
308 1009 454 1058 posse
501 989 767 1042 credatur?
842 993 1012 1058 Neque
1069 995 1200 1043 enim
1252 1000 1517 1059 propterea
1563 995 1632 1044 dii
1678 994 1800 1044 tales

114 1066 191 1115 vel
229 1073 485 1116 terrenum
523 1082 732 1131 regnum
779 1067 895 1116 dare
937 1082 1036 1116 non
1074 1082 1220 1132 posse
1261 1069 1352 1116 visi
1391 1075 1530 1134 sunt,
1577 1070 1692 1133 quia
1730 1067 1800 1118 illi

115 1142 279 1205 magni
318 1146 367 1190 et
406 1140 588 1189 excelsi
626 1147 758 1205 sunt,
797 1140 890 1189 hoc
932 1140 1165 1205 quiddam
1202 1156 1409 1206 parvum
1449 1148 1498 1191 et
1538 1141 1800 1208 abiectum,

114 1213 249 1278 quod
302 1228 403 1263 non
457 1213 780 1278 dignarentur
833 1215 885 1262 in
935 1220 1070 1263 tanta
1117 1214 1417 1264 sublimitate
1465 1230 1664 1281 curare3
1714 1216 1800 1265 sed

115 1287 476 1352 quantumlibet
522 1287 917 1336 consideratione
970 1288 1245 1352 fragilitatis
1295 1288 1538 1338 humanae
1590 1290 1801 1339 caducos
1836 1301 1888 1340 15

116 1363 280 1426 apices
334 1363 522 1411 terreni
569 1363 710 1426 regni
759 1363 939 1410 merito
991 1363 1202 1427 quisque
1252 1368 1560 1428 contemnat,
1614 1362 1686 1411 illi
1736 1363 1804 1413 dii

114 1435 236 1484 tales
261 1441 612 1502 apparuerunt,
650 1441 706 1484 ut
729 1434 1058 1500 indignissimi
1090 1435 1393 1502 viderentur,
1434 1435 1614 1500 quibus
1646 1436 1804 1486 danda

115 1516 262 1573 atque
304 1509 542 1558 servanda
589 1508 830 1558 deberent
878 1509 954 1558 vel
992 1511 1086 1558 ista
1126 1511 1379 1558 committi.
1456 1509 1525 1559 Ac
1563 1525 1655 1575 per
1693 1510 1802 1577 hoc,

115 1584 160 1631 si
214 1577 296 1649 (ut
349 1584 605 1648 superiora
658 1584 895 1648 proximis
943 1582 1137 1632 duobus
1183 1582 1323 1632 libris
1370 1590 1670 1648 pertractata
1719 1584 1801 1633 do-

115 1651 355 1725 cuerunt)
402 1656 567 1706 nullus
614 1657 737 1706 deus
785 1672 844 1706 ex
889 1656 968 1705 illa
1019 1656 1162 1707 turba
1201 1656 1278 1706 vel
1317 1659 1457 1721 quasi
1495 1656 1803 1722 plebeiorum
1836 1669 1892 1708 20

115 1729 192 1778 vel
239 1732 378 1794 quasi
424 1746 691 1795 procerum
736 1730 944 1780 deorum
996 1730 1204 1780 idoneus
1260 1736 1336 1780 est
1381 1745 1533 1795 regna
1578 1731 1804 1781 mortalia

116 1803 406 1866 mortalibus
446 1804 578 1871 dare,
618 1811 802 1869 quanto
843 1806 1006 1853 minus
1045 1810 1210 1868 potest
1247 1804 1534 1853 inmortales
1573 1820 1634 1854 ex
1672 1820 1802 1854 mor—

116 1868 296 1926 talibus
336 1877 522 1928 facere!

264 1950 372 2001 Huc
413 1950 624 2017 accedit,
663 1953 792 2017 quia,
831 1953 873 2000 si
911 1953 1007 2000 iam
1046 1966 1160 2000 cum
1197 1950 1294 2000 illis
1334 1953 1539 2018 agimus,
1578 1953 1663 2016 qui
1703 1966 1803 2000 non

114 2030 321 2090 propter
344 2027 503 2091 istam,
544 2025 630 2074 sed
653 2031 857 2090 propter
889 2027 1036 2074 vitam
1069 2040 1194 2089 quae
1233 2032 1346 2090 post
1384 2032 1597 2075 mortem
1636 2026 1803 2075 futura
1837 2035 1893 2076 25

115 2105 194 2148 est
226 2100 507 2148 existimant
539 2098 770 2147 colendos
811 2097 944 2165 deos,
982 2100 1080 2147 iam
1119 2114 1210 2148 nec
1250 2105 1455 2164 propter
1494 2099 1575 2148 illa
1615 2098 1802 2163 saltem,

117 2187 242 2236 quae
282 2171 488 2222 deorum
535 2172 704 2222 talium
743 2173 975 2237 potestati
1013 2179 1262 2237 tamquam
1303 2173 1560 2237 dispertita
1600 2180 1649 2221 et
1687 2187 1799 2237 pro-

115 2247 223 2310 pria
261 2261 360 2295 non
400 2247 589 2296 ratione
629 2247 870 2312 veritam,
919 2243 1006 2296 sed
1037 2248 1262 2295 vanitatis
1304 2248 1533 2312 opinione
1573 2245 1799 2295 tribuun-

116 2325 221 2385 tur,
269 2321 467 2368 omnino
515 2319 708 2370 colendi
754 2326 893 2387 sunt,
940 2322 1070 2371 sicut
1109 2319 1320 2370 credunt
1356 2320 1434 2387 hi,
1486 2321 1570 2384 qui
1610 2319 1799 2369 cultum

116 2407 291 2443 eorum
336 2394 461 2443 vitae
507 2392 655 2443 huius
702 2393 923 2443 mortalis
969 2393 1263 2444 utilitatibus
1309 2395 1647 2443 necessarium
1686 2407 1794 2442 esse
1828 2403 1885 2442 30

116 2466 444 2533 contendunt3
492 2473 664 2516 contra
711 2482 835 2532 quos
874 2469 971 2517 iam
1010 2469 1227 2533 quinque
1268 2466 1678 2533 praecedentibus
1716 2481 1798 2514 vo·

116 2538 386 2590 luminibus
426 2543 559 2606 satis„
599 2547 838 2606 quantum
875 2543 1031 2608 potui,
1071 2541 1329 2607 disputavi.
1409 2540 1542 2598 Quae
1583 2554 1694 2588 cum
1734 2540 1801 2586 ita

118 2613 242 2680 sint,
283 2615 325 2663 si
364 2629 551 2681 eorum,
599 2616 684 2679 qui
723 2614 943 2664 colerent
982 2614 1123 2664 deam
1162 2614 1483 2679 Iuventatem,
1524 2618 1654 2661 aetas
1694 2613 1799 2676 ipsa

117 2684 319 2736 floreret
349 2689 606 2754 insigniUS,
639 2694 1006 2754 contemptores
1039 2694 1202 2737 autem
1236 2689 1342 2737 eius
1374 2685 1450 2734 vel
1481 2687 1611 2734 intra
1644 2698 1798 2733 annos

1832 563 1857 602 0'1

237 2876 291 2916 27
326 2872 517 2929 dispart.
548 2886 574 2918 v
