2020 3122
222 128 329 180 216
893 137 931 173 S.
953 137 1229 174 Ausus'rtm

220 251 346 301 libro
372 251 518 301 huius
551 253 730 318 operiS,
768 250 855 301 ubi
886 251 1020 318 dicit,
1056 253 1262 302 iniurias
1302 250 1592 301 validiorum
1629 260 1679 304 et
1717 253 1780 304 01)
1819 269 1902 306 eas

222 325 575 375 discessionem
612 325 770 391 plebis
810 341 837 375 a
874 325 1099 390 patribus
1139 325 1355 390 aliasque
1395 325 1729 378 dissensiones
1769 327 1902 379 domi

222 399 373 447 fuisse
413 401 510 448 iam
547 399 660 449 inde
701 414 728 448 a
766 401 1024 466 principio,
1063 414 1224 464 neque
1266 398 1474 464 amplius
1514 414 1671 465 aequo
1710 407 1759 451 et
1799 417 1900 451 mo-

221 472 360 521 desto
399 474 508 521 iure
549 480 712 523 actum
752 488 899 538 quam
939 473 1154 538 expulsis
1193 471 1416 538 regibuS,
1467 474 1702 537 quamdiu
1740 482 1901 525 metus

221 560 247 594 a
271 545 539 610 Tarquinio
573 548 682 613 fuit,
722 547 877 596 donec
902 546 1087 596 bellum
1125 561 1285 612 grave,
1326 545 1456 610 quod
1495 554 1701 612 propter
1738 550 1902 613 ipsum

222 635 335 668 cum
365 619 566 670 Etruria
605 627 892 686 susceptum
931 621 1107 686 fuerat,
1146 621 1395 685 finiretur;
1433 626 1606 684 postea
1643 636 1759 670 vero
1801 637 1901 672 ser·

220 693 302 742 vili
339 694 547 758 imperio
586 701 752 760 patres
791 695 1073 744 exercuisse
1111 692 1329 759 plebem,
1377 695 1513 758 regio
1553 709 1690 744 more
1732 694 1902 745 verbe-

220 781 371 834 rasse,
411 783 527 832 agro
565 768 813 834 pepulisse
853 774 904 817 et
935 769 1116 817 ceteris
1155 765 1442 831 expertibus
1482 767 1612 817 solos
1653 770 1810 834 egisse
1850 771 1903 818 in

219 842 450 906 imperi03
492 857 702 906 quarum
740 841 1121 907 discordiarum,
1161 839 1278 889 dum
1317 839 1387 888 illi
1421 839 1669 890 dominari
1707 842 1902 908 vellent,

134 922 188 963 10
220 913 288 962 illi
345 917 530 964 servire
586 915 794 979 nollent,
848 915 997 963 finem
1050 914 1203 963 fuisse
1256 912 1385 962 bello
1432 912 1620 963 Punico
1669 916 1903 982 secundo,

132 1290 184 1329 15

130 1659 186 1715 20

130 2028 184 2067 25

130 2396 186 2436 30

220 989 333 1051 quia
386 1003 563 1037 rursus
618 990 779 1052 gravis
833 994 995 1037 metus
1050 988 1214 1051 coepit
1267 1001 1446 1050 urgere
1499 994 1645 1052 atque
1699 987 1758 1038 ab
1806 989 1902 1038 illis

217 1060 673 1124 perturbationibus
705 1061 797 1111 alia
835 1063 1018 1110 maiore
1059 1076 1178 1110 cura
1216 1059 1447 1109 cohibere
1487 1063 1674 1110 animos
1712 1063 1902 1127 inquie-

218 1141 294 1182 tos
334 1141 384 1183 et
422 1135 481 1184 ad
506 1135 822 1185 concordiam
844 1150 1076 1184 revocare
1117 1133 1322 1184 civilem.
1401 1133 1499 1184 Sed
1535 1150 1627 1201 per
1666 1136 1904 1200 quosdam

216 1223 416 1275 paucOS,
456 1210 541 1273 qui
578 1225 670 1274 pro
710 1225 800 1259 suo
839 1208 984 1258 modo
1024 1208 1142 1257 boni
1182 1214 1343 1274 erant,
1383 1222 1557 1273 magna
1595 1209 1902 1259 administra-

215 1280 397 1331 bantur
443 1290 588 1347 atque
636 1283 732 1332 illis
771 1282 992 1332 toleratis
1032 1297 1087 1331 ac
1127 1283 1415 1345 temperatis
1452 1281 1592 1331 malis
1630 1298 1902 1348 paucorum

219 1354 465 1404 bonorum
495 1357 804 1420 providentia
834 1372 915 1406 res
947 1356 1029 1405 illa
1061 1354 1335 1420 crescebat3
1376 1356 1504 1404 sicut
1534 1355 1666 1405 idem
1703 1356 1902 1406 histori-

220 1443 309 1477 cus
348 1428 467 1479 dicit
506 1429 659 1479 multa
706 1429 801 1479 sibi
840 1436 889 1479 et
926 1429 1110 1494 legenti
1150 1435 1199 1478 et
1238 1428 1478 1494 audienti,
1525 1443 1649 1493 quae
1688 1429 1902 1495 populus

219 1501 469 1552 Romanus
523 1503 655 1552 domi
709 1503 1031 1569 militiaeque,
1093 1503 1218 1551 mari
1264 1508 1410 1566 atque
1464 1508 1599 1551 terra
1651 1502 1903 1568 praeclara

219 1575 438 1625 facinora
469 1577 657 1643 fecerit,
695 1577 897 1627 libuisse
931 1575 1196 1626 adtendere
1239 1590 1361 1640 quae
1401 1590 1482 1624 res
1522 1578 1729 1626 maxime
1768 1583 1905 1626 tanta

220 1652 420 1713 negotia
459 1652 800 1717 sustinuisset3
847 1652 1079 1716 quoniam
1125 1649 1311 1699 sciebat
1358 1664 1714 1714 saepenumero
1753 1665 1904 1715 parva

217 1738 366 1772 manu
413 1739 527 1773 cum
573 1727 762 1789 magnis
800 1723 1077 1789 legionibus
1115 1722 1334 1773 hostium
1373 1723 1686 1773 contendisse
1726 1723 1901 1773 Roma·

215 1812 327 1863 nos,
375 1805 673 1862 cognoverat
726 1800 890 1863 parvis
938 1799 1092 1863 copiis
1139 1796 1265 1846 bella
1310 1802 1448 1861 gesta
1495 1810 1608 1846 cum
1655 1796 1903 1862 opulentis

216 1870 437 1937 regibus;
486 1871 679 1937 sibique
728 1872 880 1922 multa
927 1872 1131 1936 agitanti
1171 1877 1398 1920 constare
1439 1869 1582 1935 dixit,
1628 1886 1902 1935 paucorum

216 1946 394 1993 civium
436 1947 681 2010 egregiam
713 1948 948 1995 virtutem
979 1951 1158 1994 cuncta
1195 1946 1480 2009 patravisse,
1520 1958 1677 2008 eoque
1718 1944 1902 1993 factum

218 2025 272 2066 ut
327 2018 519 2068 divitias
572 2026 865 2084 paupertaS,
925 2018 1293 2068 multitudinem
1352 2018 1575 2082 paucitas
1629 2023 1903 2082 superaret.

218 2090 348 2156 „Sed
380 2099 640 2156 postquam
671 2093 792 2142 luxu
823 2099 969 2157 atque
1009 2091 1210 2157 desidia,
1248 2092 1424 2157 inquit,
1463 2092 1632 2140 civitas
1671 2095 1905 2155 corrupta

217 2170 308 2230 est,
346 2179 522 2214 rursus
547 2181 629 2215 res
652 2165 849 2230 publica
881 2164 1216 2230 magnitudine
1251 2166 1330 2213 sui
1360 2166 1716 2228 imperatorum
1755 2171 1901 2228 atque

217 2239 591 2301 magistratuum
638 2241 754 2288 vitia
804 2234 1157 2288 sustentabat.“
1231 2237 1509 2286 Paucorum
1556 2238 1708 2301 igitur
1746 2238 1902 2288 virtus

217 2311 277 2360 ad
315 2311 521 2376 gloriam
565 2311 803 2362 honorem
855 2314 1118 2377 imperium
1164 2326 1279 2360 vera
1317 2312 1415 2377 via,
1460 2309 1510 2358 id
1549 2317 1626 2359 est
1663 2308 1770 2374 ipsa
1807 2313 1901 2359 vir-

218 2391 346 2451 tute,
400 2387 665 2435 nitentium
719 2387 866 2436 etiam
913 2400 939 2434 a
986 2384 1168 2435 Catone
1215 2384 1407 2434 laudata
1456 2389 1545 2433 est.
1621 2383 1746 2433 Hinc
1798 2390 1903 2433 erat

339 2528 382 2583 1)
415 2526 463 2572 C.
498 2531 566 2571 18.
629 2529 702 2583 28)
736 2525 834 2571 Cat.
867 2530 937 2570 53,

340 2694 394 2734 10
424 2690 550 2734 bello
582 2688 752 2747 punico
784 2687 984 2732 secundo
1012 2685 1166 2739 GAR-
1196 2686 1374 2730 bellum
1395 2684 1617 2742 punicum
1649 2685 1902 2730 secundum

216 2749 293 2792 Kv
324 2749 402 2803 (cf.
435 2753 585 2794 tamen
618 2751 700 2802 75,
730 2750 780 2802 9)
826 2748 841 2803 Ι]
889 2751 943 2790 17
976 2746 1023 2790 et
1052 2744 1230 2802 legenti
1260 2744 1330 2797 A;
1362 2746 1409 2788 et
1439 2757 1521 2790 om.
1554 2744 1679 2789 KFv
1711 2746 1727 2801 ΙΙ
1761 2749 1813 2788 19
1844 2744 1900 2787 li-

218 2807 372 2852 buisse
421 2808 514 2852 adt.
567 2806 670 2852 K¹a
709 2804 882 2861 (lubuit
926 2805 1020 2848 adt.
1061 2804 1223 2860 Sall.)‚·
1269 2802 1460 2848 libuisse
1502 2817 1548 2848 se
1603 2803 1696 2848 adt.
1735 2801 1906 2847 AK2F

222 2866 359 2911 Parr.
393 2879 418 2911 v
442 2869 537 2923 1122
573 2864 866 2922 opulentibus
898 2863 945 2907 A
