2020 3122
547 168 613 200 DE
637 167 876 200 CIVITATE
900 169 988 200 Dm
1011 169 1054 202 L.
1081 170 1166 202 ΧΠ.
1191 169 1228 202 c.
1254 171 1306 202 18.
1657 157 1762 209 539

710 304 906 358 CAPUT
938 306 1139 361 XVIII.

91 416 226 473 Quid
274 415 337 463 dc
382 413 780 461 incommutabili
827 415 1034 462 consilio
1083 428 1146 462 ac
1199 417 1453 464 voluntate
1499 417 1598 464 Dei
1635 417 1764 475 fides

78 503 212 537 sana
260 486 502 548 defendat
548 491 728 535 contra
775 487 1193 535 ratiocinationes
1241 502 1435 548 corum,
1483 491 1572 550 qui
1608 504 1765 551 opera

121 563 219 611 Dei
255 576 320 610 cx
359 562 662 609 aeternitate
699 563 916 621 repetita
956 575 1054 621 per
1092 563 1288 609 cosdem
1326 576 1521 623 semper
1559 566 1730 612 volunt

502 636 821 682 saeculorum
860 636 1035 682 redire
1073 636 1334 684 circuitus,

230 736 354 786 Illud
410 752 606 800 quoque
663 752 761 784 non
808 735 1002 802 dubim,
1064 743 1325 800 antequam
1376 737 1521 786 homo
1576 741 1765 803 primus

84 819 282 861 creatus
323 818 474 875 esset,
522 825 790 874 numquam
838 825 1134 874 quemquam
1173 811 1325 859 fuisse
1363 811 1634 877 hominem3
1674 828 1765 861 nec

82 884 295 935 eundem
341 885 503 948 ipsum
551 886 717 932 nescio
765 883 945 948 quibus
993 883 1283 933 circuitibus
1330 888 1496 934 nescio
1539 887 1766 949 quotiens

82 959 375 1023 revolutum,
415 972 506 1005 nec
546 957 693 1006 alium
734 957 946 1021 aliquem
985 963 1159 1006 natura
1199 957 1420 1007 simil'em.
1496 959 1666 1022 Neque
1707 959 1766 1008 ab

82 1033 174 1082 hac
214 1032 307 1081 fide
348 1046 426 1079 me
466 1030 872 1095 philosophorum
912 1039 1199 1095 argumenta
1240 1031 1516 1098 deterrent,
1555 1048 1766 1096 quorum

84 1107 423 1156 acutissimum
463 1104 584 1153 illud
623 1111 850 1170 putatur,
891 1105 1022 1169 quod
1063 1105 1233 1154 dicunt
1271 1105 1404 1154 nulla
1443 1108 1631 1155 infinita
1671 1106 1768 1156 ulla

83 1181 290 1229 scientia
334 1193 481 1243 posse
531 1179 890 1244 conprehendi3
942 1195 996 1227 ac
1045 1194 1135 1243 per
1181 1179 1275 1227 hoc
1321 1179 1475 1245 DeUS,
1522 1182 1768 1246 inquiunt,

83 1268 254 1302 rerum
302 1267 422 1316 quas
470 1252 587 1301 facit
633 1254 852 1301 omnium
899 1253 1149 1302 finitarum
1195 1268 1366 1301 omnes
1423 1253 1584 1302 finitas
1639 1254 1767 1318 apud

83 1343 136 1376 se
191 1328 407 1375 rationes
462 1325 630 1391 habet3
679 1326 872 1375 bonitas
927 1333 1091 1375 autem
1146 1328 1252 1375 eius
1303 1342 1570 1391 numquam
1616 1343 1766 1376 vacua

84 1402 237 1450 fuisse
270 1399 515 1448 credenda
547 1406 637 1466 est,
677 1416 738 1448 ne
779 1402 842 1448 sit
881 1399 1164 1464 temporalis
1204 1401 1312 1449 eius
1351 1403 1586 1466 operatiO,
1626 1403 1766 1450 cuius

83 1481 219 1523 retro
258 1473 411 1522 fuerit
448 1480 647 1522 aeterna
687 1475 918 1539 cessatio,
967 1476 1107 1537 quasi
1146 1475 1446 1538 paenituerit
1485 1490 1598 1523 eum
1635 1477 1766 1539 prio-

83 1550 154 1596 ris
194 1549 299 1595 sine
331 1548 470 1595 initio
505 1548 769 1595 vacationis
802 1562 856 1595 ac
894 1554 1159 1612 propterea
1199 1550 1260 1596 sit
1301 1549 1465 1611 operis
1505 1549 1768 1612 adgressus

84 1623 306 1686 initium3
347 1627 396 1669 et
434 1620 544 1669 ideo
586 1636 788 1669 necesse
830 1628 920 1686 est,
961 1623 1207 1686 inquiunt,
1247 1621 1417 1669 eadem
1458 1637 1652 1686 semper
1691 1638 1766 1670 re-

84 1696 187 1760 peti
211 1694 480 1757 eademque
514 1710 710 1759 semper
741 1695 1011 1759 repetenda
1042 1702 1402 1760 transcurrere,
1432 1695 1507 1743 vel
1539 1702 1766 1745 manente

85 1767 269 1817 mundo
301 1767 618 1834 mutabiliter,
658 1770 742 1832 qui
782 1768 898 1816 licet
937 1783 1205 1832 numquam
1245 1784 1343 1816 non
1383 1769 1534 1817 fuerit
1573 1776 1622 1818 et
1661 1771 1765 1818 sine

85 1843 226 1891 initio
266 1843 504 1906 temporis
537 1848 699 1890 tamen
739 1842 897 1890 factus
938 1848 1027 1907 est,
1068 1841 1142 1890 vel
1182 1843 1288 1891 eius
1328 1857 1524 1906 quoque
1566 1849 1678 1891 ortu
1720 1850 1768 1891 et

85 1931 266 1969 occasu
314 1930 510 1979 semper
555 1915 651 1963 illis
698 1914 988 1964 circuitibus
1036 1917 1246 1979 repetito
1295 1930 1589 1980 semperque
1628 1932 1767 1981 repe-

86 1988 262 2053 tend03
301 2003 362 2036 ne
388 1987 629 2054 videlicet,
670 1990 711 2036 si
743 1988 1002 2053 aliquando
1041 1990 1256 2053 primum
1281 1989 1369 2037 Dei
1408 2005 1554 2054 opera
1596 1998 1769 2054 coepta

86 2062 343 2127 dicuntur,
390 2063 607 2125 priorem
655 2078 794 2110 suam
841 2064 946 2111 sine
994 2064 1133 2111 initio
1181 2065 1482 2111 vacationem
1521 2070 1767 2127 tamquam

1798 642 1824 680 5

1801 1037 1855 1076 10

1801 1404 1854 1443 15

1802 1773 1856 1811 20

87 2138 299 2184 inertem
339 2150 394 2183 ac
427 2135 720 2184 desidiosam
761 2142 810 2184 et
847 2136 958 2185 ideo
999 2135 1093 2185 sibi
1132 2136 1472 2201 displicentem
1513 2137 1767 2186 damnasse
1802 2139 1855 2177 25

88 2209 299 2273 quodam
349 2208 494 2257 modo
542 2216 688 2273 atque
734 2208 796 2258 ob
835 2210 929 2258 hoc
970 2216 1185 2259 mutasse
1227 2211 1478 2276 credatur3
1526 2213 1567 2259 si
1606 2218 1770 2260 autem

89 2298 285 2347 semper
325 2282 523 2347 quidem
562 2283 869 2350 temporalia,
909 2283 995 2332 sed
1036 2283 1126 2332 alia
1164 2291 1310 2348 atque
1351 2283 1441 2332 alia
1479 2284 1769 2348 perhibetur

89 2363 320 2421 operatus
376 2371 430 2404 ac
480 2358 550 2404 sic
590 2355 849 2420 aliquando
906 2359 1052 2406 etiam
1091 2357 1150 2406 ad
1189 2357 1438 2406 hominem
1478 2358 1768 2422 faciendum,

90 2445 238 2493 quem
285 2444 553 2494 numquam
601 2437 742 2478 antea
789 2431 995 2497 fecerat,
1040 2433 1351 2496 pervenisse,
1398 2446 1498 2479 non
1550 2432 1769 2493 scientia,

90 2518 187 2567 qua
232 2509 408 2567 putant
454 2518 553 2551 non
599 2519 744 2568 posse
793 2520 1132 2568 quaecumque
1179 2505 1368 2553 infinita
1420 2502 1768 2568 conprehendi,
1802 2507 1856 2545 30

91 2576 177 2625 sed
228 2578 368 2640 quasi
419 2575 477 2624 ad
524 2577 719 2642 horam,
767 2579 896 2627 sicut
935 2578 1160 2627 veniebat
1197 2580 1247 2626 in
1287 2583 1528 2641 mentem,
1567 2577 1768 2625 fortuita

19 2693 23 2696 ,
90 2649 299 2713 quadam
344 2651 672 2699 inconstantia
725 2651 946 2700 videatur
1001 2652 1175 2700 fecisse
1228 2666 1351 2714 quae
1408 2651 1537 2698 fecit.
1613 2650 1767 2698 Porro

210 2841 235 2878 2
269 2849 322 2879 ac
364 2835 474 2889 VA,·
506 2837 588 2879 aut
616 2850 641 2879 v
673 2838 687 2892 ΙΙ
720 2842 773 2879 13
807 2836 1091 2879 infinitarum
1123 2836 1240 2879 AFe
1275 2838 1398 2889 (544,
1430 2839 1494 2879 25
1526 2838 1637 2890 sqq.)
1667 2835 1682 2890 Η
1714 2839 1770 2877 24

91 2893 304 2938 dicuntur
343 2893 454 2947 VA,·
484 2894 695 2938 dicantur
724 2910 748 2938 i·
774 2897 788 2952 ΙΙ
813 2900 868 2939 26
900 2896 959 2940 ob
989 2896 1078 2938 hoc
1109 2908 1190 2938 om.
1224 2897 1269 2937 A
