2038 3152
571 148 638 179 DE
663 145 901 180 ΟΙἮΤΑΤΕ
925 147 1014 178 Dm
1038 147 1081 180 L.
1106 147 1136 178 1.
1161 146 1197 178 c.
1223 148 1253 179 9.
1280 148 1331 178 10.
1723 136 1787 187 17

99 262 177 326 sit,
215 261 266 308 in
291 260 363 308 eis
387 265 567 324 tamen,
607 258 787 323 quibus
812 260 937 307 vitae
963 257 1111 307 huius
1137 261 1432 308 necessitate
1458 261 1790 326 coniungitur,

100 333 249 382 multa
302 333 540 382 monenda
587 332 663 381 vel
713 331 962 397 arguenda
999 333 1144 380 *novit
1192 337 1241 381 et
1280 332 1525 398 neglegit,
1567 333 1789 382 devitans

99 421 271 455 eorum
312 406 609 455 offensiones
634 412 840 471 propter
878 405 959 454 illa
999 404 1180 469 quibus
1218 407 1270 454 in
1310 406 1399 455 hac
1439 408 1538 455 vita
1577 422 1677 455 non
1716 409 1787 456 in-

99 479 277 529 debitis
317 481 495 546 utitur,
540 479 627 528 sed
674 479 786 544 plus
838 494 985 544 quam
1024 478 1195 528 debuit
1234 478 1522 529 delectatur.
1603 480 1787 530 Deinde

98 553 279 602 habent
318 553 460 602 aliam
500 568 697 602 causam
735 553 873 619 boni,
913 568 1066 617 quare
1106 553 1460 618 temporalibus
1500 553 1788 619 affliguntur
1822 562 1848 602 5

99 627 258 692 maliS,
309 626 503 691 qualem
549 626 719 676 habuit
765 626 873 676 Iob:
928 633 984 676 ut
1024 626 1119 676 sibi
1156 629 1262 691 ipse
1302 627 1547 677 humanus
1592 630 1784 678 animus

98 702 161 750 sit
213 700 449 766 probatus
500 707 549 750 et
603 702 829 765 cognitus
842 741 855 766 ,
911 706 1092 765 quanta
1147 702 1328 750 virtute
1384 703 1581 766 pietatis
1628 704 1781 766 gratis

99 774 253 824 Deum
293 775 473 840 diligat.

797 888 993 943 CAPUT
1026 889 1089 942 X.

180 997 326 1055 Quod
360 999 551 1046 sanetis
590 999 641 1045 in
682 998 949 1046 amissione
987 1011 1161 1045 rerum
1200 1000 1549 1059 temporalium
1589 999 1719 1047 nihil
1824 1006 1879 1046 10

844 1075 1038 1133 pereat.

247 1172 437 1230 Quibus
484 1178 619 1221 recte
668 1172 991 1222 consideratis
1047 1180 1194 1237 atque
1244 1176 1520 1239 perspectis
1575 1174 1784 1223 adtende

97 1253 265 1296 utrum
313 1246 496 1311 aliquid
543 1246 656 1295 mali
710 1246 945 1295 acciderit
999 1246 1226 1296 fidelibus
1274 1254 1323 1296 et
1368 1249 1486 1313 piis,
1534 1247 1667 1312 quod
1717 1249 1789 1297 eis
1842 1303 1850 1307 ,

98 1335 198 1369 non
236 1321 287 1368 in
318 1319 506 1369 bonum
530 1326 822 1386 verteretur,
863 1321 957 1368 nisi
997 1320 1123 1369 forte
1163 1320 1437 1385 putandum
1476 1327 1552 1370 est
1591 1328 1784 1386 aposto-

97 1393 240 1443 licam
279 1393 412 1443 illam
449 1408 621 1443 vacare
662 1395 982 1460 sententiam,
1021 1393 1107 1443 ubi
1146 1396 1234 1444 ait:
1275 1395 1473 1444 Scimus
1513 1397 1633 1456 quia
1673 1397 1783 1445 dili·
1824 1403 1877 1442 15

93 1469 330 1530 pentibus
368 1469 529 1517 Deum
577 1471 743 1517 omnia
784 1473 1090 1530 cooperatur
1139 1470 1191 1517 in
1231 1469 1424 1518 bonum.
1502 1468 1788 1518 Amiserunt

100 1543 262 1590 omnia
310 1557 433 1606 quae
481 1541 739 1591 habebant.
817 1541 1067 1607 Numquid
1114 1539 1297 1592 fidem?
1346 1543 1588 1608 numquid
1636 1544 1786 1608 pieta-

101 1612 237 1665 tem?
275 1615 517 1680 numquid
539 1616 792 1665 interioris
816 1615 1030 1664 hominis
1070 1615 1213 1682 bona,
1253 1618 1338 1681 qui
1378 1623 1454 1665 est
1493 1623 1605 1666 ante
1630 1616 1787 1666 Deum

101 1686 271 1738 dives?
346 1689 447 1738 Hae
496 1695 612 1738 sunt
658 1705 777 1754 opes
830 1688 1245 1757 Christianorum,
1294 1689 1475 1755 quibus
1523 1690 1787 1756 opulentus

100 1762 294 1812 dicebat
318 1762 590 1828 apostolus:
631 1764 721 1813 Est
745 1769 912 1814 autem
943 1770 1181 1825 quaestus
1219 1779 1434 1826 maanus
1467 1767 1635 1827 pietas
1674 1779 1788 1814 eum
1822 1773 1878 1813 20

99 1835 423 1899 sufficientia.
501 1838 641 1886 Nihil
675 1840 805 1887 enim
847 1840 1103 1887 intulimus
1143 1841 1195 1887 in
1233 1840 1369 1888 hune
1407 1841 1660 1899 mundum,
1699 1841 1792 1906 ,ςᾳί

101 1925 196 1960 nee
221 1910 433 1972 auferre
456 1913 655 1972 aliquid
668 1926 946 1974 possumus.
1024 1912 1278 1962 Habentes
1318 1918 1485 1962 autem
1524 1915 1708 1962 vietum
1741 1918 1790 1962 et

102 1990 436 2046 teyumentum
475 1986 553 2034 his
592 1988 819 2035 contenti
846 1999 1029 2034 sumus.
1109 1987 1236 2035 Nam
1275 1989 1365 2047 qui
1401 1989 1570 2036 volunt
1609 1988 1787 2036 divites

96 2060 236 2119 fieri,
284 2060 518 2108 incidunt
566 2060 617 2107 in
657 2061 1027 2121 temptationem
1073 2066 1122 2110 et
1167 2062 1402 2121 laqueum
1442 2065 1492 2109 et
1530 2062 1786 2110 desideria

101 2134 258 2181 multa
287 2135 442 2181 stulta
466 2137 515 2181 et
536 2135 708 2195 noxia,
747 2147 879 2194 quae
901 2138 1138 2194 mereunt
1173 2135 1397 2184 homines
1437 2136 1489 2183 in
1530 2136 1788 2183 interitum
1821 2142 1877 2181 25

103 2209 152 2255 et
183 2207 532 2268 perditionem.
611 2206 788 2255 Radix
834 2212 908 2256 est
953 2209 1084 2256 enim
1123 2211 1342 2257 omnium
1381 2211 1627 2257 malorum
1667 2223 1785 2257 azra-

102 2280 248 2340 ritia,
295 2294 446 2341 quam
492 2281 698 2341 quidam
745 2282 1037 2343 adpetentes
1083 2296 1114 2330 a
1157 2283 1262 2341 fide
1295 2287 1702 2345 pererraverunt
1740 2287 1790 2330 et

102 2354 432 2402 inseruerunt
468 2368 521 2403 se
559 2355 818 2403 doloribus
855 2357 1034 2404 multis

252 2425 443 2484 Quibus
468 2441 585 2492 ergo
609 2433 835 2476 terrenae
870 2427 1064 2477 divitiae
1104 2430 1155 2477 in
1195 2428 1275 2478 illa
1313 2431 1603 2485 vastatione
1623 2430 1781 2494 perie-

202 2569 297 2664 16)
329 2567 460 2612 Rom
494 2573 533 2623 8,
566 2572 637 2613 28.
701 2572 773 2627 19)
810 2575 848 2614 1.
881 2569 1004 2614 Petr.
1038 2575 1080 2627 3,
1112 2574 1153 2615 4.
1224 2573 1298 2627 28)
1334 2576 1372 2615 1.
1405 2570 1524 2615 Tim.
1558 2575 1615 2625 6,·
1633 2575 1658 2614 6
1691 2584 1787 2624 sqq.

224 2704 250 2743 5
283 2662 413 2757 111618
398 2662 552 2745 antur
582 2714 608 2745 v
631 2703 647 2759 ΙΙ
674 2706 726 2746 15
760 2702 980 2759 quoniam
1010 2703 1055 2746 A
1083 2702 1279 2748 Glarom.
1310 2703 1563 2758 (Sabatier)
1585 2703 1600 2758 ΙΙ
1627 2706 1680 2745 16
1714 2714 1787 2744 co-

106 2760 324 2814 operatur
355 2759 515 2804 0K¹F
540 2760 596 2814 (l.
627 2765 689 2805 18
720 2776 757 2805 e.
789 2766 874 2816 51;
904 2762 960 2816 ef.
995 2761 1153 2806 Sabat.
1188 2763 1371 2818 III‚p
1377 2764 1513 2807 ‚624
1544 2764 1683 2814 not)
1714 2773 1789 2803 co·

106 2819 357 2872 operantur
387 2819 532 2862 AK2v
571 2820 587 2875 ΙΙ
617 2824 674 2864 23
707 2835 864 2865 sumus
896 2820 1014 2864 AK¹
1045 2822 1210 2877 fraym.
1242 2820 1452 2876 Frisiny.
1484 2820 1551 2864 ed.
1586 2819 1788 2875 Zieqleinj

107 2874 249 2918 simus
280 2877 424 2933 111127
456 2880 730 2923 errauerunt
760 2880 805 2923 A
827 2881 844 2937 ΙΙ
867 2884 922 2924 29
954 2878 1004 2923 111
1034 2893 1118 2924 om.
1151 2879 1252 2922 KF

196 2964 291 2991 Ano.
313 2967 366 2990 nn
391 2966 469 2992 σιν.
493 2968 574 2994 nm
590 2961 620 2993 Ι.
1407 2957 1433 2995 2
