2020 3122
146 930 198 970 10

147 1297 199 1336 15

140 1663 195 1703 20

141 2176 195 2215 25

140 2543 194 2582 30

182 2844 196 2871 Ι

230 135 337 188 348
904 145 938 178 S.
962 143 1238 180 AUGUSTINI

229 260 503 308 aetherium
566 258 755 306 caelum
815 264 1096 322 terramque
1152 259 1478 323 constituenS‚
1551 264 1628 323 ut,
1683 259 1915 322 quoniam

229 333 393 382 nullus
426 332 555 381 deus
595 333 833 380 miscetur
878 331 1078 398 homini,
1118 331 1250 395 quod
1288 330 1543 380 Platonem
1582 330 1763 380 dixisse
1803 348 1914 397 per·

228 406 413 471 hibent,
452 407 535 454 isti
568 406 626 454 ad
660 405 778 454 deos
811 406 1063 469 perferant
1100 419 1276 469 preces
1315 405 1572 453 hominum
1611 411 1660 454 et
1698 405 1812 454 inde
1853 406 1914 456 ad

229 479 453 528 homines
491 481 736 543 inpetrata
777 493 899 542 quae
939 485 1164 542 poscunt.
1243 477 1502 542 Indignum
1543 480 1674 526 enim
1713 485 1912 543 putave-

231 559 349 602 runt
399 554 482 616 qui
531 554 626 602 ista
680 551 999 601 crediderunt
1048 553 1246 600 misceri
1291 551 1517 600 homines
1564 551 1658 600 diis
1708 560 1758 601 et
1797 553 1916 603 deos

229 626 535 692 hominibus3
589 626 792 690 dignum
847 632 1010 674 autem
1066 626 1264 673 misceri
1319 624 1582 673 daemones
1630 632 1679 674 et
1725 625 1819 674 diis
1865 633 1918 677 et

230 699 533 765 hominibUS,
587 699 702 747 hinc
755 701 908 763 petita
964 700 1047 762 qui
1094 697 1326 764 allegent,
1380 698 1493 747 inde
1545 714 1780 748 concessa
1830 702 1916 764 qui
1971 705 1977 708 ’

231 780 511 838 apportent3
558 780 614 822 ut
662 772 886 820 videlicet
931 772 1077 819 homo
1125 778 1290 820 castus
1342 778 1391 821 et
1439 771 1498 820 ab
1546 775 1726 821 artium
1765 775 1914 838 magi-

232 862 399 895 carum
439 845 709 895 sceleribus
747 845 935 894 alienus
975 860 1059 893 eos
1097 844 1332 909 patronos
1372 841 1623 912 adhiheatf',
1662 862 1752 911 per
1791 862 1916 911 quos

230 920 369 968 illum
393 920 459 968 dii
484 919 758 984 exaudiant,
798 920 882 981 qui
914 918 1034 967 haec
1066 926 1244 985 amant,
1285 934 1410 983 quae
1450 918 1530 968 ille
1572 935 1670 968 non
1709 920 1916 971 amando

230 994 285 1042 fit
335 994 552 1059 dignior,
606 1007 754 1056 quem
808 992 998 1040 facilius
1046 999 1095 1041 et
1140 991 1374 1041 libentius
1414 993 1646 1042 exaudire
1688 993 1914 1045 debeant.

230 1068 418 1114 Amant·
451 1068 630 1130 quippe
677 1065 747 1113 illi
793 1067 1042 1114 scaenicas
1080 1066 1437 1132 turpitudineS‚
1487 1082 1609 1131 quas
1648 1082 1748 1116 non
1788 1075 1918 1118 amat

228 1140 484 1204 pudicitia;
546 1146 710 1187 amant
771 1141 822 1187 in
883 1139 1135 1188 maleficiis
1199 1155 1456 1204 magorum
1510 1139 1640 1189 mille
1704 1141 1915 1190 nocendi

230 1220 384 1279 arteS,
439 1228 560 1276 quas
614 1228 713 1260 non
769 1219 897 1261 amat
949 1214 1246 1262 innocentia.
1324 1213 1455 1278 Ergo
1506 1221 1555 1262 et
1592 1213 1827 1278 pudicitia
1866 1222 1917 1264 et

232 1288 513 1335 innocentia
561 1288 603 1334 si
644 1286 760 1349 quid
799 1285 858 1334 ab
899 1285 992 1335 diis
1031 1289 1280 1352 inpetrare
1322 1287 1554 1353 voluerit,
1596 1303 1693 1336 non
1732 1290 1917 1353 poterit

231 1362 334 1408 suis
374 1362 564 1408 meritis
612 1361 707 1407 nisi
755 1361 857 1408 suis
904 1360 1348 1410 intervenientibus
1387 1363 1615 1410 inimiciS.
1691 1361 1800 1410 Non
1840 1369 1919 1411 est

229 1433 360 1497 quod
399 1435 492 1482 iste
532 1435 723 1498 poetica
762 1434 993 1497 figmenta
1033 1441 1082 1483 et
1120 1434 1359 1483 theatrica
1397 1434 1609 1484 ludibria
1646 1436 1916 1484 iustificare

229 1513 450 1555 conetur.
526 1506 775 1556 Habemus
823 1514 994 1556 contra
1043 1509 1136 1557 ista
1176 1510 1466 1573 magistrum
1508 1523 1681 1557 eorum
1721 1517 1770 1558 et
1808 1516 1911 1558 tan—

229 1589 304 1629 tae
345 1580 472 1644 apud
514 1596 598 1629 eos
630 1582 936 1631 auctoritatis
974 1581 1243 1648 Platonem,
1284 1583 1325 1631 si
1363 1581 1524 1646 pudor
1563 1582 1808 1631 humanus
1846 1584 1914 1632 ita

229 1653 288 1702 de
330 1669 381 1702 se
422 1654 544 1703 male
585 1661 828 1720 meretur,
877 1661 932 1703 ut
971 1670 1070 1703 non
1111 1655 1270 1704 solum
1310 1655 1476 1720 diligat
1514 1658 1701 1722 turpia,
1743 1671 1913 1705 verum

230 1729 374 1775 etiam
414 1727 653 1776 divinitati
693 1730 940 1777 existimet
979 1736 1129 1793 grata.

882 1884 1077 1940 CAPUT
1110 1886 1254 1940 XIX.

302 1991 378 2041 De
418 1994 672 2054 impietate
710 1996 840 2042 artis
879 1997 1125 2055 mayicae,
1166 2009 1297 2055 quae
1330 1996 1620 2056 patrocinio
1660 1997 1842 2043 nititur

532 2066 536 2070 ”
740 2069 1009 2128 spirituum
1048 2071 1399 2128 male'qnorum.

377 2166 533 2215 Porro
589 2167 822 2216 adversus
871 2171 1080 2233 magicas
1129 2177 1283 2236 arteS,
1338 2171 1398 2220 de
1450 2170 1630 2234 quibus
1678 2170 1914 2234 quosdam

229 2241 373 2288 nimis
412 2240 635 2288 infelices
669 2248 717 2289 et
749 2243 893 2290 nimis
933 2245 1110 2307 impios
1151 2245 1296 2292 etiam
1336 2244 1534 2308 gloriari
1574 2243 1708 2309 libet,
1749 2259 1912 2293 nonne
1983 2307 1986 2310 ‚

227 2315 382 2378 ipsam
420 2312 666 2378 publicam
705 2313 866 2362 lucem
905 2322 1083 2365 testem
1123 2314 1320 2366 citabo?
1359 2317 1459 2366 Cur
1497 2319 1628 2366 enim
1668 2324 1766 2366 tam
1795 2333 1911 2383 ⁸gra-

228 2389 352 2435 viter
398 2388 491 2435 ista
537 2387 823 2451 plectuntur
862 2391 1122 2438 severitate
1163 2390 1349 2457 legum,
1397 2393 1439 2440 si
1478 2406 1627 2455 opera
1667 2397 1784 2439 sunt
1823 2406 1911 2440 nu-

227 2462 415 2509 minum
465 2457 821 2510 colendorum?
896 2461 970 2510 An
1019 2463 1146 2512 forte
1194 2466 1312 2513 istas
1358 2464 1491 2529 leges
1532 2463 1797 2512 Christiani
1838 2466 1910 2512 in-

228 2536 520 2599 stituerunt,
569 2533 747 2598 quibus
796 2541 926 2584 artes
973 2538 1187 2600 magicae
1235 2533 1548 2602 puniuntur?
1626 2537 1911 2586 Secundum

227 2623 374 2672 quem
437 2607 585 2656 alium
640 2622 866 2675 sensum,
927 2610 1021 2658 nisi
1085 2609 1215 2673 quod
1269 2610 1389 2659 haec
1451 2610 1687 2659 maleficia
1741 2612 1912 2674 generi

227 2681 438 2729 humano
478 2682 755 2745 perniciosa
795 2696 904 2730 esse
943 2697 1042 2731 non
1082 2682 1287 2732 dubium
1327 2691 1416 2750 est,
1457 2686 1522 2733 ait
1560 2691 1705 2748 poeta
1744 2683 1909 2732 claris·
1965 2698 1981 2702 “

227 2769 403 2804 Simus:

346 2868 389 2921 2)
422 2865 610 2911 Conviv.
643 2881 688 2923 p.
722 2871 806 2911 203
840 2868 892 2911 A.
959 2869 1031 2924 14)
1063 2869 1202 2926 Verg.
1234 2870 1346 2915 Aen.
1383 2874 1421 2925 7,
1455 2874 1554 2915 338.
