2020 3122
178 918 230 956 10

176 1286 229 1325 15

175 2023 231 2062 25

175 2391 232 2431 30

262 119 369 171 372
939 129 973 161 s.
998 129 1272 162 AUGUS'HNI

261 243 453 292 borum.
530 241 735 291 Videtur
782 257 899 306 ergo
946 241 1068 290 mihi
1106 243 1253 290 etiam
1299 243 1350 289 in
1397 242 1512 307 hoc,
1559 241 1645 290 uhi
1693 244 1947 305 quaeritur

263 323 433 366 utrum
481 316 704 366 accidant
763 317 972 380 sapienti
1025 317 1280 380 passiones
1326 317 1498 381 animi,
1551 330 1612 364 an
1659 315 1718 364 ab
1766 318 1838 364 eis
1885 319 1948 365 sit

261 405 469 455 prorsus
501 389 704 456 alienuS,
737 389 797 439 de
823 389 988 439 verbis
1021 405 1105 438 eos
1137 390 1304 453 potius
1337 404 1484 453 quam
1515 389 1574 437 de
1599 389 1751 438 rebus
1784 389 1946 439 facere

263 465 662 513 controversiam.
740 463 862 512 Nam
902 471 952 512 et
990 466 1125 528 ipsos
1165 462 1286 511 nihil
1329 461 1443 511 hinc
1484 462 1616 511 aliud
1657 478 1802 527 quam
1840 463 1945 512 Pla-

264 538 456 587 tonicos
497 546 546 587 et
576 538 933 602 Peripateticos
974 539 1159 586 sentire
1193 538 1441 601 existimo,
1483 543 1720 600 quantum
1759 537 1818 585 ad
1850 539 1948 586 vim

263 627 432 661 rerum
472 612 681 678 adtinet,
721 627 820 660 non
861 611 920 659 ad
960 609 1311 659 vocabulorum
1353 625 1543 658 sonum.

410 684 474 735 Ut
513 687 646 734 enim
685 685 775 734 alia
815 687 1058 750 omittam,
1108 683 1288 747 quibus
1327 683 1375 732 id
1417 684 1692 745 ostendam,
1743 700 1804 733 ne
1844 684 1945 732 lon-

262 774 380 824 gum
419 759 608 826 faciam,
647 758 830 822 aliquid
865 773 1018 806 unum
1052 757 1182 821 quod
1224 759 1288 806 sit
1319 757 1740 807 evidentissimum
1775 759 1946 807 dicam.

262 833 318 882 In
355 832 510 900 libris,
551 832 730 897 quibus
770 832 943 881 titulus
985 838 1061 880 est
1099 830 1330 880 Noctium
1361 832 1650 897 Atticarum,
1691 831 1862 885 scribit
1894 832 1946 880 A.

264 906 469 973 Gellius,
524 908 599 955 vir
647 906 1000 971 elegantissimi
1047 905 1231 969 eloquii
1279 911 1327 954 et
1374 905 1556 955 multae
1604 921 1658 954 ac
1710 905 1946 954 facundae

263 982 519 1046 scientiae,
568 996 618 1029 se
661 982 913 1044 navigasse
953 979 1212 1044 aliquando
1254 995 1368 1028 cum
1407 979 1619 1043 quodam
1656 979 1946 1044 philosopho

262 1053 414 1104 nobili
447 1053 628 1103 Stoico,
691 1054 739 1103 Is
769 1053 1109 1119 philosophUS,
1141 1055 1271 1102 sicut
1302 1053 1447 1102 latius
1479 1061 1530 1102 et
1561 1053 1780 1119 uberiuS,
1816 1053 1947 1118 quod

262 1143 352 1192 ego
392 1127 610 1177 breviter
649 1127 913 1195 adtingam,
951 1134 1120 1176 narrat
1157 1128 1210 1176 A.
1252 1127 1458 1193 Gellius,
1506 1142 1620 1176 cum
1657 1127 1779 1176 illud
1818 1130 1947 1176 navi·

262 1204 396 1266 gium
436 1201 663 1251 horribili
696 1202 830 1251 caelo
872 1209 921 1251 et
960 1203 1083 1250 mari
1121 1201 1540 1266 periculosissime
1581 1203 1864 1268 iactaretur,
1902 1203 1948 1249 vi

262 1278 455 1325 timoris
495 1275 742 1341 expalluit.
819 1275 873 1324 Id
922 1275 1315 1324 animadversum
1363 1283 1438 1324 est
1484 1274 1543 1324 ab
1592 1277 1684 1342 eiS,
1733 1277 1818 1340 qui
1868 1275 1947 1324 ad-

263 1356 419 1416 erant,
445 1352 665 1414 quamvis
690 1351 741 1399 in
766 1351 941 1399 mortis
967 1351 1142 1399 vicinia
1168 1351 1502 1398 curiosissime
1528 1349 1756 1415 adtentiS,
1780 1356 1948 1398 utrum

262 1439 418 1472 necne
465 1423 788 1488 philosophus
836 1425 997 1472 animo
1044 1423 1346 1473 turbaretur.
1423 1423 1609 1472 Deinde
1656 1429 1946 1488 tempestate

262 1504 507 1547 transacta
577 1513 690 1546 mox
753 1504 809 1546 ut
871 1498 1111 1546 securitas
1185 1496 1412 1562 praebuit
1479 1497 1809 1562 conloquendi
1873 1497 1949 1545 vel

262 1573 410 1619 etiam
442 1571 690 1635 garriendi
729 1571 907 1637 locum,
949 1571 1145 1635 quidam
1179 1587 1237 1619 ex
1267 1571 1359 1637 his,
1401 1586 1524 1635 quos
1557 1573 1692 1620 navis
1724 1570 1804 1619 illa
1834 1586 1946 1636 por-

263 1644 417 1710 tabat,
476 1645 610 1694 dives
658 1645 944 1694 luxuriosus
993 1645 1235 1694 Asiaticus
1289 1644 1637 1710 philosophum
1691 1645 1948 1710 compellat

263 1717 507 1785 inludenS,
540 1718 672 1783 quod
705 1721 1015 1768 extimuisset
1047 1726 1191 1784 atque
1224 1718 1494 1785 palluisset,
1527 1735 1640 1768 cum
1671 1721 1777 1784 ipse
1814 1734 1946 1768 man-

264 1794 411 1842 sisset
441 1792 719 1858 intrepidus
751 1795 803 1841 in
837 1808 893 1841 eo
928 1793 1059 1857 quod
1090 1792 1388 1858 inpendebat
1420 1795 1581 1842 exitio
1644 1794 1706 1842 At
1736 1793 1817 1842 1110
1843 1794 1946 1842 Ari·

264 1868 413 1931 stippi
454 1866 694 1916 Socratici
732 1882 1029 1932 responsum
1068 1866 1281 1933 rettulit,
1330 1869 1414 1931 qui
1454 1883 1566 1916 cum
1612 1869 1663 1915 in
1703 1883 1757 1915 re
1802 1867 1948 1915 simili

264 1940 434 1988 eadem
487 1940 634 1990 verba
673 1940 733 1989 ab
779 1941 978 1989 homine
1027 1941 1173 1989 simili
1220 1941 1459 2007 audisset,
1507 1940 1764 2005 respondit
1808 1940 1948 1990 illum

263 2028 353 2078 pro
394 2016 555 2063 anima
593 2016 884 2079 nequissimi
923 2014 1183 2064 nebulonis
1223 2017 1399 2063 merito
1439 2031 1538 2063 non
1578 2016 1731 2064 fuisse
1771 2014 1946 2064 sollici-

264 2093 393 2153 tum,
435 2103 487 2136 se
521 2095 686 2137 autem
724 2104 815 2154 pro
848 2089 1085 2154 Aristippi
1118 2091 1277 2138 anima
1315 2091 1490 2138 timere
1531 2088 1776 2139 debuisse.
1845 2088 1945 2137 Hac

264 2160 346 2209 illo
388 2161 535 2210 divite
568 2165 891 2227 responsione
932 2163 1137 2227 depulso
1176 2170 1347 2228 postea
1389 2164 1630 2227 quaesivit
1668 2162 1723 2212 Α.
1763 2162 1945 2211 Gellius

265 2250 291 2282 a
330 2234 620 2300 philosopho
668 2251 767 2285 non
816 2237 1090 2301 exagitandi
1129 2239 1318 2302 animO,
1368 2237 1455 2286 sed
1495 2235 1744 2303 discendi,
1800 2252 1943 2300 quae-

265 2323 377 2357 nam
402 2308 482 2357 illa
506 2311 629 2358 ratio
664 2316 795 2358 esset
825 2312 1020 2374 pavoris
1059 2313 1150 2360 sui.
1229 2310 1325 2368 Qui
1363 2317 1419 2359 ut
1458 2311 1659 2359 doceret
1698 2310 1946 2359 hominem

265 2382 453 2431 sciendi
492 2383 654 2431 studio
696 2385 883 2432 naviter
923 2399 1209 2450 accensum,
1248 2384 1454 2449 protulit
1493 2386 1658 2433 statim
1697 2384 1756 2432 de
1798 2387 1946 2432 sarci-

383 2527 454 2578 13)
487 2524 590 2570 Lib.
622 2530 674 2568 19
709 2539 745 2568 c.
782 2531 819 2570 1.

389 2692 442 2731 10
482 2687 657 2731 multae
698 2701 751 2730 ac
793 2686 1021 2731 facundae
1060 2687 1162 2739 Isso,-
1199 2687 1344 2731 multe
1385 2688 1533 2731 eunde
1566 2687 1674 2740 AF,
1705 2687 1824 2743 quod
1852 2688 1972 2740 fors

264 2750 382 2789 tasse
407 2750 671 2802 corruptum
694 2760 748 2790 ex
776 2746 1078 2790 multimodae
1103 2746 1179 2799 (cf.
1206 2747 1235 2789 Ζ.
1259 2751 1327 2791 22
1353 2760 1388 2790 0.
1414 2751 1480 2791 22
1505 2747 1613 2790 med.
1640 2745 1941 2790 multimodae

264 2804 553 2858 formidines)
601 2806 617 2860 ΙΙ
666 2810 717 2849 16
755 2807 914 2849 utrum
951 2819 1094 2848 necne
1134 2805 1282 2847 AKF
1315 2807 1392 2858 (cf.
1426 2806 1501 2849 lib.
1535 2810 1592 2849 19
1625 2819 1660 2848 c.
1694 2810 1717 2848 1
1751 2806 1833 2849 sub
1864 2806 1942 2858 fin.

263 2866 421 2906 utrum
453 2863 514 2907 sit
543 2878 687 2908 necne
721 2863 1066 2919 dubitandum);
1099 2866 1312 2907 utrumne
1346 2879 1369 2907 2·
1394 2867 1409 2920 Η
1437 2868 1488 2907 18
1520 2863 1740 2919 loquendi
1770 2863 1867 2907 AF
