2004 3162
284 181 325 223 X
966 191 1262 225 PRAEFAmo.

427 302 577 353 Notas
615 303 837 353 locorum
884 304 942 353 ab
984 305 1254 370 Augustino
1302 319 1361 352 ex
1409 303 1515 352 aliis
1553 302 1701 352 libris·
1733 302 1958 368 allegato-

285 385 450 426 torum
500 392 652 442 prope
704 393 874 427 omnes
930 394 988 427 ex
1040 378 1252 427 editione
1302 375 1574 442 Duebneri,
1631 377 1717 440 qui
1766 378 1818 425 in
1868 377 1958 426 hac

290 452 453 516 operis
500 458 637 515 parte
693 451 1064 516 diligentissime
1114 458 1334 500 versatus
1381 457 1476 516 est,
1534 457 1787 499 mutuatus
1835 465 1960 500 sum.

282 524 352 572 Ad
400 525 581 589 fonteS,
635 525 767 573 unde
817 525 1120 590 Augustinus
1167 523 1443 590 hauriebat,
1499 524 1778 572 accuratius
1825 524 1962 573 inda·

282 598 465 662 gaudes
505 612 618 646 cum
658 598 778 647 mihi
818 614 977 662 neque
1018 605 1211 663 tempus
1252 612 1411 660 neque
1452 599 1581 646 vires
1624 604 1963 664 suppeterent,

282 671 374 720 hoc
412 673 596 735 negotii
635 671 740 720 aliis
780 672 1158 736 relinquendum
1196 674 1375 736 putavi.

429 744 600 793 Restat
661 752 715 794 ut
775 747 955 810 gratias
1009 761 1145 811 agam
1199 746 1316 793 viris
1371 744 1695 811 doctissimis,
1750 760 1962 808 quorum

282 818 549 867 identidem
611 825 660 867 et
722 819 924 868 consilio
987 827 1035 868 et
1097 818 1274 868 auxilio
1338 833 1457 867 usus
1519 833 1659 884 sum,
1720 820 1962 883 imprimis

287 891 478 940 Iwano
544 891 854 959 Muellero,
914 891 1228 957 Erlangensis
1290 891 1568 941 litterarum
1627 893 1962 941 universitatis
1988 935 2004 939 ,

283 966 575 1032 professori,
630 968 785 1015 amico
834 968 1099 1032 carissimo,
1154 967 1237 1030 qui
1291 968 1342 1014 in
1396 965 1602 1030 plagulis
1657 965 1962 1030 corrigendis

283 1053 472 1088 summa
512 1037 763 1103 diligentia
804 1055 878 1088 me
921 1039 1116 1088 adiuvit.

862 1893 1039 1951 Index
1087 1896 1373 1953 notarum.

287 2020 424 2064 Parr.
478 2041 531 2056 =
564 2020 694 2064 codd.
728 2019 926 2064 Parisini
958 2034 985 2063 a
1015 2020 1258 2065 Duebnero
1291 2021 1463 2065 collati.

282 2092 369 2123 ms
470 2100 524 2115 =
557 2079 689 2123 codd.
722 2078 920 2123 Parisini
952 2081 999 2122 et
1027 2079 1189 2124 nostri.

279 2150 431 2194 progr.
468 2159 520 2174 =
552 2151 850 2194 programma
880 2137 1110 2194 gymnasii
1139 2138 1542 2195 Norimbergensis
1575 2153 1614 2183 a..
1651 2144 1778 2184 1862.

282 2211 307 2239 v
474 2217 527 2232 =
563 2195 703 2240 editio
735 2196 944 2240 Parisina
975 2211 1015 2241 a.
1052 2201 1176 2241 1838.

400 2328 631 2372 Uncorum
670 2329 995 2385 angulatorum
1035 2329 1211 2373 duabus
1250 2344 1359 2373 usus
1402 2344 1501 2372 sum
1539 2330 1720 2383 formis,
1763 2344 1957 2386 quarum

281 2390 374 2430 una
407 2387 424 2444 [
456 2387 472 2444 ]
507 2401 562 2431 ea
590 2387 769 2442 inclusi,
802 2401 932 2443 quae,
966 2402 1245 2443 quamquam
1279 2402 1306 2431 a
1337 2388 1570 2431 codicibus
1602 2388 1956 2444 exhibebantur,

282 2448 441 2489 tamen
483 2446 654 2490 rationi
690 2447 1035 2503 repugnabant,
1074 2447 1222 2491 altera.
1253 2447 1283 2505 <
1319 2447 1349 2505 >
1383 2462 1449 2502 ea,
1483 2461 1620 2503 quae,
1665 2447 1850 2492 etiamsi
1880 2448 1958 2492 vel

283 2504 461 2561 optima
493 2505 566 2548 vel
595 2505 720 2549 haud
758 2505 917 2562 inepta
947 2505 1233 2561 viderentur,
1275 2506 1501 2550 librorum
1532 2522 1639 2550 mss.
1676 2507 1956 2552 auctoritate

282 2577 447 2619 parum
476 2564 789 2608 firmabantur.
