2020 3122
242 143 349 194 298
937 154 972 187 S.
996 154 1271 188 Anensnm

245 282 463 331 neam11S,
500 266 587 314 has
620 268 1053 331 interpretationes
1093 281 1190 315 non
1230 268 1408 316 referri
1448 267 1506 316 ad
1538 267 1694 316 Deum
1733 281 1925 332 verum,

249 342 427 404 vivam,
472 342 814 404 incorpoream
859 340 1407 405 incommutabilemque
1457 349 1705 407 naturam,
1753 355 1779 388 a
1826 355 1924 404 qno

250 415 347 461 vita
399 415 450 461 in
505 418 762 463 aeternum
815 413 957 463 beata
1009 415 1256 479 poscenda
1309 421 1404 480 est3
1460 414 1544 463 sed
1598 429 1768 463 earum
1816 429 1924 462 esse

242 487 364 535 fines
388 488 437 535 in
471 485 622 536 rebus
648 487 1000 554 corporalibus,
1031 488 1400 554 temporalibuS,
1432 486 1747 537 mutabilibus
1779 494 1925 550 atque

193 556 552 610 &mortalibus
627 560 800 627 „Quod
842 561 1064 628 Caelum,
1103 564 1284 628 inquit,
1331 568 1522 626 patrem
1563 561 1808 610 Saturnus
1848 575 1925 609 ca-

250 639 432 682 strasse
471 636 523 682 in
562 634 739 684 sabulis
787 635 989 701 dicitur,
1036 635 1129 684 hoc
1169 636 1411 699 significat
1448 631 1601 700 penes
1643 633 1926 698 Saturnum,

246 722 346 756 non
383 723 537 772 penes
570 707 768 757 Caelum
808 724 977 757 semen
1017 724 1125 758 esse
1167 704 1430 758 divinum.“
1505 708 1608 757 Hoc
1647 714 1926 774 propterea,

241 787 479 844 quantum
518 781 734 846 intellegi
774 781 932 848 datur,
973 784 1086 846 quia
1126 781 1245 830 nihil
1283 784 1332 830 in
1375 781 1507 831 caelo
1549 782 1607 830 de
1649 780 1920 830 seminibus

240 855 473 903 nascitur,
552 854 648 903 Sed
681 870 811 921 ecce,
853 856 1096 905 Saturnus
1136 857 1178 904 si
1210 854 1341 904 Caeli
1380 861 1455 904 est
1494 855 1638 921 filius,
1676 854 1804 903 Iovis
1843 860 1923 903 est

161 939 215 979 10
247 928 390 977 filius,
467 927 666 978 Caelum
714 931 844 978 enim
892 944 1000 978 esse
1041 929 1204 977 Iovem
1251 928 1677 978 innumerabiliter
1725 934 1774 977 et
1820 928 1926 977 dili-

243 1008 417 1066 genter
464 1002 734 1051 adfirmant.
811 1002 882 1051 Ita
921 1004 1036 1062 ista,
1084 1017 1208 1066 quae
1250 1018 1276 1051 a
1315 1004 1520 1051 veritate
1569 1017 1668 1051 non
1707 1003 1926 1067 veniunt,

243 1075 534 1140 plerumque
583 1082 632 1124 et
670 1075 803 1124 nullo
844 1076 1109 1140 inpellente
1151 1091 1203 1125 se
1243 1078 1348 1140 ipsa
1388 1075 1695 1125 subvertunt.
1773 1074 1924 1124 Chro-

246 1165 342 1198 non
377 1148 671 1214 appellatum
704 1150 836 1215 dicit,
877 1149 1006 1214 quod
1041 1150 1228 1199 Graeco
1261 1149 1496 1199 vocabulo
1531 1149 1772 1214 significat
1803 1155 1924 1198 tem-

246 1225 381 1287 poris
429 1225 662 1289 spatium,
717 1226 822 1272 sine
864 1239 961 1287 quo
1002 1239 1194 1290 semen,
1240 1225 1424 1289 inquit,
1474 1239 1573 1272 non
1610 1228 1774 1287 potest
1814 1237 1922 1272 esse

162 1306 215 1346 15
248 1296 529 1345 fecundum.
605 1296 736 1345 Haec
786 1303 835 1345 et
881 1297 972 1346 alia
1023 1297 1082 1346 de
1125 1297 1338 1346 Saturno
1389 1297 1539 1346 multa
1579 1296 1837 1362 dicuntur,
1877 1303 1927 1346 et

243 1370 301 1418 ad
344 1385 512 1418 semen
560 1372 722 1419 omnia
768 1371 1069 1420 referuntur.
1149 1370 1244 1419 Sed
1285 1370 1457 1419 saltem
1499 1370 1743 1419 Saturnus
1783 1371 1925 1419 semi-

244 1442 389 1492 nibus
441 1458 552 1492 cum
604 1450 736 1493 tanta
787 1446 880 1493 ista
926 1450 1171 1508 potestate
1223 1445 1499 1510 sufficeret3
1548 1443 1665 1508 quid
1705 1443 1764 1491 ad
1803 1443 1924 1493 haec

243 1516 310 1565 dii
349 1516 429 1565 alii
459 1519 800 1584 requiruntur,
831 1520 1039 1566 maxime
1072 1516 1218 1566 Liber
1251 1525 1300 1566 et
1325 1517 1515 1584 Libera,
1554 1517 1604 1566 id
1638 1523 1712 1566 est
1738 1514 1926 1566 Ceres?
2002 1527 2008 1530 ’

244 1588 310 1638 De
366 1589 545 1654 quibus
599 1606 796 1656 rurSuS,
851 1591 982 1655 quod
1030 1591 1089 1639 ad
1139 1607 1307 1640 semen
1356 1591 1564 1657 adtinet,
1618 1597 1752 1640 tanta
1790 1590 1924 1657 dicit,

155 1673 213 1713 20
246 1665 385 1727 quasi
423 1663 482 1712 de
525 1663 737 1713 Saturno
778 1664 900 1714 nihil
939 1664 1130 1714 dixerit.

911 1821 1106 1876 CAPUT
1138 1823 1254 1876 XX.

664 1930 740 1979 De
777 1933 944 1978 sacris
990 1931 1189 1979 Cereris
1228 1931 1511 1979 Eleusinae.

390 2031 446 2080 In
487 2031 682 2081 Cereris
729 2039 892 2081 autem
947 2035 1100 2081 sacris
1146 2032 1494 2098 praedicantur
1541 2032 1621 2081 illa
1659 2032 1925 2096 Eleusinia,

247 2119 370 2168 quae
418 2105 545 2169 apud
592 2105 916 2154 Athenienses
964 2105 1266 2155 nobilissima
1325 2107 1541 2155 fuerunt.
1629 2106 1698 2154 De
1746 2105 1926 2170 quibus

162 2186 218 2226 25
251 2179 344 2227 iste
386 2178 505 2226 nihil
552 2180 929 2245 interpretatur,
977 2181 1072 2228 nisi
1113 2180 1243 2244 quod
1283 2179 1470 2229 adtinet
1509 2180 1565 2229 ad
1607 2180 1925 2245 frumentum,

251 2251 381 2315 quod
433 2250 583 2300 Ceres
633 2253 844 2317 invenit,
896 2260 944 2300 et
992 2253 1050 2300 ad
1089 2253 1461 2319 Proserpinam,
1518 2268 1663 2317 quam
1702 2254 1924 2317 rapiente

250 2324 380 2374 Orco
425 2324 660 2390 perdidit3
709 2332 759 2374 et
803 2324 928 2373 hanc
975 2327 1132 2390 ipsam
1179 2326 1298 2375 dicit
1337 2327 1612 2390 significare
1653 2325 1924 2374 fecundita-

245 2405 346 2447 tem
372 2400 637 2463 seminum3
678 2413 802 2462 quae
828 2413 941 2446 cum
966 2399 1204 2448 defuisset
1229 2399 1438 2464 quodam
1471 2407 1693 2463 tempore
1734 2398 1923 2448 eadem-

251 2487 345 2535 que
394 2471 649 2521 sterilitate
696 2478 829 2520 terra
877 2479 1144 2539 maereret,
1200 2479 1419 2522 exortam
1467 2488 1575 2522 esse
1628 2474 1924 2537 opinionem,

161 2554 218 2594 30
250 2545 380 2609 quod
435 2545 583 2593 filiam
634 2543 850 2609 CereriS,
904 2545 953 2593 id
993 2552 1068 2594 est
1106 2548 1260 2610 ipsam
1301 2546 1679 2611 fecunditatem,
1734 2560 1858 2609 quae
1898 2560 1923 2592 a

250 2618 586 2683 proserpendo
637 2617 934 2681 Proserpina
985 2618 1113 2668 dicta
1161 2626 1317 2685 esset,
1369 2617 1528 2668 Orcus
1568 2618 1836 2668 abstulerat
1875 2625 1925 2667 et

246 2691 372 2756 apud
419 2692 605 2740 inferos
653 2691 952 2757 detinuerat,
1000 2707 1123 2756 quae
1173 2707 1254 2741 res
1294 2706 1407 2741 cum
1447 2693 1622 2741 suisset
1660 2692 1798 2741 luctu
1834 2707 1923 2756 pu-
1974 2700 1985 2702 “

367 2881 418 2919 12
454 2876 658 2920 chronon
692 2875 800 2929 0113·
833 2876 1068 2921 choronon
1099 2877 1170 2931 F‚·
1202 2891 1374 2922 cronon
1406 2878 1450 2921 A
1461 2894 1477 2931 ,·
1509 2872 1695 2934 Κρόνον
1726 2890 1751 2920 υ
