2020 3122
575 145 641 176 DE
666 142 904 177 c1vrrA⁷rE
929 145 1017 176 DEI
1040 145 1083 179 L.
1110 146 1154 177 x.
1179 145 1216 178 c.
1240 146 1294 178 29.
1673 134 1782 186 449

250 255 346 304 Sed
385 255 501 304 huic
540 256 736 303 veritati
774 261 829 303 ut
867 257 1078 319 possetis
1118 255 1460 323 adquiescere,
1506 256 1780 307 humilitate

99 344 225 394 opus
261 335 387 393 erat,
427 343 551 393 quae
585 329 766 377 cervici
795 333 986 376 vestrae
1027 328 1309 378 difficillime
1348 330 1637 394 persuaderi
1675 338 1780 395 pot-

101 408 190 451 est.
262 401 390 459 Quid
438 403 569 450 enim
606 400 895 450 incredibile
936 400 1139 467 dicitur,
1186 405 1477 466 praesertim
1518 403 1656 452 vobis
1697 406 1783 468 qui

102 474 215 524 talia
247 476 432 540 sapitiS,
473 473 652 538 quibus
685 474 743 523 ad
775 473 869 522 hoc
902 473 1202 522 credendum
1235 491 1320 523 vos
1350 478 1483 540 ipsos
1517 476 1780 525 admonere

101 547 342 614 debeatis3
384 548 517 620 quid,
548 549 763 613 inquam,
794 546 932 595 vobis
963 546 1252 596 incredibile
1285 548 1480 615 dicitur,
1513 565 1624 598 cum
1649 549 1781 599 Deus

98 620 280 670 dicitur
327 620 659 685 adsumpsisse
714 620 976 669 humanam
1032 622 1243 669 animam
1290 628 1338 669 et
1387 620 1603 686 corpus?
1686 623 1781 672 Vos

103 700 236 743 certe
292 700 484 743 tantum
539 693 756 743 tribuitis
804 695 991 742 animae
1046 694 1387 760 intellectuali,
1443 710 1567 759 quae
1623 698 1782 745 anima

101 769 272 831 utique
312 767 523 816 humana
564 773 661 833 est,
700 773 755 816 ut
795 782 902 815 eam
941 766 1408 816 consubstantialem
1447 774 1679 832 paternae
1712 769 1782 817 illi

98 842 271 906 menti,
320 856 467 904 quem
514 840 602 889 Dei
651 840 830 889 Filium
878 841 1200 907 confitemini,
1247 841 1356 890 fieri
1399 856 1545 905 posse
1594 841 1780 891 dicatis

38 921 42 926 '
101 913 230 971 Quid
264 929 380 977 ergo
412 913 700 962 incredibile
726 920 816 980 est,
850 916 891 962 si
922 914 1081 978 aliqua
1116 929 1215 963 una
1245 914 1590 963 intellectualis
1622 917 1781 964 anima

100 986 243 1035 modo
284 987 496 1051 quodam
542 986 774 1036 ineffabili
815 994 864 1035 et
903 987 1139 1051 singulari
1183 1002 1273 1051 pro
1314 987 1583 1037 multorum
1624 988 1778 1037 salute

95 1066 326 1124 suscepta
380 1057 491 1109 est?
568 1060 758 1124 Corpus
798 1075 914 1108 vero
962 1063 1149 1110 animae
1198 1061 1486 1127 cohaerere,
1533 1068 1588 1110 ut
1634 1061 1779 1111 homo

96 1139 230 1182 totus
272 1139 320 1182 et
358 1133 534 1198 plenus
574 1136 659 1200 sit,
699 1139 873 1182 natura
912 1136 1018 1198 ipsa
1055 1141 1224 1183 nostra
1263 1141 1389 1183 teste
1423 1137 1779 1198 cognoscimus

98 1204 240 1263 Quod
279 1209 375 1255 nisi
406 1209 783 1256 usitatissimum
815 1215 968 1274 esset,
1008 1207 1102 1256 hoc
1140 1208 1363 1272 profecto
1397 1215 1530 1257 esset
1568 1208 1777 1257 incredi-

95 1278 266 1345 bilius3
299 1280 490 1329 facilius
524 1283 704 1345 quippe
737 1282 788 1328 in
821 1280 967 1329 fidem
998 1281 1337 1345 recipiendum
1370 1287 1460 1347 est,
1493 1283 1586 1330 etsi
1610 1281 1776 1330 huma-

97 1367 215 1401 num
249 1353 426 1419 divine,
467 1356 561 1403 etsi
593 1353 878 1403 mutabilem
910 1354 1313 1421 incommutabili,
1354 1361 1517 1403 tamen
1550 1357 1778 1419 spiritum

95 1427 316 1493 spiritui,
357 1433 441 1476 aut
471 1434 527 1476 ut
557 1427 721 1476 verbis
754 1433 887 1493 utar,
927 1442 1051 1491 quae
1084 1430 1135 1476 in
1167 1443 1261 1477 usu
1301 1427 1513 1493 habetiS,
1552 1430 1779 1493 incorpo-

96 1514 238 1548 reum
276 1502 586 1566 incorporeO,
627 1515 770 1565 quam
813 1516 993 1565 corpus
1032 1503 1326 1566 incorporeo
1367 1502 1647 1551 cohaerere.
1707 1502 1778 1550 An

97 1572 226 1621 forte
266 1589 352 1622 vos
401 1574 604 1623 offendit
649 1575 914 1623 inusitatus
963 1577 1185 1640 corporis
1231 1582 1403 1639 partus
1451 1591 1510 1623 ex
1555 1573 1780 1639 virgine?

94 1645 267 1710 Neque
306 1647 400 1696 hoc
434 1647 580 1697 debet
611 1648 883 1713 offendere,
922 1650 1070 1698 immo
1110 1650 1275 1713 potius
1307 1648 1365 1697 ad
1405 1651 1638 1712 pietatem
1672 1664 1776 1697 sus-

96 1719 368 1784 cipiendam
440 1721 587 1770 debet
652 1722 922 1788 adducere,
991 1722 1122 1786 quod
1185 1721 1420 1770 mirabilis
1490 1721 1779 1770 mirabiliter

98 1799 242 1841 natus
281 1800 370 1843 est.
433 1794 505 1843 An
538 1810 654 1843 vero
697 1796 826 1859 quod
866 1797 1030 1859 ipsum
1077 1810 1257 1859 corpus
1301 1801 1459 1844 morte
1501 1795 1779 1859 depositum

98 1873 148 1914 et
200 1868 251 1914 in
306 1867 482 1916 melius
537 1871 902 1917 resurrectione
957 1876 1200 1917 mutatum
1254 1871 1350 1917 iam
1403 1868 1776 1933 incorruptibile

94 1953 255 2003 neque
294 1941 501 1989 mortale
544 1944 595 1989 in
636 1957 850 2006 supelna
889 1941 1135 2007 subvexit,
1183 1942 1277 1991 hoc
1324 1943 1400 1990 1²01
1404 1949 1531 1990 tasse
1573 1942 1775 1990 credere

95 2015 336 2062 recusatis
395 1999 646 2063 intuentes
700 2015 1028 2079 Porphyrium
1082 2017 1132 2063 in
1186 2015 1263 2064 his
1318 2017 1438 2079 ipsis
1492 2015 1652 2080 libris,
1717 2031 1776 2064 ex

96 2085 275 2149 quibus
308 2087 461 2136 multa
492 2090 650 2154 posui,
691 2104 814 2152 quos
847 2089 906 2137 de
939 2103 1171 2152 regressu
1204 2091 1392 2138 animae
1434 2090 1644 2154 scripsit,
1677 2096 1776 2138 tam

43 2164 55 2173 '
98 2158 272 2207 crebro
312 2163 599 2225 praecipere
634 2177 776 2210 omne
812 2177 992 2226 corpus
1025 2177 1133 2211 esse
1173 2162 1483 2228 fugiendum,
1522 2169 1578 2211 ut
1616 2164 1775 2210 anima

92 2234 249 2296 possit
294 2232 438 2282 beata
485 2250 775 2299 permanere
818 2251 931 2284 cum
970 2233 1107 2284 Deo?
1186 2236 1279 2284 Sed
1328 2238 1431 2300 ipse
1478 2237 1643 2300 potius
1683 2238 1774 2284 ista

94 2307 310 2355 sentiens
344 2308 665 2371 corrigendus
706 2309 813 2374 fuit,
851 2311 1143 2373 praesertim
1176 2325 1288 2358 cum
1321 2309 1381 2358 de
1414 2311 1571 2358 anima
1605 2310 1775 2358 mundi

95 2377 243 2427 huius
282 2379 486 2429 visibilis
534 2388 583 2430 et
630 2388 728 2430 tam
777 2384 991 2446 ingentis
1031 2398 1295 2448 corporeae
1343 2383 1484 2431 molis
1532 2397 1643 2431 cum
1690 2382 1771 2430 illo

92 2457 191 2499 tam
238 2453 543 2502 incredibilia
592 2457 802 2519 sapiatis
879 2455 1079 2505 Platone
1121 2459 1301 2521 quippe
1350 2463 1548 2505 auctore
1597 2454 1773 2503 animal

94 2539 200 2572 esse
242 2526 403 2575 dicitis
451 2528 689 2576 mundum
729 2535 777 2576 et
825 2529 1001 2578 animal
1047 2529 1408 2595 beatissimum,
1457 2529 1585 2592 quod
1630 2528 1772 2577 vultis

94 2611 200 2646 esse
246 2601 390 2647 etiam
440 2603 809 2666 sempiternum.
889 2602 995 2659 Quo
1045 2603 1187 2651 modo
1236 2619 1352 2667 ergo
1400 2618 1490 2650 uec
1539 2616 1770 2665 umquam

210 2727 283 2782 31)
315 2726 435 2771 Tim.
467 2743 510 2783 p.
546 2733 602 2771 30
637 2743 734 2784 sqq.

209 2863 234 2902 5
267 2859 490 2903 debuistis
522 2860 567 2902 A
590 2862 605 2916 ΙΙ
632 2865 683 2904 15
716 2860 765 2903 in
796 2861 884 2905 fide
917 2861 990 2914 A,·
1021 2861 1076 2915 cf.
1110 2865 1215 2915 456,
1247 2864 1305 2905 35

180 2949 273 2975 Auo.
298 2950 350 2973 m:
376 2950 452 2974 εῖν.
476 2951 556 2975 Dm.
581 2942 610 2973 Ι.
1360 2939 1413 2976 29

1816 930 1869 969 10

1814 1296 1866 1335 15

1811 1663 1866 1702 20

1809 2029 1864 2068 25

1806 2395 1864 2434 30
