2020 3122
0 1560 18 1617 *ᾖ

79 914 133 952 10

80 1281 133 1320 15

79 1648 135 1688 20

80 2017 134 2056 25

78 2384 136 2423 30

165 118 272 171 598
839 128 873 162 s,
898 128 1175 162 Aueusmn

167 243 251 306 qui
291 242 349 290 de
404 243 664 306 scripturis
704 242 838 306 loqui
877 241 1048 290 volunt
1087 249 1136 290 et
1175 242 1536 305 scripturarum
1576 241 1853 305 locutiones

166 330 263 363 non
320 315 604 381 advertunt,
656 330 758 363 non
809 315 902 364 hoc
950 314 1108 363 solum
1159 314 1257 364 dici
1315 315 1449 363 exire
1498 329 1556 363 ex
1612 330 1697 363 ore
1748 314 1852 382 Dei,

167 388 296 452 quod
352 397 427 437 est
482 388 697 453 aequalis
754 388 1075 452 eiusdemque
1128 394 1358 454 naturae,
1409 388 1608 437 audiant
1658 388 1732 438 vel
1783 387 1849 436 le·

166 469 282 526 gant
338 461 467 526 quod
517 461 616 510 Deo
667 462 859 511 dicente
910 463 1149 527 scriptum
1199 468 1296 511 est:
1358 463 1604 521 Quoniam
1654 464 1852 525 tepidus

166 551 218 584 es
258 543 304 584 et
343 551 503 596 neque
542 535 740 585 calidus
787 550 948 598 neque
991 535 1239 602 friyiduS,
1287 538 1527 598 incipiam
1568 542 1615 585 te
1654 539 1855 586 reicere

167 624 231 658 ex
271 624 360 658 ore
399 624 518 658 meo,

313 682 453 732 Nulla
485 685 649 747 itaque
683 698 829 732 causa
861 690 950 749 est,
991 698 1080 731 cur
1120 684 1427 747 apertissime
1468 682 1691 746 loquenti
1731 683 1851 731 resi·

167 763 351 804 stamus
399 756 640 822 apostoIO,
690 756 773 805 ubi
820 756 879 804 ab
929 755 1135 820 spiritali
1175 771 1383 821 corpore
1425 771 1607 820 corpus
1646 755 1852 805 animale

165 830 467 896 discernenS,
506 830 553 879 id
587 837 663 878 est
695 830 754 878 ab
786 829 868 878 illo
900 831 951 878 in
985 845 1082 893 quo
1122 830 1278 878 futuri
1319 845 1490 879 sumus
1529 829 1622 879 hoc
1662 831 1712 878 in
1753 844 1853 894 quo

167 918 297 952 nunc
339 918 524 970 sunum,
565 906 650 952 ait:
703 905 996 953 Seminatur
1035 919 1219 967 corpus
1252 906 1485 966 animale,
1525 910 1702 965 surqet
1739 918 1852 953 cor-

159 992 256 1038 pus
294 980 525 1039 spiritale
533 994 552 1035 ;
589 980 637 1026 si
674 983 747 1026 est
785 992 970 1040 corpus
1010 980 1243 1038 animale,
1284 983 1358 1026 est
1395 983 1445 1027 et
1481 979 1713 1040 spiritale
1721 995 1740 1035 ;
1778 980 1854 1027 sic

166 1058 213 1099 et
250 1053 494 1112 scriptum
535 1057 631 1100 est:
678 1053 867 1100 Factus
914 1057 987 1100 est
1028 1054 1224 1113 primus
1262 1053 1406 1101 homo
1447 1052 1610 1100 Adam
1651 1053 1702 1100 in
1743 1052 1851 1100 ani-

164 1139 294 1172 mam
345 1127 610 1186 viventem,
662 1127 957 1173 novissimus
1004 1127 1166 1173 Adam
1217 1128 1268 1174 in
1318 1128 1552 1188 spiritum
1592 1127 1852 1184 vivifican-

165 1206 273 1246 tem.
352 1198 457 1247 Sed
486 1213 585 1247 non
611 1201 832 1260 primum
871 1201 1009 1260 quod
1043 1201 1276 1261 spiritale
1316 1205 1402 1265 est,
1440 1201 1533 1248 sed
1568 1200 1705 1260 quod
1742 1201 1851 1247 ani·

166 1274 320 1336 male,
353 1278 532 1334 postea
570 1275 814 1334 spiritale.
893 1273 1096 1322 Primus
1134 1274 1276 1322 homo
1318 1275 1381 1322 de
1420 1278 1564 1322 terra
1604 1278 1852 1332 terrenuS,

167 1347 420 1394 secundus
459 1347 601 1395 homo
643 1348 704 1394 de
743 1348 900 1395 caelo.
985 1347 1159 1406 Qualis
1198 1352 1455 1408 terrenus‘,
1504 1349 1628 1395 tales
1668 1351 1717 1395 et
1754 1352 1853 1395 ter-

167 1421 294 1479 reni,
336 1425 385 1467 et
415 1422 579 1480 qualis
612 1422 855 1480 caelesti&
896 1423 1020 1469 tales
1052 1426 1101 1469 et
1139 1423 1391 1470 caelestes.
1469 1421 1538 1468 Et
1574 1434 1670 1482 quo
1710 1421 1854 1469 modo

168 1494 420 1541 induimus
459 1495 727 1554 imaqinem
768 1497 985 1553 terreni,
1043 1495 1311 1542 induamus
1351 1499 1399 1543 et
1438 1496 1706 1554 imaqinem
1746 1495 1855 1542 eius

167 1567 256 1625 qui
300 1567 362 1614 de
409 1569 550 1615 eaelo
597 1573 682 1615 est.
761 1566 829 1614 De
882 1566 1061 1631 quibus
1101 1567 1329 1616 omnibus
1369 1566 1650 1632 apostolicis
1689 1565 1855 1615 verbis

170 1641 399 1702 superius
451 1639 604 1689 locuti
657 1655 842 1689 sumus,
921 1639 1112 1705 Corpus
1165 1642 1316 1704 igitur
1367 1640 1600 1706 animale,
1654 1642 1704 1688 in
1756 1654 1855 1705 quo

167 1714 382 1776 primum
431 1713 679 1762 hominem
728 1713 880 1762 Adam
929 1714 1111 1763 sactum
1152 1729 1261 1762 esse
1301 1714 1421 1763 dicit
1459 1713 1733 1778 apostoluS,
1783 1715 1855 1762 sic

169 1793 273 1834 erat
304 1787 503 1853 factum,
544 1802 643 1835 non
675 1793 732 1836 ut
764 1788 892 1835 mori
932 1789 1133 1836 omnino
1173 1803 1270 1836 non
1311 1794 1495 1853 posset,
1535 1787 1621 1836 sed
1660 1794 1717 1836 ut
1755 1802 1855 1835 non

167 1866 463 1926 moreretur,
502 1862 598 1908 nisi
637 1860 783 1909 homo
822 1867 1091 1925 peccasset.
1169 1860 1290 1909 Nam
1330 1861 1465 1926 illud,
1505 1860 1636 1926 quod
1677 1862 1854 1925 spiritu

166 1933 439 1981 vivificante
492 1934 708 1998 spiritale
762 1936 857 1983 erit
908 1941 958 1983 et
1003 1935 1290 2000 inmortale,
1340 1936 1466 1983 mori
1516 1936 1716 1983 omnino
1756 1948 1855 1982 non

169 2008 367 2072 poterit,
408 2009 536 2056 sicut
575 2010 734 2056 anima
774 2014 938 2056 creata
978 2014 1054 2057 est
1091 2008 1382 2068 inmortaliS,
1425 2022 1548 2072 quae
1588 2007 1703 2056 licet
1741 2021 1854 2072 pec-

167 2086 275 2128 cato
315 2086 508 2129 mortua
546 2080 868 2145 perhibeatur
906 2096 1080 2130 carens
1121 2082 1328 2146 quadam
1368 2084 1463 2131 vita
1505 2097 1607 2147 sua,
1646 2081 1739 2129 hoc
1780 2087 1857 2129 est

171 2153 249 2200 dei
291 2152 502 2220 Spiritu,
550 2169 647 2218 quo
695 2157 841 2204 etiam
884 2157 1132 2219 sapienter
1172 2162 1222 2204 et
1261 2155 1402 2204 beate
1443 2157 1605 2203 vivere
1644 2161 1856 2223 poterat,

168 2233 331 2275 tamen
371 2230 571 2291 propria
611 2228 833 2295 quadam,
873 2228 988 2277 licet
1029 2230 1230 2294 misera,
1270 2231 1367 2278 vita
1408 2244 1495 2277 sua
1536 2243 1632 2277 non
1675 2228 1856 2276 desinit

168 2301 354 2366 vivere,
402 2302 515 2364 quia
554 2301 828 2350 inmortalis
868 2309 944 2350 est
983 2308 1168 2368 creata3
1218 2304 1346 2351 sicut
1387 2304 1533 2351 etiam
1573 2301 1856 2350 desertores

168 2372 354 2438 angeli,
393 2373 509 2422 licet
548 2374 819 2423 secundum
861 2375 1104 2439 quendam
1145 2376 1343 2424 modum
1383 2377 1566 2424 mortui
1606 2377 1703 2424 sint
1741 2388 1856 2438 pec-

286 2487 329 2541 6)
362 2488 506 2542 Apoc.
539 2491 580 2542 3,
615 2492 683 2532 16.
749 2488 820 2542 19)
857 2492 895 2532 1.
929 2486 1030 2533 Cor.
1066 2492 1135 2543 15,
1167 2493 1226 2531 44
1254 2503 1355 2544 sqq.

287 2624 312 2661 5
344 2618 516 2663 reicere
558 2618 669 2672 VF,·
702 2618 849 2663 eicere
882 2618 952 2672 A;
984 2632 1199 2663 evomere
1233 2633 1259 2663 v
1297 2622 1313 2675 ΙΙ
1356 2624 1410 2663 10
1443 2620 1602 2676 surget
1633 2619 1746 2662 VAv
1778 2618 1853 2674 (cf.

168 2681 309 2731 589);
341 2677 490 2733 surgit
520 2677 570 2720 F
597 2680 612 2732 ΙΙ
645 2683 696 2721 11
731 2677 796 2721 sic
828 2679 876 2721 et
915 2677 1027 2729 VA‚·
1060 2677 1125 2722 sic
1159 2680 1230 2721 est
1260 2678 1332 2731 F;
1364 2678 1486 2722 sicut
1515 2693 1540 2721 v
1565 2680 1580 2732 Ιί
1605 2682 1658 2721 15
1690 2679 1857 2734 postea

180 2735 265 2778 VA
296 2737 373 2790 (cf.
408 2740 512 2790 590,
545 2741 648 2791 15);
686 2738 850 2793 postea
881 2731 1006 2791 quod
1037 2750 1062 2779 v
1094 2738 1109 2791 ΙΙ
1142 2741 1195 2780 16
1230 2737 1286 2780 de
1323 2737 1451 2781 caelo
1497 2736 1585 2780 VF
1611 2740 1739 2790 (590,
1770 2740 1826 2780 31
1837 2751 1855 2788 ;

170 2795 245 2838 lib.
271 2799 331 2839 18
357 2808 390 2839 c.
419 2800 472 2838 11
474 2799 520 2849 ),·
554 2795 594 2840 d.
630 2809 665 2840 c.
701 2794 913 2839 caelestis
949 2794 1016 2839 Av
1041 2797 1056 2851 ΙΙ
1082 2800 1133 2838 17
1169 2798 1216 2839 et
1248 2795 1401 2850 qualis
1438 2795 1519 2839 VA
1553 2809 1633 2840 see.
1668 2794 1824 2839 Graec.
1836 2811 1855 2848 ;

168 2854 216 2896 et
245 2865 326 2896 om.
362 2854 504 2909 υ1127
541 2853 666 2909 quod
706 2853 748 2897 V
