2020 3122
263 136 368 188 186
908 160 916 168 ·
950 146 984 180 s.
1000 137 1285 182 rAUGUS'rm

257 261 423 326 putari
477 257 650 326 debui,
712 261 807 308 nisi
858 259 1111 309 evidenter
1166 259 1257 308 alio
1312 259 1420 308 loco
1475 260 1580 324 ipse
1636 258 1827 310 diceret
1878 259 1938 310 de

259 332 579 398 religionibus
617 332 825 398 loquens
857 332 1007 383 multa
1042 349 1150 383 esse
1181 348 1311 399 vera,
1351 348 1474 398 quae
1513 348 1613 382 non
1655 332 1797 382 modo
1838 333 1939 383 vul-

259 423 319 472 go
360 408 486 455 scire
512 422 612 456 non
645 408 708 456 sit
739 406 875 474 utile,
915 407 1001 456 sed
1034 409 1194 474 etiam,
1234 409 1429 456 tametsi
1469 405 1586 455 falsa
1626 413 1757 473 sunt,
1797 406 1940 456 aliter

259 481 539 529 existimare
587 480 826 546 populum
873 480 1121 547 expediat,
1169 487 1218 530 et
1263 481 1374 529 ideo
1415 479 1628 529 Graecos
1668 480 1842 530 teletas
1882 495 1938 530 ac

199 563 225 603 5
258 555 490 619 mysteria
522 556 870 617 ⁵taciturnitate
918 554 1288 619 parietibusque
1337 554 1584 603 clausisse.
1663 553 1754 602 Hic
1803 560 1937 604 certe

257 634 415 678 totum
457 628 716 678 consilium
754 627 971 693 prodidit
1009 628 1141 677 velut
1181 629 1490 694 sapientium,
1529 643 1620 693 per
1661 643 1784 692 quos
1825 628 1938 676 civi-

257 708 382 751 tates
409 708 458 750 et
479 702 650 766 populi
674 709 983 767 regerentur.
1060 701 1162 750 Hac
1189 708 1350 750 tamen
1383 701 1570 751 fallacia
1603 703 1740 750 miris
1780 701 1939 751 modis

255 775 453 839 maligni
478 775 740 824 daemones
765 774 1087 841 delectantur,
1120 776 1204 840 qui
1228 781 1278 824 et
1302 774 1592 840 deceptores
1625 781 1674 824 et
1705 774 1939 840 deceptos

255 850 442 914 pariter
480 849 761 916 possident,
801 864 827 897 a
866 864 1079 914 quorum
1120 848 1450 898 dominatione
1491 864 1590 898 non
1627 848 1806 898 liberat
1843 849 1939 898 nisi

167 932 227 974 10
259 924 412 987 gratia
452 922 540 971 Dei
578 938 669 987 per
708 922 872 971 Iesum
912 921 1164 971 Christum
1204 922 1457 971 dominum
1497 928 1738 971 nostrum.

404 996 532 1045 Dicit
579 998 726 1045 etiam
772 996 903 1044 idem
951 1002 1123 1045 auctor
1173 997 1488 1045 acutissimus
1528 1003 1673 1061 atque
1714 996 1939 1046 doctissi-

255 1085 392 1136 mUS,
420 1069 564 1134 'quod
603 1069 655 1118 hi
694 1069 786 1118 soli
826 1071 871 1118 ei
911 1068 1168 1119 videantur
1208 1069 1608 1119 animadvertisse
1649 1069 1766 1134 quid
1807 1075 1942 1119 esset

254 1143 400 1209 DeUS,
442 1145 527 1207 qui
566 1142 886 1193 crediderunt
925 1158 1039 1192 eum
1078 1159 1187 1193 esse
1228 1144 1438 1192 animam
1478 1149 1614 1193 motu
1654 1158 1708 1192 ac
1748 1145 1938 1192 ratione

255 1217 496 1266 mundum
542 1216 922 1283 gubernantem,
970 1232 1024 1266 ac
1063 1233 1154 1281 per
1191 1216 1307 1282 hoc,
1348 1218 1442 1266 etsi
1481 1217 1702 1267 nondum
1741 1215 1941 1266 tenebat

169 1299 223 1340 15
258 1290 391 1355 quod
430 1292 609 1340 veritas
641 1290 789 1340 habet
821 1286 979 1357 (Deus
1004 1292 1134 1339 enim
1174 1306 1321 1339 verus
1359 1306 1459 1339 non
1498 1292 1671 1357 anima,
1712 1291 1798 1339 sed
1838 1291 1940 1340 ani-

253 1380 360 1413 mae
409 1379 606 1428 quoque
662 1371 738 1413 est
785 1365 989 1413 effector
1037 1370 1086 1413 et
1133 1358 1407 1431 conditor),
1462 1370 1627 1413 tamen
1671 1365 1718 1418 ‚si
1765 1370 1940 1413 contra

253 1437 555 1503 praeiudicia
602 1438 975 1487 consuetudinis
1023 1436 1148 1486 liber
1198 1453 1306 1487 esse
1345 1444 1535 1504 posset,
1586 1453 1742 1487 unum
1781 1436 1940 1487 Deum

257 1510 518 1560 colendum
551 1511 791 1560 fateretur
822 1517 968 1576 atque
1011 1511 1255 1578 suaderet,
1296 1517 1431 1560 motu
1473 1525 1528 1560 ac
1568 1512 1756 1560 ratione
1797 1526 1938 1560 mun-

255 1585 371 1634 dum
405 1584 775 1649 gubernantem,
817 1591 872 1634 ut
905 1600 960 1634 ea
1000 1600 1114 1634 cum
1151 1584 1232 1633 illo
1274 1584 1334 1634 de
1373 1584 1464 1634 hac
1503 1600 1558 1634 re
1600 1586 1820 1649 quaestio
1861 1600 1938 1634 re·

163 1669 221 1710 20
258 1665 500 1725 maneret,
548 1658 679 1723 quod
728 1674 841 1708 eum
889 1658 1078 1708 diceret
1117 1674 1225 1707 esse
1267 1660 1498 1725 animam,
1546 1674 1645 1707 non
1683 1660 1849 1723 potius
1889 1664 1940 1707 et

253 1734 441 1781 animae
494 1738 781 1781 creatorem.
870 1731 999 1781 Dicit
1052 1734 1198 1782 etiam
1250 1733 1479 1796 antiquos
1530 1731 1776 1781 Romanos
1826 1731 1938 1796 plus

253 1821 406 1854 annos
440 1812 638 1855 centum
676 1813 725 1855 et
757 1807 1066 1872 septuaginta
1104 1805 1222 1855 deos
1262 1807 1367 1854 sine
1408 1804 1670 1854 simulacro
1711 1804 1940 1857 coluisse.

250 1878 424 1946 „Quod
465 1881 507 1928 si
546 1878 720 1946 adhuc,
759 1881 934 1946 inquit,
974 1881 1248 1946 mansisset,
1289 1881 1472 1928 castius
1513 1878 1579 1928 dii
1619 1878 1939 1928 observaren-

253 1947 381 2003 tur.“
458 1952 549 2002 Cui
601 1955 873 2003 sententiae
929 1968 1045 2002 suae
1103 1959 1282 2002 testem
1336 1951 1534 2002 adhibet
1587 1953 1718 2002 inter
1773 1957 1938 2001 cetera

166 2035 222 2076 25
255 2028 404 2075 etiam
430 2033 648 2090 ,gentem
693 2026 943 2093 Iudaeam3
990 2042 1083 2076 nec
1131 2026 1322 2076 dubitat
1361 2041 1476 2075 eum
1514 2025 1679 2075 locum
1716 2027 1784 2074 ita
1823 2040 1938 2075 con·

263 2099 485 2165 cludere,
539 2106 594 2149 ut
649 2100 798 2167 dicat,
853 2102 938 2165 qui
991 2102 1139 2165 primi
1194 2099 1454 2149 simulacra
1498 2099 1705 2149 deorum
1741 2098 1938 2164 populis

259 2179 564 2239 posuerunt,
621 2189 705 2222 eos
757 2173 1036 2223 civitatibus
1088 2175 1192 2223 suis
1243 2180 1293 2223 et
1340 2179 1526 2223 metum
1577 2172 1849 2237 dempsisse
1890 2178 1940 2221 et

259 2261 480 2295 errorem
519 2245 779 2313 addidisse,
818 2246 1091 2311 prudenter
1130 2248 1415 2296 existimans
1455 2246 1573 2295 deos
1612 2245 1752 2295 facile
1791 2259 1938 2310 posse

258 2321 309 2369 in
342 2319 720 2370 simulacrorum
748 2320 1014 2369 stoliditate
1053 2322 1316 2369 contemni.
1396 2319 1538 2378 Quod
1576 2334 1692 2368 vero
1733 2334 1832 2368 non
1872 2320 1940 2368 ait

166 2404 225 2444 30
254 2407 510 2460 „errorem
534 2389 889 2460 tradiderunt“,
921 2393 1006 2442 sed
1037 2389 1417 2459 „addiderunt“:
1449 2395 1546 2442 iam
1577 2394 1751 2456 utique
1784 2393 1938 2442 fuisse

254 2468 400 2516 etiam
441 2468 546 2515 sine
588 2466 862 2516 simulacris
912 2466 1015 2516 vult
1053 2466 1272 2531 intellegi
1311 2481 1547 2519 errorem.
1627 2465 1939 2531 Quapropter

254 2556 367 2590 cum
406 2539 536 2590 solos
576 2540 694 2590 dicit
732 2540 1132 2590 animadvertisse
1173 2540 1290 2604 quid
1330 2546 1462 2589 esset
1500 2539 1661 2606 DeuS,
1701 2540 1786 2604 qui
1825 2553 1941 2588 eum

254 2613 516 2663 crederent
548 2615 756 2663 animam
782 2613 1020 2663 mundum
1043 2612 1417 2679 gubernantem,
1457 2615 1738 2678 castiusque
1773 2613 1939 2662 existi·

254 2694 355 2736 mat
393 2689 499 2736 sine
539 2687 815 2737 simulacris
855 2686 1106 2737 observari
1146 2685 1449 2753 religionem,
1488 2689 1610 2752 quis,
1638 2701 1738 2736 non
1778 2684 1939 2734 videat

378 2877 401 2916 7
434 2872 614 2917 miseris
647 2872 795 2918 modis
827 2873 910 2930 Au
939 2878 989 2918 12
1024 2871 1067 2917 ei
1099 2885 1181 2918 cm.
1215 2872 1260 2916 A
