2020 3122
130 925 185 966 10

129 1293 183 1332 15

127 1660 183 1701 20

126 2028 184 2069 25

126 2397 184 2439 30

225 131 328 183 182
796 167 803 172 .
899 140 950 175 .s.
974 139 1248 176 Aueus'rm

220 261 270 304 et
316 254 605 303 Terminum
653 259 702 302 et
748 252 1053 303 Iuventatem
1099 268 1191 303 nec
1238 252 1338 302 Iovi
1383 254 1490 318 regi
1535 252 1745 303 deorum
1790 252 1899 302 loco

221 328 396 377 cedere
422 323 669 376 voluisse?
711 325 792 376 Sic
825 328 971 393 enim,
1002 328 1249 393 inquiunt,
1289 326 1615 391 significatum
1647 332 1737 392 est,
1777 325 1900 374 Mar-

219 403 336 450 tiam
367 407 578 467 gentem,
617 400 665 449 id
699 407 774 450 est
796 399 1078 467 Romanam,
1118 402 1303 449 nemini
1334 399 1497 449 locum
1530 415 1678 465 quem
1710 405 1904 449 teneret

219 474 456 540 daturam,
496 474 741 523 Romanos
775 489 971 539 quoque
1003 476 1243 523 terminos
1281 479 1487 539 propter
1527 473 1675 523 deum
1714 473 1902 523 Termi·

219 563 338 597 num
385 549 632 596 neminem
672 554 1056 614 commoturum,
1104 549 1410 596 iuventutem
1451 548 1597 597 etiam
1636 547 1905 596 Romanam

217 627 423 686 propter
462 612 602 670 deam
641 621 945 671 Iuventatem
985 623 1170 670 nemini
1211 636 1318 670 esse
1360 636 1625 670 cessuram.
1695 619 1902 670 Videant

219 710 335 760 ergo
376 710 474 760 quo
522 694 665 744 modo
715 694 927 744 habeant
966 696 1116 744 istum
1155 709 1323 759 regem
1363 694 1568 744 deornm
1610 709 1814 743 suorum
1854 701 1904 744 et

218 768 440 818 datorem
485 770 626 833 regni
674 770 772 836 sui,
819 775 874 818 ut
920 783 1034 817 eum
1081 770 1299 833 auspicia
1345 770 1439 817 ista
1484 784 1575 833 pro
1624 768 1903 818 adversario

215 848 481 909 ponerent,
533 844 613 892 cui
666 857 766 891 non
820 841 998 891 cedere
1051 841 1315 906 pulchrum
1370 849 1516 891 esset.
1594 841 1902 907 Quamquam

217 915 337 965 haec
370 917 412 964 si
442 931 556 965 vera
582 923 712 981 sunt,
751 930 850 964 non
890 914 1072 964 habent
1111 917 1310 964 omnino
1352 914 1470 980 quid
1511 916 1729 965 timeant.
1792 915 1901 965 Non

217 991 348 1038 enim
387 989 664 1038 confessuri
704 995 834 1055 sunt,
875 988 1006 1053 quod
1047 988 1114 1038 dii
1153 990 1397 1038 cesserint
1436 987 1648 1055 Christo,
1687 990 1774 1054 qui
1798 988 1902 1038 Iovi

216 1062 392 1111 cedere
417 1062 737 1128 ‘noluerunt3
792 1063 936 1111 salvis
992 1063 1173 1127 quippe
1230 1063 1425 1127 imperii
1478 1061 1659 1112 finibus
1707 1061 1903 1114 Christo

215 1136 391 1185 cedere
446 1143 720 1201 potuerunt
767 1142 816 1185 et
865 1135 926 1185 de
978 1135 1179 1185 sedibus
1226 1134 1451 1185 locorum
1498 1142 1549 1186 et
1594 1138 1802 1186 maxime
1843 1136 1904 1186 de

215 1209 364 1259 corde
420 1210 743 1259 credentium.
823 1209 921 1259 Sed
975 1216 1240 1274 antequam
1293 1209 1521 1259 Christus
1582 1212 1798 1259 venisset
1851 1213 1904 1260 in

217 1299 379 1350 carne,
418 1290 683 1348 antequam
721 1282 934 1347 denique
973 1285 1067 1332 ista
1106 1282 1460 1349 scriberentur,
1499 1298 1624 1347 quae
1664 1283 1724 1333 de
1764 1283 1904 1334 libris

216 1372 390 1406 eorum
442 1358 766 1422 proferimus,
821 1356 908 1406 sed
963 1363 1128 1406 tamen
1181 1363 1353 1421 postea
1401 1371 1547 1421 quam
1594 1358 1778 1407 factum
1829 1365 1905 1408 est

214 1429 306 1480 sub
345 1446 462 1495 rege
501 1430 770 1495 Tarquinio
810 1430 930 1479 illud
971 1431 1268 1495 auspicium,
1318 1430 1613 1495 aliquotiens
1651 1430 1902 1481 Romanus

214 1506 462 1553 exercitus
503 1504 642 1553 fusus
681 1510 778 1570 est,
823 1503 916 1553 hoc
964 1510 1041 1553 est
1092 1519 1264 1552 versus
1302 1506 1354 1552 in
1393 1504 1581 1570 fugam,
1628 1505 1904 1570 falsumque

214 1577 430 1627 ostendit
482 1579 780 1643 auspicium,
833 1592 931 1642 quo
971 1577 1197 1626 Iuventas
1249 1577 1330 1626 illa
1380 1592 1480 1626 non
1531 1585 1749 1627 cesserat
1787 1578 1903 1644 lovi,

215 1658 265 1701 et
309 1667 430 1715 gens
469 1651 642 1700 Martia
698 1650 1048 1716 superantibus
1094 1658 1241 1715 atque
1294 1651 1695 1716 inrumpentibus
1754 1651 1902 1702 Gallis

215 1727 266 1774 in
304 1727 408 1789 ipsa
441 1723 572 1774 Urbe
614 1727 828 1774 contrita
867 1731 957 1791 est,
997 1732 1047 1774 et
1086 1726 1285 1773 termini
1323 1726 1519 1790 imperii
1558 1724 1901 1776 deficientibus

215 1798 382 1848 multis
445 1798 504 1846 ad
558 1797 879 1847 Hannibalem
941 1797 1221 1847 civitatibus
1271 1800 1323 1847 in
1386 1805 1650 1862 angustum
1705 1799 1904 1850 fuerant

216 1873 436 1921 coartati.
513 1871 584 1921 Ita
609 1878 839 1922 evacuata
864 1879 939 1922 est
961 1870 1278 1938 pulchritudo
1319 1874 1670 1939 auspiciorum,
1709 1887 1917 1929 reman2

216 1947 282 1995 sit
306 1952 479 1994 contra
494 1945 658 1994 Iovem
683 1948 1004 2011 contumacia,
1029 1961 1128 1994 non
1154 1945 1377 2011 deorum,
1402 1945 1488 1995 sed
1515 1945 1899 1996 daemoniorum.

216 2018 359 2068 Aliud
399 2025 475 2068 est
513 2021 645 2068 enim
683 2035 783 2068 non
823 2021 1056 2085 cessisse,
1096 2018 1226 2068 aliud
1266 2019 1396 2069 unde
1438 2034 1660 2069 cesseras
1699 2019 1901 2070 redisse.

219 2091 525 2156 Quamquam
582 2098 632 2141 et
682 2099 853 2157 postea
907 2095 959 2142 in
1013 2091 1336 2142 orientalibus
1389 2092 1615 2158 partibus
1669 2093 1903 2143 Hadriani

215 2165 465 2215 voluntate
504 2167 678 2215 mutati
717 2173 834 2215 sunt
872 2167 1072 2215 termini
1110 2168 1306 2231 imperii
1345 2165 1565 2216 Romani.
1642 2166 1899 2216 Illenam-

217 2254 312 2303 que
364 2246 467 2288 tres
521 2240 798 2303 provincias
852 2239 1070 2304 nobiles,
1124 2239 1433 2306 Armeniam,
1486 2239 1900 2306 Mesopotamiam,

215 2314 484 2378 Assyriam,
531 2311 798 2362 Persarum
837 2315 1082 2362 concessit
1121 2314 1353 2379 imperio,
1403 2320 1460 2363 ut
1497 2312 1620 2362 deus
1658 2313 1739 2363 ille
1780 2314 1897 2364 Ter·

218 2388 395 2452 minUS,
435 2388 519 2450 qui
544 2385 788 2435 Romanos
827 2387 1065 2435 terminos
1106 2386 1381 2436 secundum
1418 2388 1541 2436 istos
1583 2385 1813 2437 tuebatur
1852 2395 1901 2438 et

217 2475 307 2524 per
346 2459 466 2509 illud
505 2459 897 2524 pulcherrimum
935 2461 1211 2525 auspicium
1249 2459 1356 2509 loco
1396 2475 1497 2509 non
1536 2468 1753 2510 cesserat
1785 2461 1900 2528 Iovi,

215 2533 327 2598 plus
382 2532 684 2583 Hadrianum
741 2548 910 2598 regem
962 2532 1219 2582 hominum
1272 2548 1420 2598 quam
1472 2548 1641 2599 regem
1694 2534 1901 2585 deorum

216 2608 439 2657 timuisse
479 2606 716 2656 videatur.
793 2606 1025 2673 Receptis
1073 2622 1269 2672 quoque
1309 2606 1402 2656 alio
1443 2614 1664 2673 tempore
1703 2609 1898 2674 provin-

218 2681 306 2730 ciis
347 2682 629 2730 memoratis
668 2686 837 2730 nostra
875 2695 1029 2746 paene
1070 2682 1306 2730 memoria
1344 2687 1593 2731 retrorsus
1635 2681 1898 2732 Terminus

338 2872 393 2910 14
425 2866 628 2913 uenisset
658 2866 827 2922 AKR·
858 2867 1038 2913 veniret
1068 2881 1094 2912 v
