<?xml version="1.0" encoding="UTF-8"?>
<!DOCTYPE html PUBLIC "-//W3C//DTD XHTML 1.0 Transitional//EN"
    "http://www.w3.org/TR/xhtml1/DTD/xhtml1-transitional.dtd">
<html xmlns="http://www.w3.org/1999/xhtml" xml:lang="en" lang="en">
 <head>
  <title>
</title>
<meta http-equiv="Content-Type" content="text/html;charset=utf-8" />
  <meta name='ocr-system' content='tesseract 3.04.00' />
  <meta name='ocr-capabilities' content='ocr_page ocr_carea ocr_par ocr_line ocrx_word'/>
</head>
<body>
  <div class='ocr_page' id='page_1' title='image "./decivitatedeilib01auguuoft_0311.png"; bbox 0 0 2020 3122; ppageno 0'>
   <div class='ocr_carea' id='block_1_1' title="bbox 514 143 1784 195">
    <p class='ocr_par' dir='ltr' id='par_1_1' title="bbox 514 143 1784 195">
     <span class='ocr_line' id='line_1_1' title="bbox 514 143 1784 195; baseline 0.011 -14"><span class='ocrx_word' id='word_1_1' title='bbox 514 150 581 181; x_wconf 80' lang='lat' dir='ltr'>DE</span> <span class='ocrx_word' id='word_1_2' title='bbox 607 149 846 183; x_wconf 70' lang='lat' dir='ltr'>c1v1&#39;rA&#39;rE</span> <span class='ocrx_word' id='word_1_3' title='bbox 870 151 957 182; x_wconf 77' lang='lat' dir='ltr'>Dm</span> <span class='ocrx_word' id='word_1_4' title='bbox 980 151 1021 183; x_wconf 82' lang='lat' dir='ltr'>L.</span> <span class='ocrx_word' id='word_1_5' title='bbox 1047 153 1133 185; x_wconf 78' lang='lat' dir='ltr'>vn.</span> <span class='ocrx_word' id='word_1_6' title='bbox 1158 153 1194 185; x_wconf 88' lang='lat' dir='ltr'>c.</span> <span class='ocrx_word' id='word_1_7' title='bbox 1220 156 1271 188; x_wconf 87' lang='lat'>20.</span> <span class='ocrx_word' id='word_1_8' title='bbox 1296 156 1349 187; x_wconf 82' lang='lat'>21.</span> <span class='ocrx_word' id='word_1_9' title='bbox 1676 143 1784 195; x_wconf 83' lang='lat'>299</span> 
     </span>
    </p>
   </div>
   <div class='ocr_carea' id='block_1_2' title="bbox 102 260 1783 547">
    <p class='ocr_par' dir='ltr' id='par_1_2' title="bbox 102 260 1783 547">
     <span class='ocr_line' id='line_1_2' title="bbox 104 260 1783 333; baseline 0.004 -23"><span class='ocrx_word' id='word_1_10' title='bbox 104 260 230 310; x_wconf 89' lang='lat' dir='ltr'>blico</span> <span class='ocrx_word' id='word_1_11' title='bbox 270 260 529 326; x_wconf 87' lang='lat' dir='ltr'>celebrata,</span> <span class='ocrx_word' id='word_1_12' title='bbox 569 263 681 324; x_wconf 90' lang='lat' dir='ltr'>quia</span> <span class='ocrx_word' id='word_1_13' title='bbox 721 276 897 318; x_wconf 82' lang='lat' dir='ltr'>rursus</span> <span class='ocrx_word' id='word_1_14' title='bbox 937 262 1106 311; x_wconf 91' lang='lat' dir='ltr'>eadem</span> <span class='ocrx_word' id='word_1_15' title='bbox 1150 265 1423 315; x_wconf 81' lang='lat' dir='ltr'><strong>fecunditas</strong></span> <span class='ocrx_word' id='word_1_16' title='bbox 1463 267 1625 333; x_wconf 90' lang='lat' dir='ltr'>rediit,</span> <span class='ocrx_word' id='word_1_17' title='bbox 1664 267 1783 315; x_wconf 89' lang='lat' dir='ltr'>Pro-</span> 
     </span>
     <span class='ocr_line' id='line_1_3' title="bbox 105 333 1782 399; baseline 0.004 -16"><span class='ocrx_word' id='word_1_18' title='bbox 105 336 301 399; x_wconf 88' lang='lat' dir='ltr'>serpina</span> <span class='ocrx_word' id='word_1_19' title='bbox 338 333 530 383; x_wconf 89' lang='lat' dir='ltr'>reddita</span> <span class='ocrx_word' id='word_1_20' title='bbox 576 341 795 383; x_wconf 82' lang='lat' dir='ltr'><strong>exortam</strong></span> <span class='ocrx_word' id='word_1_21' title='bbox 848 350 956 384; x_wconf 90' lang='lat' dir='ltr'>esse</span> <span class='ocrx_word' id='word_1_22' title='bbox 996 335 1229 385; x_wconf 81' lang='lat' dir='ltr'><strong>laetitiam</strong></span> <span class='ocrx_word' id='word_1_23' title='bbox 1270 345 1320 387; x_wconf 92' lang='lat' dir='ltr'>et</span> <span class='ocrx_word' id='word_1_24' title='bbox 1358 355 1418 388; x_wconf 82' lang='lat' dir='ltr'>ex</span> <span class='ocrx_word' id='word_1_25' title='bbox 1456 339 1548 388; x_wconf 92' lang='lat' dir='ltr'>hoc</span> <span class='ocrx_word' id='word_1_26' title='bbox 1589 340 1782 389; x_wconf 92' lang='lat' dir='ltr'>sollem-</span> 
     </span>
     <span class='ocr_line' id='line_1_4' title="bbox 102 406 1783 479; baseline 0.004 -23"><span class='ocrx_word' id='word_1_27' title='bbox 102 410 181 456; x_wconf 92' lang='lat' dir='ltr'>nia</span> <span class='ocrx_word' id='word_1_28' title='bbox 213 409 494 456; x_wconf 86' lang='lat' dir='ltr'>constituta.</span> <span class='ocrx_word' id='word_1_29' title='bbox 570 406 698 457; x_wconf 84' lang='lat' dir='ltr'>Dicit</span> <span class='ocrx_word' id='word_1_30' title='bbox 730 408 906 456; x_wconf 91' lang='lat' dir='ltr'>deinde</span> <span class='ocrx_word' id='word_1_31' title='bbox 939 408 1092 457; x_wconf 91' lang='lat' dir='ltr'>multa</span> <span class='ocrx_word' id='word_1_32' title='bbox 1123 411 1174 458; x_wconf 92' lang='lat' dir='ltr'>in</span> <span class='ocrx_word' id='word_1_33' title='bbox 1207 414 1454 475; x_wconf 81' lang='lat' dir='ltr'><strong>mysteriis</strong></span> <span class='ocrx_word' id='word_1_34' title='bbox 1494 415 1600 462; x_wconf 91' lang='lat' dir='ltr'>eius</span> <span class='ocrx_word' id='word_1_35' title='bbox 1641 413 1783 479; x_wconf 84' lang='lat' dir='ltr'>tradi,</span> 
     </span>
     <span class='ocr_line' id='line_1_5' title="bbox 106 480 1544 547; baseline 0.004 -18"><span class='ocrx_word' id='word_1_36' title='bbox 106 495 227 546; x_wconf 91' lang='lat' dir='ltr'>quae</span> <span class='ocrx_word' id='word_1_37' title='bbox 268 482 364 530; x_wconf 90' lang='lat' dir='ltr'>nisi</span> <span class='ocrx_word' id='word_1_38' title='bbox 402 480 460 529; x_wconf 91' lang='lat' dir='ltr'>ad</span> <span class='ocrx_word' id='word_1_39' title='bbox 501 481 700 546; x_wconf 85' lang='lat' dir='ltr'>frugum</span> <span class='ocrx_word' id='word_1_40' title='bbox 739 483 1072 530; x_wconf 81' lang='lat' dir='ltr'>inventionem</span> <span class='ocrx_word' id='word_1_41' title='bbox 1112 498 1212 531; x_wconf 88' lang='lat' dir='ltr'>non</span> <span class='ocrx_word' id='word_1_42' title='bbox 1250 487 1544 547; x_wconf 89' lang='lat' dir='ltr'>pertineant.</span> 
     </span>
    </p>
   </div>
   <div class='ocr_carea' id='block_1_3' title="bbox 757 682 1839 739">
    <p class='ocr_par' dir='ltr' id='par_1_3' title="bbox 757 682 1839 739">
     <span class='ocr_line' id='line_1_6' title="bbox 757 682 1839 739; baseline 0.003 -3"><span class='ocrx_word' id='word_1_43' title='bbox 757 682 950 736; x_wconf 82' lang='lat' dir='ltr'>CAPUT</span> <span class='ocrx_word' id='word_1_44' title='bbox 980 684 1126 737; x_wconf 91' lang='lat' dir='ltr'>XXI.</span> <span class='ocrx_word' id='word_1_45' title='bbox 1815 699 1839 739; x_wconf 85' lang='lat'>5</span> 
     </span>
    </p>
   </div>
   <div class='ocr_carea' id='block_1_4' title="bbox 137 792 1744 853">
    <p class='ocr_par' dir='ltr' id='par_1_4' title="bbox 137 792 1744 853">
     <span class='ocr_line' id='line_1_7' title="bbox 137 792 1744 853; baseline 0 -13"><span class='ocrx_word' id='word_1_46' title='bbox 137 793 212 841; x_wconf 84' lang='lat' dir='ltr'>De</span> <span class='ocrx_word' id='word_1_47' title='bbox 251 792 565 853; x_wconf 74' lang='lat' dir='ltr'>turpitudine</span> <span class='ocrx_word' id='word_1_48' title='bbox 603 805 892 851; x_wconf 81' lang='lat' dir='ltr'>sacrorum,</span> <span class='ocrx_word' id='word_1_49' title='bbox 941 806 1072 852; x_wconf 80' lang='lat' dir='ltr'>quae</span> <span class='ocrx_word' id='word_1_50' title='bbox 1111 792 1296 842; x_wconf 81' lang='lat' dir='ltr'>Libero</span> <span class='ocrx_word' id='word_1_51' title='bbox 1337 794 1744 842; x_wconf 79' lang='lat' dir='ltr'>celebrabantur.</span> 
     </span>
    </p>
   </div>
   <div class='ocr_carea' id='block_1_5' title="bbox 97 892 1870 2652">
    <p class='ocr_par' dir='ltr' id='par_1_5' title="bbox 97 892 1870 2652">
     <span class='ocr_line' id='line_1_8' title="bbox 246 892 1781 960; baseline 0.002 -19"><span class='ocrx_word' id='word_1_52' title='bbox 246 893 346 942; x_wconf 89' lang='lat' dir='ltr'>Iam</span> <span class='ocrx_word' id='word_1_53' title='bbox 392 909 509 942; x_wconf 91' lang='lat' dir='ltr'>vero</span> <span class='ocrx_word' id='word_1_54' title='bbox 550 892 718 942; x_wconf 81' lang='lat' dir='ltr'>Liberi</span> <span class='ocrx_word' id='word_1_55' title='bbox 766 909 926 960; x_wconf 88' lang='lat' dir='ltr'>sacra,</span> <span class='ocrx_word' id='word_1_56' title='bbox 974 909 1122 958; x_wconf 92' lang='lat' dir='ltr'>quem</span> <span class='ocrx_word' id='word_1_57' title='bbox 1168 894 1367 959; x_wconf 86' lang='lat' dir='ltr'>liquidis</span> <span class='ocrx_word' id='word_1_58' title='bbox 1415 895 1686 944; x_wconf 90' lang='lat' dir='ltr'>seminibus</span> <span class='ocrx_word' id='word_1_59' title='bbox 1727 910 1781 943; x_wconf 89' lang='lat' dir='ltr'>ac</span> 
     </span>
     <span class='ocr_line' id='line_1_9' title="bbox 99 966 1782 1035; baseline 0 -18"><span class='ocrx_word' id='word_1_60' title='bbox 99 983 188 1034; x_wconf 87' lang='lat' dir='ltr'>per</span> <span class='ocrx_word' id='word_1_61' title='bbox 226 967 319 1016; x_wconf 92' lang='lat' dir='ltr'>hoc</span> <span class='ocrx_word' id='word_1_62' title='bbox 358 982 457 1016; x_wconf 92' lang='lat' dir='ltr'>non</span> <span class='ocrx_word' id='word_1_63' title='bbox 497 966 656 1016; x_wconf 89' lang='lat' dir='ltr'>solum</span> <span class='ocrx_word' id='word_1_64' title='bbox 695 966 972 1032; x_wconf 86' lang='lat' dir='ltr'>liquoribus</span> <span class='ocrx_word' id='word_1_65' title='bbox 1011 968 1279 1035; x_wconf 82' lang='lat' dir='ltr'>fructuum,</span> <span class='ocrx_word' id='word_1_66' title='bbox 1319 984 1531 1033; x_wconf 89' lang='lat' dir='ltr'>quorum</span> <span class='ocrx_word' id='word_1_67' title='bbox 1571 968 1782 1033; x_wconf 91' lang='lat' dir='ltr'>quodam</span> 
     </span>
     <span class='ocr_line' id='line_1_10' title="bbox 99 1041 1781 1108; baseline -0.001 -17"><span class='ocrx_word' id='word_1_68' title='bbox 99 1041 242 1091; x_wconf 91' lang='lat' dir='ltr'>modo</span> <span class='ocrx_word' id='word_1_69' title='bbox 281 1043 546 1106; x_wconf 88' lang='lat' dir='ltr'>primatum</span> <span class='ocrx_word' id='word_1_70' title='bbox 576 1042 743 1090; x_wconf 84' lang='lat' dir='ltr'>vinum</span> <span class='ocrx_word' id='word_1_71' title='bbox 784 1048 934 1108; x_wconf 89' lang='lat' dir='ltr'>tenet,</span> <span class='ocrx_word' id='word_1_72' title='bbox 972 1057 1145 1091; x_wconf 89' lang='lat' dir='ltr'>verum</span> <span class='ocrx_word' id='word_1_73' title='bbox 1185 1044 1331 1091; x_wconf 89' lang='lat' dir='ltr'>etiam</span> <span class='ocrx_word' id='word_1_74' title='bbox 1371 1042 1641 1092; x_wconf 90' lang='lat' dir='ltr'>seminibus</span> <span class='ocrx_word' id='word_1_75' title='bbox 1681 1044 1781 1091; x_wconf 91' lang='lat' dir='ltr'>ani-</span> 
     </span>
     <span class='ocr_line' id='line_1_11' title="bbox 99 1114 1870 1181; baseline -0.001 -16"><span class='ocrx_word' id='word_1_76' title='bbox 99 1115 297 1165; x_wconf 90' lang='lat' dir='ltr'>malium</span> <span class='ocrx_word' id='word_1_77' title='bbox 343 1115 713 1180; x_wconf 85' lang='lat' dir='ltr'>praefecerunt,</span> <span class='ocrx_word' id='word_1_78' title='bbox 760 1114 818 1163; x_wconf 92' lang='lat' dir='ltr'>ad</span> <span class='ocrx_word' id='word_1_79' title='bbox 866 1122 1098 1179; x_wconf 89' lang='lat' dir='ltr'>quantam</span> <span class='ocrx_word' id='word_1_80' title='bbox 1147 1116 1505 1181; x_wconf 81' lang='lat' dir='ltr'>turpitudinem</span> <span class='ocrx_word' id='word_1_81' title='bbox 1545 1131 1780 1181; x_wconf 89' lang='lat' dir='ltr'>pervene-</span> <span class='ocrx_word' id='word_1_82' title='bbox 1817 1125 1870 1164; x_wconf 89' lang='lat'>10</span> 
     </span>
     <span class='ocr_line' id='line_1_12' title="bbox 98 1188 1781 1255; baseline -0.001 -17"><span class='ocrx_word' id='word_1_83' title='bbox 98 1190 220 1255; x_wconf 89' lang='lat' dir='ltr'>rint,</span> <span class='ocrx_word' id='word_1_84' title='bbox 257 1190 392 1254; x_wconf 87' lang='lat' dir='ltr'>piget</span> <span class='ocrx_word' id='word_1_85' title='bbox 432 1188 630 1253; x_wconf 91' lang='lat' dir='ltr'>quidem</span> <span class='ocrx_word' id='word_1_86' title='bbox 670 1189 834 1238; x_wconf 82' lang='lat' dir='ltr'>dicere</span> <span class='ocrx_word' id='word_1_87' title='bbox 874 1196 1080 1254; x_wconf 90' lang='lat' dir='ltr'>propter</span> <span class='ocrx_word' id='word_1_88' title='bbox 1119 1191 1361 1238; x_wconf 87' lang='lat' dir='ltr'>sermonis</span> <span class='ocrx_word' id='word_1_89' title='bbox 1400 1189 1781 1255; x_wconf 80' lang='lat' dir='ltr'>longitudinem3</span> 
     </span>
     <span class='ocr_line' id='line_1_13' title="bbox 100 1262 1782 1328; baseline -0.001 -17"><span class='ocrx_word' id='word_1_90' title='bbox 100 1262 185 1312; x_wconf 90' lang='lat' dir='ltr'>sed</span> <span class='ocrx_word' id='word_1_91' title='bbox 234 1268 438 1328; x_wconf 87' lang='lat' dir='ltr'>propter</span> <span class='ocrx_word' id='word_1_92' title='bbox 494 1265 705 1311; x_wconf 89' lang='lat' dir='ltr'>istorum</span> <span class='ocrx_word' id='word_1_93' title='bbox 756 1262 1019 1327; x_wconf 88' lang='lat' dir='ltr'>superbam</span> <span class='ocrx_word' id='word_1_94' title='bbox 1074 1262 1426 1312; x_wconf 84' lang='lat' dir='ltr'>hebetudinem</span> <span class='ocrx_word' id='word_1_95' title='bbox 1481 1279 1579 1312; x_wconf 91' lang='lat' dir='ltr'>non</span> <span class='ocrx_word' id='word_1_96' title='bbox 1633 1265 1782 1328; x_wconf 86' lang='lat' dir='ltr'>piget.</span> 
     </span>
     <span class='ocr_line' id='line_1_14' title="bbox 99 1333 1782 1403; baseline 0 -18"><span class='ocrx_word' id='word_1_97' title='bbox 99 1335 233 1385; x_wconf 90' lang='lat' dir='ltr'>Inter</span> <span class='ocrx_word' id='word_1_98' title='bbox 279 1343 468 1402; x_wconf 86' lang='lat' dir='ltr'>cetera,</span> <span class='ocrx_word' id='word_1_99' title='bbox 524 1351 647 1400; x_wconf 90' lang='lat' dir='ltr'>quae</span> <span class='ocrx_word' id='word_1_100' title='bbox 698 1339 1118 1403; x_wconf 84' lang='lat' dir='ltr'>praetermittere,</span> <span class='ocrx_word' id='word_1_101' title='bbox 1174 1339 1405 1401; x_wconf 90' lang='lat' dir='ltr'>quoniam</span> <span class='ocrx_word' id='word_1_102' title='bbox 1437 1333 1603 1386; x_wconf 57' lang='lat' dir='ltr'>&#39;multa</span> <span class='ocrx_word' id='word_1_103' title='bbox 1652 1343 1782 1394; x_wconf 85' lang='lat' dir='ltr'>sunt,</span> 
     </span>
     <span class='ocr_line' id='line_1_15' title="bbox 99 1403 1780 1477; baseline 0 -19"><span class='ocrx_word' id='word_1_104' title='bbox 99 1403 261 1477; x_wconf 86' lang='lat' dir='ltr'>cogor,</span> <span class='ocrx_word' id='word_1_105' title='bbox 299 1411 350 1459; x_wconf 93' lang='lat' dir='ltr'>in</span> <span class='ocrx_word' id='word_1_106' title='bbox 381 1409 546 1459; x_wconf 89' lang='lat' dir='ltr'>Italiae</span> <span class='ocrx_word' id='word_1_107' title='bbox 579 1412 806 1475; x_wconf 89' lang='lat' dir='ltr'>compitis</span> <span class='ocrx_word' id='word_1_108' title='bbox 847 1410 1084 1475; x_wconf 88' lang='lat' dir='ltr'>quaedam</span> <span class='ocrx_word' id='word_1_109' title='bbox 1124 1411 1243 1460; x_wconf 91' lang='lat' dir='ltr'>dicit</span> <span class='ocrx_word' id='word_1_110' title='bbox 1281 1426 1419 1460; x_wconf 89' lang='lat' dir='ltr'>sacra</span> <span class='ocrx_word' id='word_1_111' title='bbox 1450 1409 1617 1459; x_wconf 88' lang='lat' dir='ltr'>Liberi</span> <span class='ocrx_word' id='word_1_112' title='bbox 1656 1409 1780 1458; x_wconf 91' lang='lat' dir='ltr'>cele·</span> 
     </span>
     <span class='ocr_line' id='line_1_16' title="bbox 99 1482 1869 1551; baseline -0.001 -19"><span class='ocrx_word' id='word_1_113' title='bbox 99 1482 235 1533; x_wconf 88' lang='lat' dir='ltr'>brata</span> <span class='ocrx_word' id='word_1_114' title='bbox 275 1499 388 1533; x_wconf 90' lang='lat' dir='ltr'>cum</span> <span class='ocrx_word' id='word_1_115' title='bbox 427 1490 558 1532; x_wconf 90' lang='lat' dir='ltr'>tanta</span> <span class='ocrx_word' id='word_1_116' title='bbox 598 1483 793 1533; x_wconf 90' lang='lat' dir='ltr'>licentia</span> <span class='ocrx_word' id='word_1_117' title='bbox 832 1484 1171 1551; x_wconf 78' lang='lat' dir='ltr'>turpitudiniS,</span> <span class='ocrx_word' id='word_1_118' title='bbox 1210 1491 1265 1534; x_wconf 91' lang='lat' dir='ltr'>ut</span> <span class='ocrx_word' id='word_1_119' title='bbox 1304 1487 1355 1534; x_wconf 93' lang='lat' dir='ltr'>in</span> <span class='ocrx_word' id='word_1_120' title='bbox 1395 1487 1502 1534; x_wconf 90' lang='lat' dir='ltr'>eius</span> <span class='ocrx_word' id='word_1_121' title='bbox 1541 1484 1781 1533; x_wconf 91' lang='lat' dir='ltr'>honorem</span> <span class='ocrx_word' id='word_1_122' title='bbox 1817 1492 1869 1530; x_wconf 83' lang='lat'>15</span> 
     </span>
     <span class='ocr_line' id='line_1_17' title="bbox 98 1557 1780 1624; baseline -0.001 -18"><span class='ocrx_word' id='word_1_123' title='bbox 98 1557 326 1622; x_wconf 89' lang='lat' dir='ltr'>pudenda</span> <span class='ocrx_word' id='word_1_124' title='bbox 378 1557 534 1606; x_wconf 87' lang='lat' dir='ltr'>virilia</span> <span class='ocrx_word' id='word_1_125' title='bbox 582 1557 891 1624; x_wconf 85' lang='lat' dir='ltr'>colerentur,</span> <span class='ocrx_word' id='word_1_126' title='bbox 938 1573 1037 1606; x_wconf 92' lang='lat' dir='ltr'>non</span> <span class='ocrx_word' id='word_1_127' title='bbox 1089 1558 1261 1607; x_wconf 88' lang='lat' dir='ltr'>saltem</span> <span class='ocrx_word' id='word_1_128' title='bbox 1300 1558 1604 1623; x_wconf 90' lang='lat' dir='ltr'>aliquantum</span> <span class='ocrx_word' id='word_1_129' title='bbox 1643 1572 1780 1605; x_wconf 87' lang='lat' dir='ltr'>vere·</span> 
     </span>
     <span class='ocr_line' id='line_1_18' title="bbox 100 1630 1780 1698; baseline -0.001 -19"><span class='ocrx_word' id='word_1_130' title='bbox 100 1630 335 1680; x_wconf 90' lang='lat' dir='ltr'>cundiore</span> <span class='ocrx_word' id='word_1_131' title='bbox 390 1638 611 1698; x_wconf 88' lang='lat' dir='ltr'>secret0,</span> <span class='ocrx_word' id='word_1_132' title='bbox 674 1632 760 1680; x_wconf 91' lang='lat' dir='ltr'>sed</span> <span class='ocrx_word' id='word_1_133' title='bbox 822 1634 871 1680; x_wconf 92' lang='lat' dir='ltr'>in</span> <span class='ocrx_word' id='word_1_134' title='bbox 927 1631 1186 1696; x_wconf 90' lang='lat' dir='ltr'>propatulo</span> <span class='ocrx_word' id='word_1_135' title='bbox 1243 1632 1490 1681; x_wconf 86' lang='lat' dir='ltr'>exultante</span> <span class='ocrx_word' id='word_1_136' title='bbox 1547 1631 1780 1695; x_wconf 86' lang='lat' dir='ltr'>nequitia.</span> 
     </span>
     <span class='ocr_line' id='line_1_19' title="bbox 98 1703 1780 1770; baseline -0.001 -18"><span class='ocrx_word' id='word_1_137' title='bbox 98 1703 219 1752; x_wconf 90' lang='lat' dir='ltr'>Nam</span> <span class='ocrx_word' id='word_1_138' title='bbox 269 1704 362 1753; x_wconf 92' lang='lat' dir='ltr'>hoc</span> <span class='ocrx_word' id='word_1_139' title='bbox 414 1711 561 1769; x_wconf 88' lang='lat' dir='ltr'>turpe</span> <span class='ocrx_word' id='word_1_140' title='bbox 615 1704 894 1754; x_wconf 91' lang='lat' dir='ltr'>membrum</span> <span class='ocrx_word' id='word_1_141' title='bbox 948 1721 1038 1770; x_wconf 89' lang='lat' dir='ltr'>per</span> <span class='ocrx_word' id='word_1_142' title='bbox 1087 1704 1254 1754; x_wconf 92' lang='lat' dir='ltr'>Liberi</span> <span class='ocrx_word' id='word_1_143' title='bbox 1309 1706 1413 1754; x_wconf 90' lang='lat' dir='ltr'>dies</span> <span class='ocrx_word' id='word_1_144' title='bbox 1463 1705 1616 1754; x_wconf 84' lang='lat' dir='ltr'>festos</span> <span class='ocrx_word' id='word_1_145' title='bbox 1668 1717 1780 1752; x_wconf 90' lang='lat' dir='ltr'>cum</span> 
     </span>
     <span class='ocr_line' id='line_1_20' title="bbox 98 1777 1780 1843; baseline -0.001 -17"><span class='ocrx_word' id='word_1_146' title='bbox 98 1777 285 1826; x_wconf 90' lang='lat' dir='ltr'>honore</span> <span class='ocrx_word' id='word_1_147' title='bbox 326 1793 499 1842; x_wconf 83' lang='lat' dir='ltr'>magno</span> <span class='ocrx_word' id='word_1_148' title='bbox 538 1778 777 1843; x_wconf 86' lang='lat' dir='ltr'>plostellis</span> <span class='ocrx_word' id='word_1_149' title='bbox 816 1780 1085 1843; x_wconf 89' lang='lat' dir='ltr'>inpositum</span> <span class='ocrx_word' id='word_1_150' title='bbox 1124 1781 1264 1843; x_wconf 89' lang='lat' dir='ltr'>prius</span> <span class='ocrx_word' id='word_1_151' title='bbox 1304 1794 1421 1828; x_wconf 90' lang='lat' dir='ltr'>rure</span> <span class='ocrx_word' id='word_1_152' title='bbox 1460 1780 1511 1826; x_wconf 93' lang='lat' dir='ltr'>in</span> <span class='ocrx_word' id='word_1_153' title='bbox 1552 1777 1780 1842; x_wconf 91' lang='lat' dir='ltr'>compitis</span> 
     </span>
     <span class='ocr_line' id='line_1_21' title="bbox 101 1851 1868 1917; baseline -0.001 -18"><span class='ocrx_word' id='word_1_154' title='bbox 101 1859 150 1899; x_wconf 87' lang='lat' dir='ltr'>et</span> <span class='ocrx_word' id='word_1_155' title='bbox 189 1866 345 1915; x_wconf 87' lang='lat' dir='ltr'>usque</span> <span class='ocrx_word' id='word_1_156' title='bbox 393 1854 443 1900; x_wconf 93' lang='lat' dir='ltr'>in</span> <span class='ocrx_word' id='word_1_157' title='bbox 490 1851 665 1901; x_wconf 89' lang='lat' dir='ltr'>urbem</span> <span class='ocrx_word' id='word_1_158' title='bbox 713 1858 885 1917; x_wconf 89' lang='lat' dir='ltr'>postea</span> <span class='ocrx_word' id='word_1_159' title='bbox 924 1851 1223 1901; x_wconf 90' lang='lat' dir='ltr'>vectabatur.</span> <span class='ocrx_word' id='word_1_160' title='bbox 1301 1851 1355 1900; x_wconf 91' lang='lat' dir='ltr'>In</span> <span class='ocrx_word' id='word_1_161' title='bbox 1396 1851 1573 1916; x_wconf 86' lang='lat' dir='ltr'>oppido</span> <span class='ocrx_word' id='word_1_162' title='bbox 1613 1857 1777 1899; x_wconf 89' lang='lat' dir='ltr'>autem</span> <span class='ocrx_word' id='word_1_163' title='bbox 1813 1858 1868 1897; x_wconf 81' lang='lat'>20</span> 
     </span>
     <span class='ocr_line' id='line_1_22' title="bbox 98 1923 1778 1991; baseline -0.001 -19"><span class='ocrx_word' id='word_1_164' title='bbox 98 1923 297 1973; x_wconf 90' lang='lat' dir='ltr'>Lavinio</span> <span class='ocrx_word' id='word_1_165' title='bbox 338 1940 466 1973; x_wconf 91' lang='lat' dir='ltr'>unus</span> <span class='ocrx_word' id='word_1_166' title='bbox 505 1924 684 1974; x_wconf 87' lang='lat' dir='ltr'>Libero</span> <span class='ocrx_word' id='word_1_167' title='bbox 724 1931 858 1974; x_wconf 86' lang='lat' dir='ltr'>totus</span> <span class='ocrx_word' id='word_1_168' title='bbox 898 1927 1082 1974; x_wconf 88' lang='lat' dir='ltr'>mensis</span> <span class='ocrx_word' id='word_1_169' title='bbox 1122 1925 1457 1991; x_wconf 85' lang='lat' dir='ltr'>tribuebatur,</span> <span class='ocrx_word' id='word_1_170' title='bbox 1497 1926 1638 1974; x_wconf 90' lang='lat' dir='ltr'>cuius</span> <span class='ocrx_word' id='word_1_171' title='bbox 1678 1924 1778 1972; x_wconf 88' lang='lat' dir='ltr'>die·</span> 
     </span>
     <span class='ocr_line' id='line_1_23' title="bbox 98 1995 1779 2065; baseline -0.001 -19"><span class='ocrx_word' id='word_1_172' title='bbox 98 1997 191 2046; x_wconf 91' lang='lat' dir='ltr'>bus</span> <span class='ocrx_word' id='word_1_173' title='bbox 242 2012 412 2046; x_wconf 88' lang='lat' dir='ltr'>omnes</span> <span class='ocrx_word' id='word_1_174' title='bbox 467 1999 630 2047; x_wconf 89' lang='lat' dir='ltr'>verbis</span> <span class='ocrx_word' id='word_1_175' title='bbox 678 1998 1070 2062; x_wconf 83' lang='lat' dir='ltr'>flagitiosissimis</span> <span class='ocrx_word' id='word_1_176' title='bbox 1121 2006 1408 2065; x_wconf 88' lang='lat' dir='ltr'>uterentur,</span> <span class='ocrx_word' id='word_1_177' title='bbox 1463 1998 1619 2047; x_wconf 92' lang='lat' dir='ltr'>donec</span> <span class='ocrx_word' id='word_1_178' title='bbox 1659 1995 1779 2046; x_wconf 90' lang='lat' dir='ltr'>illud</span> 
     </span>
     <span class='ocr_line' id='line_1_24' title="bbox 97 2070 1778 2136; baseline -0.001 -17"><span class='ocrx_word' id='word_1_179' title='bbox 97 2070 372 2120; x_wconf 91' lang='lat' dir='ltr'>membrum</span> <span class='ocrx_word' id='word_1_180' title='bbox 403 2086 494 2136; x_wconf 86' lang='lat' dir='ltr'>per</span> <span class='ocrx_word' id='word_1_181' title='bbox 525 2071 688 2121; x_wconf 87' lang='lat' dir='ltr'>forum</span> <span class='ocrx_word' id='word_1_182' title='bbox 721 2078 1055 2121; x_wconf 89' lang='lat' dir='ltr'>transvectum</span> <span class='ocrx_word' id='word_1_183' title='bbox 1095 2079 1227 2122; x_wconf 87' lang='lat' dir='ltr'>esset</span> <span class='ocrx_word' id='word_1_184' title='bbox 1265 2079 1411 2136; x_wconf 91' lang='lat' dir='ltr'>atque</span> <span class='ocrx_word' id='word_1_185' title='bbox 1451 2074 1502 2120; x_wconf 92' lang='lat' dir='ltr'>in</span> <span class='ocrx_word' id='word_1_186' title='bbox 1540 2071 1648 2120; x_wconf 92' lang='lat' dir='ltr'>loco</span> <span class='ocrx_word' id='word_1_187' title='bbox 1690 2084 1778 2119; x_wconf 92' lang='lat' dir='ltr'>suo</span> 
     </span>
     <span class='ocr_line' id='line_1_25' title="bbox 100 2144 1778 2208; baseline 0 -16"><span class='ocrx_word' id='word_1_188' title='bbox 100 2146 391 2208; x_wconf 88' lang='lat' dir='ltr'>quiesceret.</span> <span class='ocrx_word' id='word_1_189' title='bbox 425 2144 516 2193; x_wconf 87' lang='lat' dir='ltr'>Cui</span> <span class='ocrx_word' id='word_1_190' title='bbox 539 2145 762 2195; x_wconf 90' lang='lat' dir='ltr'>membro</span> <span class='ocrx_word' id='word_1_191' title='bbox 786 2145 1047 2195; x_wconf 91' lang='lat' dir='ltr'>inhonesto</span> <span class='ocrx_word' id='word_1_192' title='bbox 1073 2153 1279 2195; x_wconf 88' lang='lat' dir='ltr'>matrem</span> <span class='ocrx_word' id='word_1_193' title='bbox 1306 2145 1510 2195; x_wconf 85' lang='lat' dir='ltr'>familias</span> <span class='ocrx_word' id='word_1_194' title='bbox 1534 2145 1778 2194; x_wconf 89' lang='lat' dir='ltr'>honestis·</span> 
     </span>
     <span class='ocr_line' id='line_1_26' title="bbox 99 2217 1866 2285; baseline -0.001 -19"><span class='ocrx_word' id='word_1_195' title='bbox 99 2219 270 2266; x_wconf 88' lang='lat' dir='ltr'>simam</span> <span class='ocrx_word' id='word_1_196' title='bbox 306 2218 464 2283; x_wconf 90' lang='lat' dir='ltr'>palam</span> <span class='ocrx_word' id='word_1_197' title='bbox 505 2234 736 2268; x_wconf 87' lang='lat' dir='ltr'>coronam</span> <span class='ocrx_word' id='word_1_198' title='bbox 776 2234 978 2268; x_wconf 85' lang='lat' dir='ltr'>necesse</span> <span class='ocrx_word' id='word_1_199' title='bbox 1020 2226 1126 2268; x_wconf 88' lang='lat' dir='ltr'>erat</span> <span class='ocrx_word' id='word_1_200' title='bbox 1162 2222 1415 2285; x_wconf 90' lang='lat' dir='ltr'>inponere.</span> <span class='ocrx_word' id='word_1_201' title='bbox 1494 2218 1574 2268; x_wconf 91' lang='lat' dir='ltr'>Sic</span> <span class='ocrx_word' id='word_1_202' title='bbox 1612 2217 1778 2267; x_wconf 87' lang='lat' dir='ltr'>videli·</span> <span class='ocrx_word' id='word_1_203' title='bbox 1813 2223 1866 2262; x_wconf 77' lang='lat'>‘25</span> 
     </span>
     <span class='ocr_line' id='line_1_27' title="bbox 99 2290 1777 2358; baseline -0.001 -18"><span class='ocrx_word' id='word_1_204' title='bbox 99 2300 176 2340; x_wconf 91' lang='lat' dir='ltr'>cet</span> <span class='ocrx_word' id='word_1_205' title='bbox 213 2290 361 2340; x_wconf 91' lang='lat' dir='ltr'>Liber</span> <span class='ocrx_word' id='word_1_206' title='bbox 407 2292 529 2341; x_wconf 84' lang='lat' dir='ltr'>(leus</span> <span class='ocrx_word' id='word_1_207' title='bbox 567 2292 834 2357; x_wconf 90' lang='lat' dir='ltr'>placandus</span> <span class='ocrx_word' id='word_1_208' title='bbox 882 2293 1043 2341; x_wconf 88' lang='lat' dir='ltr'>suerat</span> <span class='ocrx_word' id='word_1_209' title='bbox 1089 2309 1179 2358; x_wconf 90' lang='lat' dir='ltr'>pro</span> <span class='ocrx_word' id='word_1_210' title='bbox 1221 2292 1478 2342; x_wconf 87' lang='lat' dir='ltr'>eventibus</span> <span class='ocrx_word' id='word_1_211' title='bbox 1517 2293 1777 2353; x_wconf 86' lang='lat' dir='ltr'>seminum,</span> 
     </span>
     <span class='ocr_line' id='line_1_28' title="bbox 99 2364 1776 2432; baseline 0 -20"><span class='ocrx_word' id='word_1_212' title='bbox 99 2365 167 2413; x_wconf 89' lang='lat' dir='ltr'>sic</span> <span class='ocrx_word' id='word_1_213' title='bbox 207 2364 266 2413; x_wconf 91' lang='lat' dir='ltr'>ab</span> <span class='ocrx_word' id='word_1_214' title='bbox 299 2367 427 2430; x_wconf 85' lang='lat' dir='ltr'>agris</span> <span class='ocrx_word' id='word_1_215' title='bbox 460 2366 714 2415; x_wconf 85' lang='lat' dir='ltr'>fascinatio</span> <span class='ocrx_word' id='word_1_216' title='bbox 746 2365 1042 2432; x_wconf 89' lang='lat' dir='ltr'>repellenda,</span> <span class='ocrx_word' id='word_1_217' title='bbox 1081 2372 1136 2416; x_wconf 91' lang='lat' dir='ltr'>ut</span> <span class='ocrx_word' id='word_1_218' title='bbox 1174 2373 1394 2416; x_wconf 90' lang='lat' dir='ltr'>matrona</span> <span class='ocrx_word' id='word_1_219' title='bbox 1435 2367 1596 2414; x_wconf 86' lang='lat' dir='ltr'>facere</span> <span class='ocrx_word' id='word_1_220' title='bbox 1637 2379 1776 2428; x_wconf 85' lang='lat' dir='ltr'>coge-</span> 
     </span>
     <span class='ocr_line' id='line_1_29' title="bbox 99 2438 1777 2507; baseline -0.001 -21"><span class='ocrx_word' id='word_1_221' title='bbox 99 2444 237 2487; x_wconf 90' lang='lat' dir='ltr'>retur</span> <span class='ocrx_word' id='word_1_222' title='bbox 260 2440 310 2487; x_wconf 93' lang='lat' dir='ltr'>in</span> <span class='ocrx_word' id='word_1_223' title='bbox 333 2438 546 2505; x_wconf 89' lang='lat' dir='ltr'>publico,</span> <span class='ocrx_word' id='word_1_224' title='bbox 588 2439 717 2504; x_wconf 91' lang='lat' dir='ltr'>quod</span> <span class='ocrx_word' id='word_1_225' title='bbox 742 2454 833 2488; x_wconf 89' lang='lat' dir='ltr'>nec</span> <span class='ocrx_word' id='word_1_226' title='bbox 859 2442 1110 2507; x_wconf 88' lang='lat' dir='ltr'>meretrix,</span> <span class='ocrx_word' id='word_1_227' title='bbox 1142 2443 1184 2490; x_wconf 91' lang='lat' dir='ltr'>si</span> <span class='ocrx_word' id='word_1_228' title='bbox 1209 2447 1459 2489; x_wconf 89' lang='lat' dir='ltr'>matronae</span> <span class='ocrx_word' id='word_1_229' title='bbox 1484 2444 1777 2503; x_wconf 89' lang='lat' dir='ltr'>spectarent,</span> 
     </span>
     <span class='ocr_line' id='line_1_30' title="bbox 100 2511 1775 2579; baseline -0.001 -20"><span class='ocrx_word' id='word_1_230' title='bbox 100 2513 319 2575; x_wconf 90' lang='lat' dir='ltr'>permitti</span> <span class='ocrx_word' id='word_1_231' title='bbox 364 2511 535 2563; x_wconf 92' lang='lat' dir='ltr'>debuit</span> <span class='ocrx_word' id='word_1_232' title='bbox 572 2515 623 2562; x_wconf 93' lang='lat' dir='ltr'>in</span> <span class='ocrx_word' id='word_1_233' title='bbox 663 2513 871 2563; x_wconf 81' lang='lat' dir='ltr'>theatro,</span> <span class='ocrx_word' id='word_1_234' title='bbox 947 2513 1158 2579; x_wconf 89' lang='lat' dir='ltr'>Propter</span> <span class='ocrx_word' id='word_1_235' title='bbox 1197 2514 1318 2562; x_wconf 91' lang='lat' dir='ltr'>haec</span> <span class='ocrx_word' id='word_1_236' title='bbox 1360 2513 1601 2561; x_wconf 89' lang='lat' dir='ltr'>Saturnus</span> <span class='ocrx_word' id='word_1_237' title='bbox 1642 2511 1775 2559; x_wconf 87' lang='lat' dir='ltr'>solus</span> 
     </span>
     <span class='ocr_line' id='line_1_31' title="bbox 101 2584 1864 2652; baseline -0.001 -20"><span class='ocrx_word' id='word_1_238' title='bbox 101 2584 316 2634; x_wconf 87' lang='lat' dir='ltr'>creditus</span> <span class='ocrx_word' id='word_1_239' title='bbox 354 2601 454 2634; x_wconf 91' lang='lat' dir='ltr'>non</span> <span class='ocrx_word' id='word_1_240' title='bbox 494 2593 569 2636; x_wconf 90' lang='lat' dir='ltr'>est</span> <span class='ocrx_word' id='word_1_241' title='bbox 609 2587 837 2636; x_wconf 86' lang='lat' dir='ltr'>sufficere</span> <span class='ocrx_word' id='word_1_242' title='bbox 877 2602 1022 2652; x_wconf 88' lang='lat' dir='ltr'>posse</span> <span class='ocrx_word' id='word_1_243' title='bbox 1064 2587 1356 2652; x_wconf 81' lang='lat' dir='ltr'>seminibuS,</span> <span class='ocrx_word' id='word_1_244' title='bbox 1395 2592 1451 2634; x_wconf 91' lang='lat' dir='ltr'>ut</span> <span class='ocrx_word' id='word_1_245' title='bbox 1490 2585 1774 2633; x_wconf 88' lang='lat' dir='ltr'>occasiones</span> <span class='ocrx_word' id='word_1_246' title='bbox 1808 2587 1864 2626; x_wconf 89' lang='lat'>30</span> 
     </span>
    </p>
   </div>
   <div class='ocr_carea' id='block_1_6' title="bbox 100 2751 1776 2930">
    <p class='ocr_par' dir='ltr' id='par_1_6' title="bbox 100 2751 1776 2930">
     <span class='ocr_line' id='line_1_32' title="bbox 216 2751 1776 2813; baseline -0.003 -13"><span class='ocrx_word' id='word_1_247' title='bbox 216 2761 242 2800; x_wconf 83' lang='lat'>9</span> <span class='ocrx_word' id='word_1_248' title='bbox 272 2756 506 2813; x_wconf 81' lang='lat' dir='ltr'>priuatam</span> <span class='ocrx_word' id='word_1_249' title='bbox 535 2757 633 2801; x_wconf 81' lang='lat' dir='ltr'>uim</span> <span class='ocrx_word' id='word_1_250' title='bbox 665 2757 848 2802; x_wconf 81' lang='lat' dir='ltr'>obtinet</span> <span class='ocrx_word' id='word_1_251' title='bbox 877 2758 923 2801; x_wconf 81' lang='lat' dir='ltr'><strong><em>A</em></strong></span> <span class='ocrx_word' id='word_1_252' title='bbox 966 2759 982 2813; x_wconf 87' lang='grc' dir='ltr'>ΙΙ</span> <span class='ocrx_word' id='word_1_253' title='bbox 1028 2762 1083 2801; x_wconf 83' lang='grc'>21</span> <span class='ocrx_word' id='word_1_254' title='bbox 1116 2757 1305 2800; x_wconf 81' lang='lat' dir='ltr'>lanuino</span> <span class='ocrx_word' id='word_1_255' title='bbox 1339 2756 1420 2808; x_wconf 80' lang='lat'>0¹,·</span> <span class='ocrx_word' id='word_1_256' title='bbox 1457 2753 1613 2797; x_wconf 84' lang='lat' dir='ltr'>lanino</span> <span class='ocrx_word' id='word_1_257' title='bbox 1647 2751 1776 2804; x_wconf 54' lang='lat'>(1²21,-</span> 
     </span>
     <span class='ocr_line' id='line_1_33' title="bbox 100 2809 1772 2872; baseline -0.002 -16"><span class='ocrx_word' id='word_1_258' title='bbox 100 2812 288 2859; x_wconf 78' lang='lat' dir='ltr'>lanuino</span> <span class='ocrx_word' id='word_1_259' title='bbox 318 2816 510 2861; x_wconf 77' lang='lat' dir='ltr'>KParr.</span> <span class='ocrx_word' id='word_1_260' title='bbox 545 2818 636 2860; x_wconf 82' lang='lat' dir='ltr'>rell.</span> <span class='ocrx_word' id='word_1_261' title='bbox 650 2833 664 2866; x_wconf 89' lang='lat'>‚·</span> <span class='ocrx_word' id='word_1_262' title='bbox 696 2816 884 2860; x_wconf 83' lang='lat' dir='ltr'>lanbino</span> <span class='ocrx_word' id='word_1_263' title='bbox 917 2816 968 2859; x_wconf 82' lang='lat' dir='ltr'><em>F</em></span> <span class='ocrx_word' id='word_1_264' title='bbox 993 2818 1009 2872; x_wconf 81' lang='grc' dir='ltr'>ΙΙ</span> <span class='ocrx_word' id='word_1_265' title='bbox 1038 2829 1132 2860; x_wconf 88' lang='lat' dir='ltr'>uno</span> <span class='ocrx_word' id='word_1_266' title='bbox 1163 2814 1235 2860; x_wconf 86' lang='lat' dir='ltr'>Fe</span> <span class='ocrx_word' id='word_1_267' title='bbox 1273 2817 1288 2870; x_wconf 79' lang='lat' dir='ltr'>fl</span> <span class='ocrx_word' id='word_1_268' title='bbox 1326 2819 1381 2858; x_wconf 80' lang='lat'>26</span> <span class='ocrx_word' id='word_1_269' title='bbox 1413 2826 1497 2869; x_wconf 85' lang='lat' dir='ltr'>pro</span> <span class='ocrx_word' id='word_1_270' title='bbox 1529 2809 1772 2855; x_wconf 82' lang='lat' dir='ltr'>euentibus</span> 
     </span>
     <span class='ocr_line' id='line_1_34' title="bbox 101 2871 721 2930; baseline 0.002 -14"><span class='ocrx_word' id='word_1_271' title='bbox 101 2871 190 2925; x_wconf 66' lang='grc' dir='ltr'>θεῖς</span> <span class='ocrx_word' id='word_1_272' title='bbox 218 2875 519 2930; x_wconf 73' lang='lat' dir='ltr'>prouentibus</span> <span class='ocrx_word' id='word_1_273' title='bbox 550 2874 698 2919; x_wconf 84' lang='lat' dir='ltr'>AKF</span> <span class='ocrx_word' id='word_1_274' title='bbox 695 2889 721 2918; x_wconf 86' lang='lat' dir='ltr'><strong><em>v</em></strong></span> 
     </span>
    </p>
   </div>
  </div>
 </body>
</html>
