2020 3122
550 161 617 192 DE
642 159 880 193 01V1TA'rE
903 161 992 193 DEI
1016 162 1059 194 n.
1084 162 1139 194 11.
1165 162 1202 196 c.
1228 165 1279 196 18.
1693 152 1761 204 75

76 280 224 338 atque
264 271 396 322 Urbe
435 271 609 337 pulsus
648 270 876 320 Etruscis
922 274 1136 323 sociatus
1185 281 1357 324 contra
1395 274 1641 324 Romanos
1681 291 1760 339 ge-

78 346 233 396 rebat.
310 345 531 395 Adtende
556 347 722 410 itaque
755 345 872 409 quid
905 345 1082 395 deinde
1108 354 1357 398 contexat:
1394 347 1564 415 „Dein,
1588 349 1762 414 inquit,

78 419 244 470 servili
275 420 483 484 imperio
507 425 674 484 patres
697 418 895 483 plebem
926 434 1178 487 exercere,
1216 421 1276 470 de
1307 423 1405 471 vita
1437 428 1582 486 atque
1622 428 1761 486 tergo

76 495 214 558 regio
261 508 399 542 more
447 492 732 558 consulere,
780 507 896 557 agro
943 492 1128 557 pellere
1170 501 1219 543 et
1257 497 1437 544 ceteris
1477 495 1763 560 expertibus

78 567 170 617 soli
193 568 245 615 in
269 568 477 632 imperio
503 581 663 631 agere.
741 565 932 625 Quibus
972 569 1186 617 saevitiis
1227 574 1276 617 et
1314 570 1522 617 maxime
1562 569 1761 618 faenore
1796 577 1821 616 5

75 655 315 706 oppressa
359 639 499 705 plebs
548 655 662 689 cum
709 639 920 690 assiduis
968 639 1111 690 bellis
1158 641 1401 691 tributum
1440 649 1490 691 et
1528 642 1763 691 malitiam

77 713 224 774 simul
262 713 523 779 toleraret,
562 720 747 763 armata
785 719 1005 763 montem
1045 729 1241 764 sacrum
1280 721 1426 780 atque
1467 715 1764 765 Aventinum

75 788 280 854 insedit,
326 794 532 852 tumque
579 787 808 837 tribunos
857 786 1016 853 plebis
1064 795 1113 838 et
1151 788 1243 837 alia
1281 790 1390 838 iura
1429 788 1523 837 sibi
1561 790 1763 853 paravit.

81 861 451 911 Discordiarum
501 868 551 910 et
591 863 874 911 certaminis
912 864 1165 927 utrimque
1205 863 1316 911 finis
1356 863 1449 912 fuit
1489 862 1764 911 secundum

79 935 265 985 bellum
303 930 594 985 Punicum.“
670 934 844 985 Cernis
892 951 952 984 ex
995 951 1092 1000 quo
1132 942 1378 1002 tempore,
1416 935 1465 985 id
1506 942 1580 985 est
1618 951 1767 1000 parvo
1802 943 1855 984 10

82 1008 339 1059 intervallo
390 1015 502 1074 post
548 1024 692 1074 reges
732 1016 952 1076 exactOS,
1001 1009 1168 1074 quales
1207 1010 1414 1058 Romani
1454 1010 1661 1075 fuerint,
1708 1010 1767 1058 de

79 1082 264 1147 quibus
315 1084 404 1132 ait:
452 1082 564 1148 „Ius
616 1082 898 1148 bonumque
947 1083 1074 1149 apud
1124 1099 1208 1132 eos
1247 1099 1346 1132 non
1385 1082 1576 1148 legibus
1616 1085 1770 1147 magis

78 1171 227 1222 quam
265 1162 441 1205 natura
479 1152 714 1205 valebat.“

227 1229 388 1278 Porro
429 1231 471 1278 si
518 1229 598 1278 illa
639 1236 861 1294 tempora
903 1230 1014 1279 talia
1053 1232 1396 1297 reperiuntur,
1444 1230 1623 1294 quibus
1662 1230 1767 1295 pul-

79 1304 326 1353 cherrima
383 1310 528 1367 atque
585 1306 769 1369 optima
828 1304 981 1352 fuisse
1043 1303 1356 1368 praedicatur
1410 1303 1626 1352 Romana
1688 1319 1768 1353 res
1804 1311 1857 1351 15

79 1377 304 1443 publica,
361 1377 478 1441 quid
532 1379 628 1426 iam
683 1377 742 1426 de
799 1379 1126 1441 consequenti
1176 1383 1333 1426 aetate
1384 1376 1648 1426 dicendum
1687 1384 1771 1426 aut

82 1450 397 1516 cogitandum
445 1449 768 1517 arbitramur,
821 1466 936 1500 cum
980 1450 1254 1518 „paulatim
1292 1456 1499 1516 mutata,
1547 1457 1602 1500 ut
1643 1453 1769 1500 eius-

82 1525 193 1574 dem
239 1524 464 1573 historici
514 1524 678 1573 verbis
730 1532 868 1591 utar,
924 1539 982 1574 ex
1030 1524 1364 1590 pulcherrima
1403 1530 1549 1588 atque
1589 1526 1771 1589 optima

80 1600 292 1663 pessima
317 1613 372 1647 ac
396 1598 778 1662 flagitiosissima
817 1599 943 1648 facta
983 1597 1107 1665 est,“
1142 1605 1254 1663 post
1294 1597 1601 1662 Carthaginis
1640 1598 1769 1647 vide-

82 1673 221 1738 licet,
275 1678 331 1721 ut
378 1675 801 1737 commemoravit,
857 1669 1140 1722 excidium?
1217 1672 1351 1730 Quae
1403 1678 1626 1736 tempora
1664 1674 1770 1736 ipse
1803 1680 1858 1719 20

87 1745 348 1795 Sallustius
396 1761 543 1810 quem
594 1746 653 1795 ad
700 1747 900 1796 modum
939 1746 1158 1795 breviter
1197 1745 1383 1794 recolat
1423 1751 1471 1794 et
1511 1744 1772 1811 describat,

82 1822 135 1868 in
174 1821 282 1868 eius
336 1819 542 1869 historia
591 1819 688 1885 legi
732 1826 918 1886 potest3
967 1821 1163 1884 quantis
1211 1819 1350 1868 malis
1389 1833 1605 1884 morum,
1646 1833 1770 1882 quae

85 1893 318 1943 secundis
349 1893 501 1942 rebus
542 1900 712 1943 exorta
743 1899 874 1959 sunt,
914 1909 1072 1958 usque
1113 1893 1172 1942 ad
1210 1892 1337 1942 bella
1375 1891 1534 1941 civilia
1572 1892 1770 1941 demon-

85 1972 212 2016 stret
236 1982 344 2016 esse
369 1974 678 2031 proventum.
754 1966 858 2033 „Ex
899 1982 997 2032 quo
1038 1973 1276 2032 tempore,
1315 1972 1372 2015 ut
1410 1967 1491 2030 ait,
1531 1967 1772 2014 maiorum

83 2055 248 2089 mores
294 2055 394 2089 non
439 2040 672 2105 paulatim
718 2048 774 2090 ut
821 2047 985 2108 antea,
1035 2041 1121 2090 sed
1169 2041 1407 2089 torrentis
1446 2039 1592 2088 modo
1631 2054 1770 2104 prae·
1803 2047 1857 2086 25

83 2115 302 2180 cipitati,
357 2113 478 2163 adeo
525 2116 756 2164 iuventus
806 2114 926 2164 luxu
974 2122 1121 2179 atque
1163 2115 1362 2163 avaritia
1401 2119 1661 2179 corrupta,
1715 2119 1770 2161 ut

32 2183 35 2187 ’
84 2190 261 2237 merito
287 2186 479 2237 dicatur
504 2190 697 2253 genitos
730 2203 855 2255 esse,
895 2190 980 2252 qui
1012 2203 1173 2253 neque
1212 2189 1308 2252 ipsi
1346 2186 1529 2235 habere
1569 2192 1770 2250 possent

83 2275 164 2310 res
202 2261 464 2310 familiares
502 2277 664 2326 neque
711 2262 831 2311 alios
884 2257 1031 2327 pati.“
1105 2261 1234 2310 Dicit
1273 2260 1448 2309 deinde
1487 2259 1629 2324 plura
1670 2259 1769 2308 Sal-

83 2332 263 2384 lustius
313 2335 373 2384 de
428 2335 589 2385 Sullae
640 2337 772 2385 vitiis
821 2342 1085 2400 ceteraque
1133 2334 1365 2384 foeditate
1418 2335 1492 2382 rei
1530 2332 1769 2398 publicae,

86 2414 135 2456 et
184 2408 264 2458 alii
315 2411 584 2474 scriptores
634 2411 685 2458 in
735 2409 856 2459 haec
906 2410 1250 2474 consentiunt,
1303 2408 1521 2472 quamvis
1574 2406 1767 2469 eloquio
1801 2415 1856 2454 30

87 2481 294 2532 multum
332 2484 521 2547 impari.

234 2554 406 2605 Cernis
446 2563 631 2623 tamen,
679 2564 732 2606 ut
772 2558 970 2622 opinor,
1019 2562 1068 2606 et
1108 2556 1331 2620 quisquis
1371 2553 1658 2616 adverterit,
1696 2551 1762 2614 fa-

207 2698 278 2752 19)
311 2697 409 2741 Cat.
444 2703 482 2742 5.
547 2701 619 2754 28)
651 2680 770 2742 Hist.
803 2698 836 2743 Ι.

210 2834 235 2872 2
269 2829 436 2876 deinde
468 2830 565 2874 AF
599 2832 614 2887 ss
654 2835 679 2875 8
712 2830 815 2874 iura
847 2829 937 2874 sibi
967 2829 1012 2872 A
1045 2830 1088 2883 (l.
1124 2832 1151 2872 3
1184 2841 1218 2871 c.
1252 2828 1354 2880 17);
1386 2840 1417 2869 s,
1451 2824 1481 2868 i.
1514 2822 1636 2867 KFv
1667 2823 1683 2877 11
1715 2825 1771 2864 24

90 2889 367 2942 prouentum
400 2888 460 2943 G‚·
491 2891 769 2947 peruentum
801 2888 973 2932 AKFv
997 2889 1012 2943 ΙΙ
1036 2892 1090 2931 27
1123 2886 1303 2943 possint
1333 2885 1378 2928 A
