2020 3122
149 947 203 986 10

148 1315 201 1355 15

147 1772 201 1812 20

146 2140 201 2180 25

145 2509 199 2548 30

240 151 268 203 ’7
275 151 307 203 6
910 162 944 196 S.
968 163 1246 198 Auous'rm

238 274 416 324 cillime
470 276 732 339 perspicit,
787 274 1010 325 conluvie
1066 290 1260 325 morum
1307 277 1638 340 pessimorum
1693 290 1789 340 quo
1841 276 1923 326 illa

238 350 406 397 civitas
444 347 674 413 prolapsa
704 349 856 398 suerit
887 355 998 398 ante
1032 352 1191 399 nostri
1231 351 1434 414 superni
1473 351 1606 413 regis
1645 349 1922 399 adventum.

237 420 371 471 Haec
418 423 550 471 enim
596 429 733 486 gesta
785 429 902 472 sunt
946 438 1045 473 non
1097 423 1256 472 solum
1303 429 1566 486 antequam
1606 421 1834 473 Christus
1871 425 1924 473 in

239 510 387 546 carne
433 510 672 560 praesens
720 495 899 546 docere
950 498 1217 563 coepisset,
1263 511 1436 546 verum
1476 498 1622 545 etiam
1661 503 1924 562 antequam

241 569 301 618 de
327 571 515 634 virgine
541 576 687 619 natus
712 577 858 619 esset.
935 569 1058 620 Cum
1090 572 1241 635 igitur
1273 577 1346 619 tot
1378 576 1428 619 et
1466 576 1601 619 tanta
1639 570 1763 619 mala
1801 577 1923 620 tem·

238 658 417 707 porum
454 643 653 693 illorum
676 643 753 692 vel
784 643 1116 693 tolerabiliora
1155 646 1399 710 superiuS,
1438 643 1514 693 vel
1551 651 1665 710 post
1703 659 1923 694 eversam

240 715 585 781 Carthaginem
634 717 940 767 intoleranda
996 724 1045 767 et
1098 718 1345 767 horrenda
1397 718 1490 767 diis
1546 719 1649 767 suis
1694 720 1924 783 inputare

239 805 340 839 non
372 790 598 858 audeant,
637 793 893 856 opiniones
918 792 1145 841 humanis
1185 791 1449 858 mentibuS,
1487 791 1618 841 unde
1657 791 1772 841 talia
1810 794 1925 842 vitia

239 863 579 931 silvescerent,
629 867 807 914 astutia
846 865 1057 930 maligna
1095 865 1452 915 inserentibus:
1493 881 1582 915 cur
1620 865 1742 915 mala
1782 881 1924 931 prae·

237 940 396 988 sentia
444 937 640 987 Christo
687 941 938 1005 inputant,
994 941 1078 1003 qui
1127 939 1349 988 doctrina
1389 938 1711 988 saluberrima
1749 946 1800 989 et
1837 939 1923 988 fal-

235 1027 316 1060 sos
363 1027 418 1060 ac
464 1012 659 1061 fallaces
713 1012 831 1060 deos
878 1012 974 1061 coli
1018 1018 1150 1062 vetat
1200 1019 1250 1062 et
1300 1013 1420 1061 istas
1459 1012 1715 1062 hominum
1753 1015 1924 1063 noxias

234 1075 598 1150 flagitiosasque
633 1086 926 1151 cupiditates
951 1086 1112 1135 divina
1152 1087 1444 1136 auctoritate
1485 1086 1735 1136 detestans
1774 1093 1921 1152 atque

236 1159 567 1208 condemnans
606 1159 682 1208 his
722 1159 862 1208 malis
887 1159 1159 1209 tabescenti
1198 1175 1253 1209 ac
1292 1159 1476 1209 labenti
1515 1160 1698 1210 mundo
1738 1160 1922 1225 ubique

235 1231 466 1281 familiam
505 1248 644 1282 suam
684 1235 868 1282 sensim
918 1233 1184 1299 subtrahit,
1232 1249 1327 1298 qua
1368 1234 1546 1283 condat
1585 1240 1836 1283 aeternam
1874 1242 1925 1283 et

234 1321 334 1354 non
383 1306 560 1370 plausu
607 1309 857 1373 vanitatiS,
907 1307 992 1356 sed
1038 1307 1220 1356 iudicio
1260 1309 1481 1357 veritatis
1520 1307 1923 1372 gloriosissimam

236 1377 519 1429 civitatem?

894 1478 1090 1533 CAPUT
1122 1479 1266 1533 XIX.

234 1587 311 1636 De
342 1588 669 1649 corruptione
701 1587 963 1636 Romanae
1003 1589 1085 1636 rez'
1106 1588 1359 1650 publicae,
1393 1590 1697 1651 priusquam
1736 1591 1924 1639 cultum

694 1662 902 1709 deorum
948 1661 1176 1710 Christus
1217 1660 1462 1723 auferret.

383 1761 512 1812 Ecce
537 1761 757 1811 Romana
787 1778 868 1812 res
899 1763 1097 1828 publica
1130 1759 1288 1831 (quod
1319 1780 1418 1813 non
1451 1779 1541 1829 ego
1573 1767 1763 1829 primus
1796 1764 1922 1832 dico,

235 1836 321 1886 sed
363 1843 592 1886 auctores
634 1851 831 1903 eorum,
871 1837 1000 1886 unde
1041 1838 1162 1886 haec
1202 1837 1431 1887 mercede
1472 1837 1747 1904 didicimuS,
1785 1845 1922 1888 tanto

234 1917 345 1959 ante
379 1910 610 1959 dixerunt
642 1917 754 1959 ante
780 1909 966 1960 Christi
1006 1906 1293 1978 adventum)
1332 1912 1598 1979 „paulatim
1637 1918 1823 1961 mutata
1863 1928 1922 1961 ex

231 1983 565 2048 pulcherrima
618 1990 765 2048 atque
827 1986 1009 2049 optima
1071 1987 1284 2050 pessima
1340 1994 1486 2050 atque
1540 1986 1920 2051 flagitiosissima

233 2058 361 2106 facta
392 2052 512 2108 est.“
587 2056 716 2106 Ecce
750 2065 861 2107 ante
896 2057 1078 2108 Christi
1110 2059 1387 2125 adventum,
1426 2067 1539 2124 post
1571 2060 1780 2109 deletam
1806 2058 1919 2108 Car·

234 2130 483 2195 thaginem
531 2133 804 2197 „maiorum
854 2146 1019 2181 mores
1065 2147 1165 2181 non
1210 2133 1469 2199 paulatim,
1517 2140 1572 2183 ut
1621 2140 1786 2200 antea,
1835 2133 1922 2182 sed

234 2206 471 2254 torrentis
503 2203 647 2252 modo
673 2206 997 2272 praecipitati,
1037 2206 1157 2254 adeo
1196 2208 1428 2256 iuventus
1468 2207 1587 2256 luxu
1627 2213 1773 2271 atque
1814 2222 1919 2255 ava·

233 2279 344 2327 ritia
385 2284 616 2342 corrupta
657 2273 776 2326 est.“
850 2277 1036 2342 Legant
1074 2279 1217 2328 nobis
1257 2289 1428 2330 contra
1466 2280 1637 2330 luxum
1677 2287 1727 2329 et
1767 2282 1921 2329 avari-

233 2353 351 2401 tiam
389 2358 653 2416 praecepta
692 2351 899 2400 deorum
939 2367 1143 2402 suorum
1181 2353 1363 2418 populo
1404 2354 1624 2403 Romano
1665 2353 1799 2419 data3
1840 2355 1920 2402 cui

232 2427 421 2475 utinam
459 2431 650 2474 tantum
690 2431 822 2474 casta
863 2432 912 2474 et
950 2426 1171 2475 modesta
1210 2429 1500 2494 reticerent,
1540 2443 1595 2476 ac
1635 2443 1734 2476 non
1773 2429 1920 2476 etiam

234 2498 293 2548 ab
355 2499 437 2547 illo
502 2497 743 2563 probrosa
808 2506 857 2547 et
928 2501 1252 2563 ignominiosa
1315 2501 1668 2567 deposcerent,
1735 2499 1916 2564 quibus

231 2588 321 2637 per
376 2572 546 2621 falsam
601 2571 904 2621 divinitatem
955 2575 1285 2637 perniciosam
1338 2574 1658 2623 conciliarent
1709 2575 1918 2622 auctori-

232 2653 396 2695 tatem.
473 2645 659 2709 Legant
711 2652 882 2694 nostra
935 2653 983 2695 et
1021 2662 1110 2711 per
1149 2646 1415 2711 prophetas
1457 2654 1505 2696 et
1550 2663 1641 2712 per
1695 2653 1919 2697 sanctum

234 2719 561 2784 evangelium,
602 2726 651 2767 et
689 2734 779 2783 per
819 2719 1111 2784 apostolicos
1152 2727 1289 2769 actus
1331 2728 1379 2769 et
1417 2736 1506 2785 per
1547 2721 1781 2786 epistulas
1820 2727 1919 2770 tam

351 2894 407 2934 20
437 2889 565 2946 prius
597 2889 858 2946 AKF1133
890 2905 973 2947 per
1006 2895 1109 2935 arcte
1142 2891 1277 2948 epist.
1311 2904 1393 2936 om.
1426 2891 1527 2935 KF
