2038 3152
139 958 194 998 10

140 1325 194 1366 15

143 2578 200 2619 30

223 159 293 212 28
903 167 938 201 S.
965 167 1238 202 AUGUSTINI

224 289 479 348 nupturaS,
519 282 604 331 sed
638 283 784 330 etiam
815 282 865 329 in
907 280 1140 345 quasdam
1173 280 1582 330 sanctimoniales.
1657 280 1748 330 Hic
1787 297 1904 333 vero

224 373 324 406 non
362 356 499 422 fides,
539 371 637 404 non
675 357 847 421 pietaS,
887 370 986 404 non
1026 355 1131 418 ipsa
1170 356 1342 420 virtuS,
1383 369 1507 419 quae
1547 356 1746 404 castitas
1785 355 1904 405 dici—

224 438 332 495 tur,
386 430 473 479 sed
527 435 695 478 nostra
748 430 914 492 potius
968 428 1232 492 disputatio
1287 429 1417 477 inter
1471 427 1712 492 pudorem
1758 435 1905 495 atque

224 506 467 553 rationem
506 501 800 567 quibusdam
839 507 1087 551 coartatur
1127 503 1379 566 angustiis.
1456 501 1558 551 Nec
1596 509 1788 552 tantum
1825 503 1906 554 hic

226 577 458 627 curamus
482 576 653 625 alienis
675 577 1051 640 responsionem
1068 575 1291 641 reddere,
1315 581 1554 640 quantum
1577 577 1698 640 ipsis
1722 579 1907 627 nostris

226 650 625 700 consolationem.
703 648 778 698 Sit
814 651 966 714 igitur
1003 650 1055 697 in
1094 650 1267 714 primis
1304 651 1519 714 positum
1559 657 1706 714 atque
1746 651 1906 700 firma·

225 732 331 774 tum
370 726 624 790 virtutem,
671 738 768 787 qua
805 728 941 772 recte
980 724 1181 789 vivitur,
1228 722 1287 771 ab
1328 725 1477 772 animi
1516 723 1632 773 sede
1671 724 1910 775 membris

226 799 449 863 corporis
499 799 743 862 imperare
799 803 1123 860 sanctumque
1179 811 1360 861 corpus
1407 812 1503 846 usu
1549 798 1658 846 fieri
1709 805 1907 848 sanctae

225 872 504 937 voluntatiS,
545 886 640 935 qua
678 872 974 919 inconcussa
998 885 1054 919 ac
1093 869 1254 919 stabili
1292 878 1630 936 permanente,
1669 871 1909 936 quidquid

227 946 350 994 alius
382 945 441 994 de
476 959 683 1010 corpore
707 943 784 992 vel
821 945 873 992 in
912 958 1120 1008 corpore
1159 943 1350 1008 fecerit,
1389 944 1520 1007 quod
1560 946 1665 993 sine
1704 953 1908 1010 peccato

224 1021 427 1084 proprio
467 1034 565 1068 non
604 1017 760 1067 valeat
799 1018 993 1084 evitari,
1042 1023 1241 1081 praeter
1280 1016 1474 1082 culpam
1514 1032 1622 1066 esse
1661 1020 1908 1083 patientis,

228 1092 324 1142 Sed
365 1095 479 1157 quia
518 1107 616 1141 non
643 1090 801 1140 solum
842 1090 973 1155 quod
1012 1090 1072 1139 ad
1104 1089 1339 1152 dolorem,
1378 1105 1551 1140 verum
1591 1093 1738 1142 etiam
1777 1092 1909 1157 quod

226 1167 285 1215 ad
324 1165 578 1215 libidinem
601 1166 832 1231 pertinet,
870 1166 921 1213 in
961 1179 1170 1229 corpore
1210 1163 1367 1214 alieno
1406 1167 1685 1229 perpetrari
1722 1173 1908 1230 potest:

227 1240 465 1306 quidquid
504 1239 598 1289 tale
638 1239 822 1288 factum
869 1239 1040 1304 suerit,
1087 1239 1181 1288 etsi
1227 1244 1470 1287 retentam
1510 1241 1910 1290 constantissimo

227 1316 389 1363 animo
427 1313 714 1378 pudicitiam
753 1326 852 1360 non
892 1313 1093 1378 excutit,
1130 1317 1295 1361 tamen
1333 1311 1576 1376 pudorem
1614 1314 1807 1380 incutit,
1846 1329 1908 1363 ne

228 1387 459 1437 credatur
509 1387 692 1436 factum
744 1400 857 1434 cum
904 1386 1084 1434 mentis
1124 1387 1270 1434 etiam
1308 1385 1580 1453 voluntate,
1630 1388 1761 1452 quod
1801 1388 1911 1437 fieri

227 1462 437 1511 sortasse
479 1462 585 1510 sine
626 1461 787 1511 carnis
828 1458 988 1523 aliqua
1026 1458 1274 1524 voluptate
1313 1474 1412 1508 non
1450 1462 1625 1525 potuit.

864 1618 1061 1674 CAPUT
1093 1620 1265 1673 XVII.

267 1730 342 1778 De
380 1735 538 1778 morte
576 1731 863 1778 voluntaria
904 1729 964 1776 ob
1003 1734 1183 1777 metum
1215 1743 1414 1791 poenae
1451 1731 1555 1778 sive
1593 1731 1870 1779 dedecori&

377 1832 445 1881 Ac
476 1847 566 1897 per
598 1831 690 1880 hoc
715 1838 766 1881 et
789 1846 912 1896 quae
947 1847 998 1880 se
1032 1832 1335 1898 occiderunt,
1373 1847 1434 1881 ne
1468 1833 1731 1897 quicquam
1761 1832 1910 1883 huius

230 1906 363 1955 modi
394 1912 705 1971 paterentur,
745 1907 855 1969 quis
893 1905 1137 1955 humanus
1178 1907 1381 1955 affectus
1415 1909 1486 1955 eis
1531 1906 1654 1956 nolit
1685 1903 1910 1971 ignosci?

229 1987 281 2028 et
327 1994 450 2043 quae
500 1994 551 2028 se
599 1979 825 2028 occidere
873 1979 1161 2045 noluerunt,
1207 1987 1268 2028 ne
1311 1995 1400 2028 suo
1441 1981 1658 2030 facinore
1697 1979 1910 2030 alienum

230 2052 468 2117 flagitium
492 2053 779 2118 devitarent,
819 2054 1042 2117 quisquis
1083 2054 1153 2102 eis
1191 2053 1286 2102 hoc
1326 2055 1521 2103 crimini
1559 2053 1765 2121 dederit,
1802 2054 1908 2122 ipse

230 2128 419 2175 crimen
450 2127 759 2190 insipientiae
794 2141 892 2175 non
925 2126 1126 2176 cavebit.
1203 2127 1327 2176 Nam
1364 2130 1536 2193 utique
1577 2128 1619 2176 si
1657 2142 1756 2175 non
1794 2126 1912 2177 licet

229 2202 416 2266 privata
463 2205 705 2265 potestate
751 2199 1001 2249 hominem
1050 2200 1275 2250 occidere
1315 2202 1390 2250 vel
1429 2207 1714 2267 nocentem,
1768 2203 1912 2250 cuius

230 2274 488 2323 occidendi
525 2274 774 2323 licentiam
813 2274 890 2323 lex
930 2274 1062 2323 nulla
1093 2275 1335 2342 concedit,
1372 2276 1596 2341 profecto
1637 2275 1786 2324 etiam
1825 2276 1912 2339 qui

232 2363 283 2397 se
322 2349 485 2413 ipsum
517 2347 696 2398 occidit
720 2347 962 2397 homicida
1002 2355 1092 2415 est,
1132 2355 1180 2397 et
1219 2355 1353 2398 tanto
1394 2349 1449 2398 fit
1485 2349 1758 2414 nocentior,
1797 2363 1911 2397 cum

231 2437 284 2470 se
324 2422 586 2488 occiderit,
625 2428 807 2486 quanto
846 2423 1158 2471 innocentior
1195 2424 1247 2471 in
1286 2437 1343 2472 ea
1383 2438 1528 2472 causa
1567 2423 1683 2487 fuit,
1722 2436 1818 2485 qua
1857 2436 1910 2471 se

231 2495 555 2545 occidendum
593 2497 794 2561 putavit.
870 2495 992 2545 Nam
1039 2498 1081 2544 si
1130 2495 1276 2545 Iudae
1329 2497 1514 2546 factum
1552 2495 1730 2544 merito
1776 2494 1910 2545 dete-

233 2575 421 2619 stamur
460 2584 672 2634 eumque
712 2570 891 2619 veritas
929 2569 1134 2636 iudicat,
1181 2585 1294 2619 cum
1333 2585 1386 2619 se
1425 2570 1599 2634 laqueo
1640 2567 1912 2635 suspendit,

349 2712 425 2767 30)
457 2712 538 2756 Mt.
572 2716 643 2767 27,
676 2715 715 2756 5.

350 2848 406 2886 24
450 2843 624 2888 crimen
663 2877 672 2887 .
707 2878 717 2888 .
762 2843 947 2887 cauebit
987 2842 1096 2897 0A;
1136 2843 1307 2888 crimen
1342 2881 1350 2888 .
1387 2879 1395 2887 .
1429 2843 1608 2888 carebit
1643 2843 1787 2897 K¹F;
1827 2841 1912 2886 cri-

230 2901 355 2947 mine
388 2938 396 2946 .
432 2937 441 2946 .
475 2902 652 2947 carebit
681 2902 780 2947 K²v
