2020 3122
200 135 270 187 52
886 147 920 180 S.
945 146 1223 182 Aucus'rnu

797 269 994 323 CAPUT
1027 269 1276 323 XXXVI.

199 378 276 426 De
315 379 495 438 quibus
547 379 716 426 causis
762 379 991 438 sequenti
1036 379 1375 443 disputatione
1421 379 1487 425 sit
1525 379 1886 428 disserendum.

355 478 453 542 Sed
493 478 651 527 adhuc
676 478 797 527 mihi
835 479 1074 542 quaedam
1112 479 1318 528 dicenda
1357 486 1473 528 sunt
1512 478 1746 529 adversus
1785 495 1887 546 eOS,

207 554 291 617 qui
337 552 582 601 Romanae
630 554 705 601 rei
749 551 973 616 publicae
1022 552 1184 601 clades
1230 554 1281 601 in
1327 552 1618 617 religionem
1666 550 1887 603 nostram

144 633 169 673 5
203 627 444 692 referunt,
483 641 580 690 qua
603 625 696 674 diis
721 627 825 674 suis
865 626 1141 675 sacrificare
1179 625 1519 690 prohibentur.
1582 625 1885 676 Commemo-

205 699 356 748 randa
397 706 512 748 sunt
552 700 681 747 enim
732 714 855 762 quae
908 706 956 748 et
996 706 1177 763 quanta
1217 714 1480 748 occurrere
1521 702 1774 764 potuerint
1811 700 1888 749 vel

205 775 323 822 satis
363 788 471 822 esse
524 772 823 821 videbuntur
868 772 1012 839 mala,
1060 788 1184 836 quae
1231 772 1313 821 illa
1362 775 1530 822 civitas
1568 773 1774 838 pertulit
1811 773 1888 822 vel

205 846 260 895 ad
301 848 408 895 eius
441 848 703 910 imperium
739 848 1020 910 provinciae
1055 848 1375 911 pertinenteS,
1415 853 1674 910 antequam
1715 862 1887 895 eorum

206 920 445 968 sacrificia
498 919 745 983 prohibita
802 919 1034 984 fuissent3
1097 934 1221 982 quae
1284 921 1447 967 omnia
1508 920 1683 984 procul
1738 919 1886 969 dubio

119 1002 172 1040 10
207 993 348 1042 nobis
397 991 697 1058 tribuerent,
745 994 787 1040 si
832 994 929 1041 iam
975 991 1051 1041 vel
1096 991 1192 1041 illis
1240 992 1449 1041 clareret
1495 999 1662 1041 nostra
1702 993 1889 1058 religiO,

205 1066 280 1115 vel
328 1068 395 1115 ita
432 1073 527 1114 ‘eos
575 1081 602 1114 a
651 1067 802 1114 sacris
851 1065 1101 1130 sacrilegis
1148 1064 1451 1130 prohiberet.
1527 1065 1711 1115 Deinde
1752 1082 1888 1115 mon·
1929 1129 1936 1135 ι

206 1139 461 1189 strandum
516 1146 617 1204 est,
673 1154 796 1203 quos
852 1154 1026 1188 eorum
1079 1155 1242 1188 mores
1297 1146 1346 1188 et
1394 1155 1540 1204 quam
1590 1139 1652 1188 ob
1693 1155 1890 1189 causam

205 1213 338 1263 Deus
377 1228 524 1262 verus
549 1213 608 1262 ad
649 1213 927 1277 augendum
962 1214 1227 1278 imperium
1264 1213 1491 1262 adiuvare
1532 1213 1760 1277 dignatus
1800 1220 1890 1279 est,

206 1289 257 1335 in
299 1288 439 1340 cuius
487 1292 730 1350 potestate
779 1293 894 1335 sunt
939 1301 1090 1350 regna
1129 1288 1313 1353 omnia,
1360 1301 1604 1350 quamque
1645 1286 1767 1335 nihil
1806 1302 1890 1336 eos

123 1367 176 1408 15
210 1359 487 1409 adiuverint
533 1359 607 1425 hi,
654 1374 778 1424 quos
826 1360 943 1408 deos
989 1366 1186 1426 putant,
1239 1366 1287 1408 et
1325 1362 1490 1424 potius
1530 1366 1768 1424 quantum
1807 1361 1887 1410 de-

210 1433 435 1498 cipiendo
489 1441 537 1482 et
590 1432 800 1481 fallendo
855 1435 1129 1482 nocuerint.
1205 1432 1461 1482 Postremo
1515 1433 1750 1483 adversus
1805 1449 1890 1483 eos

209 1507 429 1572 dicetur,
484 1508 568 1570 qui
622 1507 1034 1555 manifestissimis
1089 1507 1397 1556 documentis
1451 1507 1691 1563 confutati
1742 1514 1889 1572 atque

211 1581 423 1629 convicti
473 1586 714 1629 conantur
761 1595 983 1628 asserere
1038 1595 1137 1628 non
1192 1587 1398 1644 propter
1442 1582 1568 1629 vitae
1615 1583 1891 1645 praesentis

210 1653 489 1719 utilitatem,
529 1653 615 1702 sed
639 1660 843 1718 propter
874 1668 995 1719 eam,
1035 1669 1157 1717 quae
1197 1660 1311 1718 post
1347 1660 1559 1702 mortem
1597 1654 1763 1703 sutura
1803 1662 1893 1719 est,

121 1736 178 1775 20
212 1727 443 1776 colendos
498 1726 629 1776 deos
708 1726 865 1792 Quae,
925 1729 1022 1776 nisi
1083 1726 1245 1793 fallor,
1308 1729 1528 1790 quaestio
1582 1727 1737 1776 multo
1798 1730 1893 1777 erit

210 1802 466 1865 operosior
519 1808 568 1848 et
607 1800 864 1849 subtiliore
905 1800 1236 1865 disputatione
1278 1800 1492 1867 dignior,
1539 1808 1593 1849 ut
1632 1807 1682 1849 et
1721 1807 1893 1850 contra

209 1873 526 1938 philosophos
566 1876 616 1922 in
657 1889 714 1922 ea
752 1874 1037 1940 disseratur,
1077 1889 1176 1922 non
1215 1873 1475 1939 quoslibet,
1515 1874 1600 1922 sed
1640 1876 1726 1938 qui
1763 1874 1890 1939 apud

210 1947 319 1995 illos
368 1947 778 1997 excellentissima
825 1948 979 2012 gloria
1026 1947 1144 1996 clari
1191 1954 1307 1996 sunt
1354 1954 1403 1997 ct
1441 1946 1702 1996 nobiscum
1739 1948 1893 1997 multa

211 2022 452 2080 sentiunt,
503 2027 550 2069 et
589 2021 648 2069 de
700 2023 887 2070 animae
927 2021 1275 2070 inmortalitate
1316 2028 1366 2070 et
1405 2021 1535 2085 quod
1575 2020 1707 2070 Deus
1746 2037 1892 2070 verus

119 2101 177 2142 25
209 2093 450 2142 mundum
489 2093 764 2143 condiderit
789 2101 838 2143 et
867 2094 926 2142 de
966 2095 1273 2158 providentia
1311 2096 1431 2160 eiUS,
1473 2110 1568 2159 qua
1606 2097 1893 2144 universum

210 2167 341 2231 quod
387 2166 606 2216 condidit
651 2169 792 2231 regit.
870 2167 966 2216 Sed
1014 2169 1245 2231 quoniam
1284 2175 1334 2216 et
1370 2169 1466 2232 ipsi
1503 2169 1555 2216 in
1601 2167 1718 2234 illis,
1767 2183 1891 2232 quae

211 2247 382 2290 contra
429 2256 518 2289 nos
566 2243 810 2306 sentiunt,
857 2240 1114 2289 refellendi
1161 2247 1298 2306 sunt,
1353 2240 1525 2289 deesse
1574 2240 1690 2289 huic
1730 2242 1892 2305 officio

210 2330 308 2363 non
364 2313 600 2362 debemus
612 2354 626 2379 ,
680 2321 735 2363 ut
787 2315 1013 2363 refutatis
1067 2315 1230 2378 impiis
1281 2313 1752 2363 contradictionibus
1802 2330 1892 2381 pro

209 2387 411 2453 viribus,
451 2402 571 2451 quas
614 2387 746 2436 Deus
784 2389 1039 2452 inpertiet,
1080 2402 1357 2435 asseramus
1397 2389 1641 2436 civitatem
1687 2387 1776 2437 Dei
1813 2403 1892 2436 ve-

126 2471 185 2511 30
219 2476 423 2524 ramque
455 2462 688 2525 pietatem
727 2467 776 2509 et
800 2461 888 2509 Dei
913 2460 1114 2526 cultum,
1152 2462 1203 2508 in
1229 2475 1326 2524 quo
1351 2476 1449 2509 uno
1489 2462 1729 2510 veraciter
1768 2476 1893 2510 sem-

207 2537 407 2600 piterna
432 2533 683 2583 beatitudo
714 2536 1035 2599 promittitur.
1111 2533 1201 2582 Hic
1239 2535 1403 2597 itaque
1436 2534 1611 2582 modus
1644 2536 1707 2583 sit
1745 2534 1893 2584 huius

212 2608 494 2673 voluminiS,
525 2614 581 2656 ut
614 2607 847 2672 deinceps
887 2608 1121 2672 disposita
1162 2606 1221 2655 ab
1255 2607 1346 2655 alio
1387 2621 1638 2656 sumamus
1678 2607 1892 2657 exordio.

331 2756 356 2794 6
388 2750 643 2806 potuerunt
672 2749 716 2792 A
742 2750 757 2805 ΙΙ
783 2754 836 2792 15
870 2751 916 2793 et
945 2748 1102 2806 potius
1134 2749 1299 2803 AKF;
1332 2747 1444 2804 quin
1473 2763 1517 2805 p,
1549 2761 1575 2792 v
1614 2750 1629 2805 ΙΙ
1664 2753 1717 2791 21
1752 2748 1896 2792 subti-

212 2809 328 2910 liqlie
362 2809 543 2911 ῗΛΞΚΙ,·
576 2807 813 2853 subtiliori
843 2809 986 2862 K2F,·
1019 2807 1287 2852 sublimiore
1318 2821 1344 2851 v
1383 2809 1398 2864 ΙΙ
1433 2812 1489 2851 24
1521 2808 1568 2851 et
1599 2808 1655 2851 de
1690 2806 1895 2860 0AKF;

214 2881 280 2911 sc1
320 2881 369 2911 ce
454 2881 478 2911 e
509 2881 535 2912 v
