2020 3122
167 909 224 948 10

171 1274 224 1314 15

171 1641 228 1681 20

167 2006 223 2046 25

161 2460 225 2499 ⁷30

253 114 361 167 576
924 122 959 155 s.
983 121 1259 157 AUGUSTINI

254 253 360 288 mae
411 252 569 302 poena
627 243 701 285 est
751 238 803 285 in
850 235 1196 300 qualicumque
1249 251 1455 301 corpore
1504 237 1760 301 conligari,
1817 237 1934 301 quid

255 318 331 361 est
369 311 500 375 quod
534 326 617 359 eos
657 310 926 374 adloquens
966 310 1088 359 deus
1127 315 1375 374 tamquam
1415 309 1664 376 sollicitOS,
1704 326 1765 359 ne
1805 311 1932 360 forte
1985 310 1991 315 ”

254 387 541 449 moriantur,
581 384 630 432 id
670 390 745 432 est
784 383 1114 432 dissolvantur
1153 399 1180 432 a
1218 398 1440 449 corpore,
1481 383 1540 432 de
1581 399 1669 432 sua
1708 384 1824 433 facit
1861 385 1932 432 in·
1995 412 2020 454 ,5-

254 458 549 507 mortalitate
582 472 807 522 securos3
847 472 946 505 non
977 463 1181 521 propter
1213 472 1386 505 eorum
1425 463 1664 524 naturam,
1705 472 1828 522 quae
1870 459 1935 506 sit
1991 465 2020 519 νῇ

256 537 532 597 compacta,
583 546 682 579 non
730 530 958 597 simplex,
1007 530 1092 578 sed
1144 536 1348 594 propter
1389 545 1526 579 suam
1564 532 1936 580 invictissimam
1991 525 2020 603 ᾗ

256 604 580 670 voluntatem,
627 619 724 668 qua
761 610 939 668 potens
979 611 1054 652 est
1093 603 1278 668 facere,
1325 609 1380 652 ut
1428 619 1520 652 nec
1569 610 1677 653 orta
1716 604 1940 653 occidant

256 693 348 727 nec
388 692 574 727 conexa
614 677 879 743 solvantur,
918 677 1004 726 sed
1043 675 1486 741 incorruptibiliter
1524 674 1879 741 perseverent?
2007 671 2009 673 ’

402 751 466 800 Et
504 751 597 800 hoc
646 750 845 815 quidem
884 757 1054 799 utrum
1092 749 1228 799 Plato
1269 765 1440 799 verum
1480 750 1539 799 de
1581 750 1826 800 sideribus
1866 750 1935 799 di-

258 832 355 890 cat,
409 824 500 873 alia
547 826 768 889 quaestio
818 830 907 872 est.
984 823 1156 888 Neque
1204 825 1335 872 enim
1383 825 1428 872 ei
1479 826 1712 873 continuo
1764 839 1937 873 conce-

259 898 473 947 dendum
506 904 582 947 est
612 897 782 962 globos
814 899 935 946 istos
974 896 1217 946 luminum
1257 898 1356 945 sive
1397 896 1644 946 orbiculos
1683 897 1792 947 luce
1832 913 1938 948 cor-

258 987 411 1036 porea
451 986 600 1036 super
638 977 797 1020 terras
845 986 933 1019 seu
974 970 1051 1019 die
1093 985 1181 1019 seu
1221 977 1365 1019 nocte
1406 970 1650 1035 fulgentes
1691 973 1792 1020 suis
1833 973 1937 1036 qui-

258 1045 465 1094 busdam
512 1046 727 1109 propriis
775 1045 949 1092 animis
995 1045 1159 1092 vivere
1207 1046 1376 1108 eisque
1424 1043 1838 1094 intellectualibus
1889 1051 1939 1094 et

258 1117 430 1183 beatiS,
471 1117 601 1182 quod
634 1119 780 1167 etiam
812 1118 871 1166 de
904 1119 1012 1182 ipso
1044 1119 1275 1166 universo
1315 1118 1514 1184 mundO,
1553 1125 1800 1183 tamquam
1839 1134 1937 1168 uno
1964 1137 1970 1141 ·

259 1191 453 1240 animali
484 1193 711 1257 maximo,
751 1206 848 1255 quo
882 1198 1059 1240 cuncta
1091 1197 1255 1240 cetera
1289 1193 1662 1240 continerentur
1701 1191 1939 1258 animalia,

257 1267 500 1314 instanter
546 1264 782 1313 adfirmat.
862 1264 958 1313 Sed
1004 1263 1147 1331 haec,
1193 1271 1249 1313 ut
1287 1264 1408 1330 dixi,
1455 1265 1546 1313 alia
1587 1267 1808 1329 quaestio
1850 1272 1940 1332 est,

258 1353 404 1402 quam
454 1354 587 1387 nunc
638 1338 997 1387 discutiendam
1047 1353 1146 1386 non
1195 1340 1516 1402 suscepimus.
1594 1337 1698 1387 Hoc
1747 1344 1939 1388 tantum
2015 1357 2017 1365 ·

257 1418 427 1460 contra
474 1414 594 1460 istos
648 1412 1132 1460 commemorandum
1181 1413 1374 1477 putavi,
1426 1413 1510 1475 qui
1561 1427 1613 1460 se
1660 1411 1938 1461 Platonicos
1995 1429 2017 1469 ‘ff

257 1486 420 1533 vocari
438 1484 512 1532 vel
529 1500 637 1533 esse
663 1484 951 1550 gloriantur,
977 1486 1118 1533 cuius
1143 1483 1375 1548 superbia
1399 1486 1612 1533 nominis
1638 1485 1940 1534 erubescunt
2010 1515 2017 1534 ,ι

256 1573 369 1606 esse
411 1557 696 1623 Christiani,
744 1573 804 1606 ne
853 1572 1114 1606 commune
1161 1557 1257 1606 illis
1305 1573 1419 1606 cum
1465 1558 1608 1622 vulgo
1648 1558 1940 1608 vocabulum

260 1631 403 1679 vilem
443 1632 588 1680 faciat
625 1630 934 1695 palliatorum
973 1637 1107 1679 tanto
1148 1632 1303 1695 magis
1342 1631 1580 1697 inflatam,
1619 1638 1801 1695 quanto
1842 1647 1938 1681 ma·
1992 1626 2018 1698 ³5}

257 1706 330 1769 gis
380 1706 604 1768 exiguam
650 1706 969 1769 paucitatem3
1018 1710 1068 1752 et
1107 1710 1423 1770 quaerenteS,
1471 1705 1587 1768 quid
1626 1707 1677 1753 in
1717 1705 1939 1754 doctrina
1999 1707 2007 1731 ·’

259 1777 536 1826 Christiana
575 1777 954 1843 reprehendant,
994 1779 1242 1842 exagitant
1280 1779 1620 1826 aeternitatem
1660 1794 1939 1843 corporum,

257 1858 507 1915 tamquam
544 1850 665 1899 haec
705 1852 802 1900 sint
840 1853 971 1900 inter
1011 1866 1062 1899 se
1104 1852 1364 1916 contraria,
1403 1857 1458 1899 ut
1498 1858 1546 1900 et
1584 1851 1940 1900 beatitudinem
2015 1905 2018 1908 ,

258 1939 551 1988 quaeramus
584 1926 772 1973 animae
805 1931 856 1973 et
887 1939 991 1972 eam
1026 1939 1221 1988 semper
1254 1939 1362 1973 esse
1396 1924 1600 1973 velimus
1632 1926 1683 1973 in
1716 1940 1939 1989 corpore,

257 1997 389 2046 velut
437 2013 729 2046 aerumnoso
776 1997 971 2046 vinculo
1020 1997 1338 2063 conligatam3
1387 2013 1498 2046 cum
1547 2013 1720 2047 eorum
1768 2005 1938 2047 auctor
2011 2015 2013 2020 ·

257 2077 306 2119 et
343 2073 576 2134 magister
614 2070 750 2120 Plato
790 2071 974 2120 donum
1013 2086 1040 2119 a
1079 2070 1169 2119 deo
1212 2085 1402 2119 summo
1443 2071 1534 2119 diis
1575 2070 1633 2119 ab
1673 2071 1755 2120 illo
1796 2072 1937 2120 factis

257 2142 385 2191 dicat
433 2159 540 2192 esse
588 2160 901 2210 concessum,
949 2159 1010 2192 ne
1058 2143 1316 2207 aliquando
1365 2145 1661 2210 moriantur,
1707 2144 1755 2193 id
1796 2151 1871 2194 est
1910 2159 1937 2192 a

257 2216 563 2282 corporibuS,
603 2217 782 2281 quibus
823 2233 907 2266 eos
947 2219 1192 2283 conexuit,
1233 2223 1537 2281 separentur.

898 2359 1088 2412 CAPUT
1120 2359 1291 2413 XVII.

263 2451 448 2498 Contra
481 2464 577 2515 608,
617 2452 705 2510 qai
734 2451 981 2498 adserunt
1019 2456 1228 2499 terrena
1269 2466 1489 2513 corpora
1530 2453 1937 2514 incorruptibilia
2003 2485 2006 2487 Α

693 2525 815 2582 fieri
852 2529 902 2571 et
939 2529 1151 2572 aeterna
1191 2539 1290 2573 non
1325 2539 1484 2586 posse.

404 2624 719 2674 Contendunt
766 2626 914 2673 etiam
958 2626 1041 2673 isti
1089 2627 1344 2674 terrestria
1391 2641 1597 2690 corpora
1638 2627 1937 2690 sempiterna

259 2712 367 2745 esse
399 2712 498 2757 non
529 2713 689 2763 posse,
730 2713 842 2746 cum
872 2699 1028 2763 ipsam
1061 2699 1340 2747 universam
1372 2705 1554 2747 terram
1588 2699 1666 2747 dei
1707 2700 1798 2764 sui,
1839 2713 1937 2747 non
1994 2738 1996 2743 .

377 2844 428 2881 17
463 2838 560 2895 qui]
594 2840 647 2882 ut
678 2837 756 2894 qui
787 2839 884 2882 AF
