<?xml version="1.0" encoding="UTF-8"?>
<!DOCTYPE html PUBLIC "-//W3C//DTD XHTML 1.0 Transitional//EN"
    "http://www.w3.org/TR/xhtml1/DTD/xhtml1-transitional.dtd">
<html xmlns="http://www.w3.org/1999/xhtml" xml:lang="en" lang="en">
 <head>
  <title>
</title>
<meta http-equiv="Content-Type" content="text/html;charset=utf-8" />
  <meta name='ocr-system' content='tesseract 3.04.00' />
  <meta name='ocr-capabilities' content='ocr_page ocr_carea ocr_par ocr_line ocrx_word'/>
</head>
<body>
  <div class='ocr_page' id='page_1' title='image "./decivitatedeilib01auguuoft_0170.png"; bbox 0 0 2020 3122; ppageno 0'>
   <div class='ocr_carea' id='block_1_1' title="bbox 128 931 181 970">
    <p class='ocr_par' dir='ltr' id='par_1_1' title="bbox 128 931 181 970">
     <span class='ocr_line' id='line_1_1' title="bbox 128 931 181 970; baseline 0.019 -1"><span class='ocrx_word' id='word_1_1' title='bbox 128 931 181 970; x_wconf 87' lang='grc'><strong>10</strong></span> 
     </span>
    </p>
   </div>
   <div class='ocr_carea' id='block_1_2' title="bbox 126 1298 178 1336">
    <p class='ocr_par' dir='ltr' id='par_1_2' title="bbox 126 1298 178 1336">
     <span class='ocr_line' id='line_1_2' title="bbox 126 1298 178 1336; baseline 0 0"><span class='ocrx_word' id='word_1_2' title='bbox 126 1298 178 1336; x_wconf 83' lang='grc'><strong>15</strong></span> 
     </span>
    </p>
   </div>
   <div class='ocr_carea' id='block_1_3' title="bbox 121 1666 177 1705">
    <p class='ocr_par' dir='ltr' id='par_1_3' title="bbox 121 1666 177 1705">
     <span class='ocr_line' id='line_1_3' title="bbox 121 1666 177 1705; baseline 0.018 -1"><span class='ocrx_word' id='word_1_3' title='bbox 121 1666 177 1705; x_wconf 82' lang='lat'><strong>20</strong></span> 
     </span>
    </p>
   </div>
   <div class='ocr_carea' id='block_1_4' title="bbox 121 2034 176 2074">
    <p class='ocr_par' dir='ltr' id='par_1_4' title="bbox 121 2034 176 2074">
     <span class='ocr_line' id='line_1_4' title="bbox 121 2034 176 2074; baseline 0 0"><span class='ocrx_word' id='word_1_4' title='bbox 121 2034 176 2074; x_wconf 80' lang='lat'><strong>25</strong></span> 
     </span>
    </p>
   </div>
   <div class='ocr_carea' id='block_1_5' title="bbox 120 2419 176 2459">
    <p class='ocr_par' dir='ltr' id='par_1_5' title="bbox 120 2419 176 2459">
     <span class='ocr_line' id='line_1_5' title="bbox 120 2419 176 2459; baseline 0.018 -1"><span class='ocrx_word' id='word_1_5' title='bbox 120 2419 176 2459; x_wconf 87' lang='lat'><strong>30</strong></span> 
     </span>
    </p>
   </div>
   <div class='ocr_carea' id='block_1_6' title="bbox 222 131 1227 183">
    <p class='ocr_par' dir='ltr' id='par_1_6' title="bbox 222 131 1227 183">
     <span class='ocr_line' id='line_1_6' title="bbox 222 131 1227 183; baseline -0.007 -2"><span class='ocrx_word' id='word_1_6' title='bbox 222 131 323 183; x_wconf 82' lang='lat'><strong>158</strong></span> <span class='ocrx_word' id='word_1_7' title='bbox 894 141 928 175; x_wconf 80' lang='lat' dir='ltr'><strong>s.</strong></span> <span class='ocrx_word' id='word_1_8' title='bbox 952 140 1227 176; x_wconf 74' lang='lat' dir='ltr'><strong>Aueus&#39;rm</strong></span> 
     </span>
    </p>
   </div>
   <div class='ocr_carea' id='block_1_7' title="bbox 206 254 1900 2385">
    <p class='ocr_par' dir='ltr' id='par_1_7' title="bbox 206 254 1900 2385">
     <span class='ocr_line' id='line_1_7' title="bbox 218 254 1899 324; baseline 0.002 -20"><span class='ocrx_word' id='word_1_9' title='bbox 218 263 414 322; x_wconf 85' lang='lat' dir='ltr'><strong>essent,</strong></span> <span class='ocrx_word' id='word_1_10' title='bbox 468 257 562 304; x_wconf 87' lang='lat' dir='ltr'><strong>tria</strong></span> <span class='ocrx_word' id='word_1_11' title='bbox 606 255 774 319; x_wconf 86' lang='lat' dir='ltr'><strong>potius</strong></span> <span class='ocrx_word' id='word_1_12' title='bbox 821 255 1063 306; x_wconf 88' lang='lat' dir='ltr'><strong>elementa</strong></span> <span class='ocrx_word' id='word_1_13' title='bbox 1109 254 1280 305; x_wconf 91' lang='lat' dir='ltr'><strong>mundi</strong></span> <span class='ocrx_word' id='word_1_14' title='bbox 1320 270 1455 320; x_wconf 86' lang='lat' dir='ltr'><strong>esse,</strong></span> <span class='ocrx_word' id='word_1_15' title='bbox 1509 269 1609 304; x_wconf 91' lang='lat' dir='ltr'><strong>non</strong></span> <span class='ocrx_word' id='word_1_16' title='bbox 1649 263 1899 324; x_wconf 88' lang='lat' dir='ltr'><strong>quattuor,</strong></span> 
     </span>
     <span class='ocr_line' id='line_1_8' title="bbox 216 328 1898 397; baseline 0.002 -20"><span class='ocrx_word' id='word_1_17' title='bbox 216 344 392 378; x_wconf 90' lang='lat' dir='ltr'><strong>eorum</strong></span> <span class='ocrx_word' id='word_1_18' title='bbox 430 335 623 377; x_wconf 87' lang='lat' dir='ltr'><strong>veteres</strong></span> <span class='ocrx_word' id='word_1_19' title='bbox 661 329 952 397; x_wconf 82' lang='lat' dir='ltr'><strong>proderent,</strong></span> <span class='ocrx_word' id='word_1_20' title='bbox 991 336 1047 379; x_wconf 91' lang='lat' dir='ltr'><strong>ut</strong></span> <span class='ocrx_word' id='word_1_21' title='bbox 1086 328 1277 394; x_wconf 85' lang='lat' dir='ltr'><strong>singula</strong></span> <span class='ocrx_word' id='word_1_22' title='bbox 1317 329 1523 378; x_wconf 91' lang='lat' dir='ltr'><strong>deorum</strong></span> <span class='ocrx_word' id='word_1_23' title='bbox 1563 331 1787 394; x_wconf 85' lang='lat' dir='ltr'><strong>coniugia</strong></span> <span class='ocrx_word' id='word_1_24' title='bbox 1827 331 1898 380; x_wconf 91' lang='lat' dir='ltr'><strong>di-</strong></span> 
     </span>
     <span class='ocr_line' id='line_1_9' title="bbox 215 402 1899 467; baseline 0.002 -17"><span class='ocrx_word' id='word_1_25' title='bbox 215 402 502 451; x_wconf 83' lang='lat' dir='ltr'><strong>viderentur</strong></span> <span class='ocrx_word' id='word_1_26' title='bbox 542 402 746 467; x_wconf 84' lang='lat' dir='ltr'><strong>singulis</strong></span> <span class='ocrx_word' id='word_1_27' title='bbox 778 403 1047 453; x_wconf 81' lang='lat' dir='ltr'><strong>elementis,</strong></span> <span class='ocrx_word' id='word_1_28' title='bbox 1123 403 1265 452; x_wconf 84' lang='lat' dir='ltr'><strong>Nunc</strong></span> <span class='ocrx_word' id='word_1_29' title='bbox 1304 419 1420 452; x_wconf 86' lang='lat' dir='ltr'><strong>vero</strong></span> <span class='ocrx_word' id='word_1_30' title='bbox 1461 404 1595 452; x_wconf 90' lang='lat' dir='ltr'><strong>omni</strong></span> <span class='ocrx_word' id='word_1_31' title='bbox 1633 403 1778 452; x_wconf 90' lang='lat' dir='ltr'><strong>modo</strong></span> <span class='ocrx_word' id='word_1_32' title='bbox 1818 405 1899 454; x_wconf 81' lang='lat' dir='ltr'><strong>ad·</strong></span> 
     </span>
     <span class='ocr_line' id='line_1_10' title="bbox 215 476 1899 543; baseline 0.001 -18"><span class='ocrx_word' id='word_1_33' title='bbox 215 478 535 526; x_wconf 87' lang='lat' dir='ltr'><strong>firmaverunt</strong></span> <span class='ocrx_word' id='word_1_34' title='bbox 574 476 703 525; x_wconf 86' lang='lat' dir='ltr'><strong>aliud</strong></span> <span class='ocrx_word' id='word_1_35' title='bbox 745 491 852 526; x_wconf 91' lang='lat' dir='ltr'><strong>esse</strong></span> <span class='ocrx_word' id='word_1_36' title='bbox 893 476 1159 543; x_wconf 79' lang='lat' dir='ltr'><strong>aetherem,</strong></span> <span class='ocrx_word' id='word_1_37' title='bbox 1198 476 1328 526; x_wconf 92' lang='lat' dir='ltr'><strong>aliud</strong></span> <span class='ocrx_word' id='word_1_38' title='bbox 1370 491 1549 526; x_wconf 86' lang='lat' dir='ltr'><strong>aerem.</strong></span> <span class='ocrx_word' id='word_1_39' title='bbox 1604 478 1743 542; x_wconf 82' lang='lat' dir='ltr'><strong>Aqua</strong></span> <span class='ocrx_word' id='word_1_40' title='bbox 1782 493 1899 528; x_wconf 87' lang='lat' dir='ltr'><strong>vero</strong></span> 
     </span>
     <span class='ocr_line' id='line_1_11' title="bbox 217 551 1899 617; baseline 0.001 -17"><span class='ocrx_word' id='word_1_41' title='bbox 217 553 317 600; x_wconf 90' lang='lat' dir='ltr'><strong>sive</strong></span> <span class='ocrx_word' id='word_1_42' title='bbox 375 552 604 616; x_wconf 80' lang='lat' dir='ltr'><strong>superior</strong></span> <span class='ocrx_word' id='word_1_43' title='bbox 659 552 758 599; x_wconf 88' lang='lat' dir='ltr'><strong>sive</strong></span> <span class='ocrx_word' id='word_1_44' title='bbox 814 551 1021 600; x_wconf 86' lang='lat' dir='ltr'><strong>inferior</strong></span> <span class='ocrx_word' id='word_1_45' title='bbox 1069 553 1242 615; x_wconf 88' lang='lat' dir='ltr'><strong>utique</strong></span> <span class='ocrx_word' id='word_1_46' title='bbox 1292 565 1417 615; x_wconf 86' lang='lat' dir='ltr'><strong>aqua</strong></span> <span class='ocrx_word' id='word_1_47' title='bbox 1465 558 1561 617; x_wconf 79' lang='lat' dir='ltr'><strong>est3</strong></span> <span class='ocrx_word' id='word_1_48' title='bbox 1613 558 1735 615; x_wconf 91' lang='lat' dir='ltr'><strong>puta</strong></span> <span class='ocrx_word' id='word_1_49' title='bbox 1786 554 1899 617; x_wconf 85' lang='lat' dir='ltr'><strong>quia</strong></span> 
     </span>
     <span class='ocr_line' id='line_1_12' title="bbox 215 621 1898 689; baseline 0.001 -15"><span class='ocrx_word' id='word_1_50' title='bbox 215 624 487 674; x_wconf 87' lang='lat' dir='ltr'><strong>dissimilis:</strong></span> <span class='ocrx_word' id='word_1_51' title='bbox 541 624 780 689; x_wconf 87' lang='lat' dir='ltr'><strong>numquid</strong></span> <span class='ocrx_word' id='word_1_52' title='bbox 827 627 878 674; x_wconf 91' lang='lat' dir='ltr'><strong>in</strong></span> <span class='ocrx_word' id='word_1_53' title='bbox 926 631 1118 674; x_wconf 88' lang='lat' dir='ltr'><strong>tantum</strong></span> <span class='ocrx_word' id='word_1_54' title='bbox 1164 631 1220 674; x_wconf 92' lang='lat' dir='ltr'><strong>ut</strong></span> <span class='ocrx_word' id='word_1_55' title='bbox 1259 639 1383 689; x_wconf 87' lang='lat' dir='ltr'><strong>aqua</strong></span> <span class='ocrx_word' id='word_1_56' title='bbox 1423 640 1523 674; x_wconf 93' lang='lat' dir='ltr'><strong>non</strong></span> <span class='ocrx_word' id='word_1_57' title='bbox 1562 621 1665 674; x_wconf 79' lang='lat' dir='ltr'><strong>sit?</strong></span> <span class='ocrx_word' id='word_1_58' title='bbox 1725 625 1788 675; x_wconf 90' lang='lat' dir='ltr'><strong>Et</strong></span> <span class='ocrx_word' id='word_1_59' title='bbox 1825 628 1898 675; x_wconf 91' lang='lat' dir='ltr'><strong>in-</strong></span> 
     </span>
     <span class='ocr_line' id='line_1_13' title="bbox 214 698 1900 763; baseline 0.001 -16"><span class='ocrx_word' id='word_1_60' title='bbox 214 699 367 747; x_wconf 84' lang='lat' dir='ltr'><strong>ferior</strong></span> <span class='ocrx_word' id='word_1_61' title='bbox 398 705 531 748; x_wconf 89' lang='lat' dir='ltr'><strong>terra</strong></span> <span class='ocrx_word' id='word_1_62' title='bbox 564 698 681 763; x_wconf 89' lang='lat' dir='ltr'><strong>quid</strong></span> <span class='ocrx_word' id='word_1_63' title='bbox 715 698 845 747; x_wconf 86' lang='lat' dir='ltr'><strong>aliud</strong></span> <span class='ocrx_word' id='word_1_64' title='bbox 884 704 1050 763; x_wconf 87' lang='lat' dir='ltr'><strong>potest</strong></span> <span class='ocrx_word' id='word_1_65' title='bbox 1088 713 1196 747; x_wconf 89' lang='lat' dir='ltr'><strong>esse</strong></span> <span class='ocrx_word' id='word_1_66' title='bbox 1238 713 1384 762; x_wconf 89' lang='lat' dir='ltr'><strong>quam</strong></span> <span class='ocrx_word' id='word_1_67' title='bbox 1422 705 1555 748; x_wconf 89' lang='lat' dir='ltr'><strong>terra</strong></span> <span class='ocrx_word' id='word_1_68' title='bbox 1595 699 1900 762; x_wconf 87' lang='lat' dir='ltr'><strong>quantalibet</strong></span> 
     </span>
     <span class='ocr_line' id='line_1_14' title="bbox 215 770 1898 838; baseline 0.002 -18"><span class='ocrx_word' id='word_1_69' title='bbox 215 772 495 822; x_wconf 87' lang='lat' dir='ltr'><strong>diversitate</strong></span> <span class='ocrx_word' id='word_1_70' title='bbox 536 770 801 822; x_wconf 77' lang='lat' dir='ltr'><strong>distincta?</strong></span> <span class='ocrx_word' id='word_1_71' title='bbox 862 772 1047 821; x_wconf 90' lang='lat' dir='ltr'><strong>Deinde</strong></span> <span class='ocrx_word' id='word_1_72' title='bbox 1089 787 1205 821; x_wconf 86' lang='lat' dir='ltr'><strong>ecee</strong></span> <span class='ocrx_word' id='word_1_73' title='bbox 1243 773 1340 821; x_wconf 87' lang='lat' dir='ltr'><strong>iam</strong></span> <span class='ocrx_word' id='word_1_74' title='bbox 1379 778 1513 821; x_wconf 88' lang='lat' dir='ltr'><strong>totus</strong></span> <span class='ocrx_word' id='word_1_75' title='bbox 1553 774 1604 821; x_wconf 94' lang='lat' dir='ltr'><strong>in</strong></span> <span class='ocrx_word' id='word_1_76' title='bbox 1643 772 1720 822; x_wconf 89' lang='lat' dir='ltr'><strong>his</strong></span> <span class='ocrx_word' id='word_1_77' title='bbox 1760 780 1898 838; x_wconf 86' lang='lat' dir='ltr'><strong>quat-</strong></span> 
     </span>
     <span class='ocr_line' id='line_1_15' title="bbox 214 845 1898 910; baseline 0.001 -15"><span class='ocrx_word' id='word_1_78' title='bbox 214 854 328 896; x_wconf 85' lang='lat' dir='ltr'><strong>tuor</strong></span> <span class='ocrx_word' id='word_1_79' title='bbox 374 847 450 896; x_wconf 92' lang='lat' dir='ltr'><strong>vel</strong></span> <span class='ocrx_word' id='word_1_80' title='bbox 496 845 657 896; x_wconf 88' lang='lat' dir='ltr'><strong>tribus</strong></span> <span class='ocrx_word' id='word_1_81' title='bbox 704 846 962 895; x_wconf 86' lang='lat' dir='ltr'><strong>elementis</strong></span> <span class='ocrx_word' id='word_1_82' title='bbox 1011 860 1281 910; x_wconf 84' lang='lat' dir='ltr'><strong>corporeus</strong></span> <span class='ocrx_word' id='word_1_83' title='bbox 1317 845 1603 910; x_wconf 36' lang='lat' dir='ltr'><strong>*completus</strong></span> <span class='ocrx_word' id='word_1_84' title='bbox 1643 852 1719 895; x_wconf 88' lang='lat' dir='ltr'><strong>est</strong></span> <span class='ocrx_word' id='word_1_85' title='bbox 1757 862 1898 896; x_wconf 90' lang='lat' dir='ltr'><strong>mun-</strong></span> 
     </span>
     <span class='ocr_line' id='line_1_16' title="bbox 214 915 1899 984; baseline 0.001 -16"><span class='ocrx_word' id='word_1_86' title='bbox 214 919 328 971; x_wconf 87' lang='lat' dir='ltr'><strong>dus:</strong></span> <span class='ocrx_word' id='word_1_87' title='bbox 374 920 591 970; x_wconf 88' lang='lat' dir='ltr'><strong>Minerva</strong></span> <span class='ocrx_word' id='word_1_88' title='bbox 630 919 716 969; x_wconf 93' lang='lat' dir='ltr'><strong>ubi</strong></span> <span class='ocrx_word' id='word_1_89' title='bbox 757 916 887 968; x_wconf 81' lang='lat' dir='ltr'><strong>erit‘?</strong></span> <span class='ocrx_word' id='word_1_90' title='bbox 934 919 1051 983; x_wconf 91' lang='lat' dir='ltr'><strong>quid</strong></span> <span class='ocrx_word' id='word_1_91' title='bbox 1091 915 1320 968; x_wconf 77' lang='lat' dir='ltr'><strong>tenebit?</strong></span> <span class='ocrx_word' id='word_1_92' title='bbox 1367 919 1485 983; x_wconf 89' lang='lat' dir='ltr'><strong>quid</strong></span> <span class='ocrx_word' id='word_1_93' title='bbox 1523 917 1783 984; x_wconf 77' lang='lat' dir='ltr'><strong>implebit?</strong></span> <span class='ocrx_word' id='word_1_94' title='bbox 1824 920 1899 970; x_wconf 86' lang='lat' dir='ltr'><strong>Si-</strong></span> 
     </span>
     <span class='ocr_line' id='line_1_17' title="bbox 212 991 1898 1057; baseline 0.001 -15"><span class='ocrx_word' id='word_1_95' title='bbox 212 994 315 1043; x_wconf 91' lang='lat' dir='ltr'><strong>mul</strong></span> <span class='ocrx_word' id='word_1_96' title='bbox 361 995 492 1043; x_wconf 90' lang='lat' dir='ltr'><strong>enim</strong></span> <span class='ocrx_word' id='word_1_97' title='bbox 540 1009 654 1042; x_wconf 86' lang='lat' dir='ltr'><strong>cum</strong></span> <span class='ocrx_word' id='word_1_98' title='bbox 699 993 776 1042; x_wconf 92' lang='lat' dir='ltr'><strong>his</strong></span> <span class='ocrx_word' id='word_1_99' title='bbox 823 995 873 1041; x_wconf 90' lang='lat' dir='ltr'><strong>in</strong></span> <span class='ocrx_word' id='word_1_100' title='bbox 915 991 1152 1057; x_wconf 86' lang='lat' dir='ltr'><strong>Capitolio</strong></span> <span class='ocrx_word' id='word_1_101' title='bbox 1200 994 1468 1042; x_wconf 84' lang='lat' dir='ltr'><strong>constituta</strong></span> <span class='ocrx_word' id='word_1_102' title='bbox 1508 1000 1605 1054; x_wconf 92' lang='lat' dir='ltr'><strong>est,</strong></span> <span class='ocrx_word' id='word_1_103' title='bbox 1653 1008 1767 1042; x_wconf 87' lang='lat' dir='ltr'><strong>cum</strong></span> <span class='ocrx_word' id='word_1_104' title='bbox 1805 996 1898 1043; x_wconf 82' lang='lat' dir='ltr'><strong>ista</strong></span> 
     </span>
     <span class='ocr_line' id='line_1_18' title="bbox 212 1066 1898 1132; baseline 0.001 -17"><span class='ocrx_word' id='word_1_105' title='bbox 212 1067 308 1116; x_wconf 81' lang='lat' dir='ltr'><strong>filia</strong></span> <span class='ocrx_word' id='word_1_106' title='bbox 333 1078 431 1117; x_wconf 88' lang='lat' dir='ltr'><strong>non</strong></span> <span class='ocrx_word' id='word_1_107' title='bbox 457 1069 521 1116; x_wconf 89' lang='lat' dir='ltr'><strong>sit</strong></span> <span class='ocrx_word' id='word_1_108' title='bbox 546 1067 816 1117; x_wconf 90' lang='lat' dir='ltr'><strong>amborum.</strong></span> <span class='ocrx_word' id='word_1_109' title='bbox 893 1067 991 1115; x_wconf 90' lang='lat' dir='ltr'><strong>Aut</strong></span> <span class='ocrx_word' id='word_1_110' title='bbox 1023 1068 1064 1115; x_wconf 87' lang='lat' dir='ltr'><strong>si</strong></span> <span class='ocrx_word' id='word_1_111' title='bbox 1103 1066 1318 1116; x_wconf 90' lang='lat' dir='ltr'><strong>aetheris</strong></span> <span class='ocrx_word' id='word_1_112' title='bbox 1357 1073 1549 1131; x_wconf 88' lang='lat' dir='ltr'><strong>partem</strong></span> <span class='ocrx_word' id='word_1_113' title='bbox 1588 1069 1898 1132; x_wconf 88' lang='lat' dir='ltr'><strong>superiorem</strong></span> 
     </span>
     <span class='ocr_line' id='line_1_19' title="bbox 210 1140 1897 1206; baseline 0 -16"><span class='ocrx_word' id='word_1_114' title='bbox 210 1141 478 1191; x_wconf 88' lang='lat' dir='ltr'><strong>Minervam</strong></span> <span class='ocrx_word' id='word_1_115' title='bbox 525 1148 696 1190; x_wconf 90' lang='lat' dir='ltr'><strong>tenere</strong></span> <span class='ocrx_word' id='word_1_116' title='bbox 745 1141 917 1190; x_wconf 88' lang='lat' dir='ltr'><strong>dicunt</strong></span> <span class='ocrx_word' id='word_1_117' title='bbox 967 1147 1016 1190; x_wconf 90' lang='lat' dir='ltr'><strong>et</strong></span> <span class='ocrx_word' id='word_1_118' title='bbox 1062 1140 1153 1189; x_wconf 84' lang='lat' dir='ltr'><strong>hac</strong></span> <span class='ocrx_word' id='word_1_119' title='bbox 1201 1141 1459 1190; x_wconf 82' lang='lat' dir='ltr'><strong>occasione</strong></span> <span class='ocrx_word' id='word_1_120' title='bbox 1499 1141 1686 1205; x_wconf 85' lang='lat' dir='ltr'><strong>fingere</strong></span> <span class='ocrx_word' id='word_1_121' title='bbox 1724 1148 1897 1206; x_wconf 89' lang='lat' dir='ltr'><strong>poetas</strong></span> 
     </span>
     <span class='ocr_line' id='line_1_20' title="bbox 212 1214 1896 1280; baseline 0.001 -17"><span class='ocrx_word' id='word_1_122' title='bbox 212 1215 343 1279; x_wconf 88' lang='lat' dir='ltr'><strong>quod</strong></span> <span class='ocrx_word' id='word_1_123' title='bbox 392 1215 451 1264; x_wconf 93' lang='lat' dir='ltr'><strong>de</strong></span> <span class='ocrx_word' id='word_1_124' title='bbox 492 1214 619 1263; x_wconf 88' lang='lat' dir='ltr'><strong>Iovis</strong></span> <span class='ocrx_word' id='word_1_125' title='bbox 668 1216 826 1280; x_wconf 86' lang='lat' dir='ltr'><strong>eapite</strong></span> <span class='ocrx_word' id='word_1_126' title='bbox 876 1220 988 1263; x_wconf 86' lang='lat' dir='ltr'><strong>nata</strong></span> <span class='ocrx_word' id='word_1_127' title='bbox 1029 1216 1113 1263; x_wconf 86' lang='lat' dir='ltr'><strong>sit:</strong></span> <span class='ocrx_word' id='word_1_128' title='bbox 1160 1229 1250 1263; x_wconf 85' lang='lat' dir='ltr'><strong>eur</strong></span> <span class='ocrx_word' id='word_1_129' title='bbox 1289 1229 1388 1263; x_wconf 89' lang='lat' dir='ltr'><strong>non</strong></span> <span class='ocrx_word' id='word_1_130' title='bbox 1429 1229 1546 1278; x_wconf 85' lang='lat' dir='ltr'><strong>ergo</strong></span> <span class='ocrx_word' id='word_1_131' title='bbox 1586 1217 1692 1279; x_wconf 89' lang='lat' dir='ltr'><strong>ipsa</strong></span> <span class='ocrx_word' id='word_1_132' title='bbox 1730 1217 1896 1279; x_wconf 88' lang='lat' dir='ltr'><strong>potius</strong></span> 
     </span>
     <span class='ocr_line' id='line_1_21' title="bbox 212 1285 1898 1355; baseline -0.001 -17"><span class='ocrx_word' id='word_1_133' title='bbox 212 1289 418 1338; x_wconf 89' lang='lat' dir='ltr'><strong>deorum</strong></span> <span class='ocrx_word' id='word_1_134' title='bbox 472 1290 642 1353; x_wconf 84' lang='lat' dir='ltr'><strong>regina</strong></span> <span class='ocrx_word' id='word_1_135' title='bbox 689 1289 980 1355; x_wconf 90' lang='lat' dir='ltr'><strong>deputatur,</strong></span> <span class='ocrx_word' id='word_1_136' title='bbox 1035 1288 1165 1352; x_wconf 92' lang='lat' dir='ltr'><strong>quod</strong></span> <span class='ocrx_word' id='word_1_137' title='bbox 1214 1290 1277 1336; x_wconf 86' lang='lat' dir='ltr'><strong>sit</strong></span> <span class='ocrx_word' id='word_1_138' title='bbox 1323 1288 1434 1336; x_wconf 92' lang='lat' dir='ltr'><strong>Iove</strong></span> <span class='ocrx_word' id='word_1_139' title='bbox 1483 1285 1748 1353; x_wconf 75' lang='lat' dir='ltr'><strong>superior?</strong></span> <span class='ocrx_word' id='word_1_140' title='bbox 1823 1288 1898 1338; x_wconf 86' lang='lat' dir='ltr'><strong>An</strong></span> 
     </span>
     <span class='ocr_line' id='line_1_22' title="bbox 213 1358 1897 1427; baseline -0.001 -16"><span class='ocrx_word' id='word_1_141' title='bbox 213 1365 326 1427; x_wconf 90' lang='lat' dir='ltr'><strong>quia</strong></span> <span class='ocrx_word' id='word_1_142' title='bbox 363 1362 622 1427; x_wconf 84' lang='lat' dir='ltr'><strong>indignum</strong></span> <span class='ocrx_word' id='word_1_143' title='bbox 663 1370 768 1411; x_wconf 90' lang='lat' dir='ltr'><strong>erat</strong></span> <span class='ocrx_word' id='word_1_144' title='bbox 805 1376 1111 1427; x_wconf 88' lang='lat' dir='ltr'><strong>praeponere</strong></span> <span class='ocrx_word' id='word_1_145' title='bbox 1150 1363 1279 1426; x_wconf 89' lang='lat' dir='ltr'><strong>patri</strong></span> <span class='ocrx_word' id='word_1_146' title='bbox 1318 1358 1502 1410; x_wconf 74' lang='lat' dir='ltr'><strong>filiam?</strong></span> <span class='ocrx_word' id='word_1_147' title='bbox 1557 1361 1657 1411; x_wconf 90' lang='lat' dir='ltr'><strong>Cur</strong></span> <span class='ocrx_word' id='word_1_148' title='bbox 1697 1377 1796 1410; x_wconf 91' lang='lat' dir='ltr'><strong>non</strong></span> <span class='ocrx_word' id='word_1_149' title='bbox 1837 1362 1897 1411; x_wconf 87' lang='lat' dir='ltr'><strong>de</strong></span> 
     </span>
     <span class='ocr_line' id='line_1_23' title="bbox 211 1432 1896 1501; baseline 0 -16"><span class='ocrx_word' id='word_1_150' title='bbox 211 1436 322 1485; x_wconf 92' lang='lat' dir='ltr'><strong>Iove</strong></span> <span class='ocrx_word' id='word_1_151' title='bbox 377 1438 484 1501; x_wconf 88' lang='lat' dir='ltr'><strong>ipso</strong></span> <span class='ocrx_word' id='word_1_152' title='bbox 540 1451 655 1500; x_wconf 82' lang='lat' dir='ltr'><strong>erga</strong></span> <span class='ocrx_word' id='word_1_153' title='bbox 696 1436 964 1485; x_wconf 85' lang='lat' dir='ltr'><strong>Saturnum</strong></span> <span class='ocrx_word' id='word_1_154' title='bbox 1018 1436 1205 1485; x_wconf 89' lang='lat' dir='ltr'><strong>iustitia</strong></span> <span class='ocrx_word' id='word_1_155' title='bbox 1252 1437 1346 1484; x_wconf 89' lang='lat' dir='ltr'><strong>ista</strong></span> <span class='ocrx_word' id='word_1_156' title='bbox 1397 1442 1587 1484; x_wconf 87' lang='lat' dir='ltr'><strong>servata</strong></span> <span class='ocrx_word' id='word_1_157' title='bbox 1635 1432 1746 1484; x_wconf 82' lang='lat' dir='ltr'><strong>est‘?</strong></span> <span class='ocrx_word' id='word_1_158' title='bbox 1822 1435 1896 1485; x_wconf 87' lang='lat' dir='ltr'><strong>An</strong></span> 
     </span>
     <span class='ocr_line' id='line_1_24' title="bbox 212 1506 1896 1575; baseline -0.001 -16"><span class='ocrx_word' id='word_1_159' title='bbox 212 1512 325 1575; x_wconf 87' lang='lat' dir='ltr'><strong>quia</strong></span> <span class='ocrx_word' id='word_1_160' title='bbox 363 1512 523 1559; x_wconf 86' lang='lat' dir='ltr'><strong>vietus</strong></span> <span class='ocrx_word' id='word_1_161' title='bbox 563 1506 675 1558; x_wconf 81' lang='lat' dir='ltr'><strong>est‘?</strong></span> <span class='ocrx_word' id='word_1_162' title='bbox 728 1508 859 1573; x_wconf 85' lang='lat' dir='ltr'><strong>Ergo</strong></span> <span class='ocrx_word' id='word_1_163' title='bbox 898 1506 1220 1574; x_wconf 75' lang='lat' dir='ltr'><strong>pugnarunt?</strong></span> <span class='ocrx_word' id='word_1_164' title='bbox 1267 1508 1427 1574; x_wconf 84' lang='lat' dir='ltr'><strong>Absit,</strong></span> <span class='ocrx_word' id='word_1_165' title='bbox 1467 1511 1720 1575; x_wconf 81' lang='lat' dir='ltr'><strong>inquiunt3</strong></span> <span class='ocrx_word' id='word_1_166' title='bbox 1760 1508 1896 1558; x_wconf 86' lang='lat' dir='ltr'><strong>fabu-</strong></span> 
     </span>
     <span class='ocr_line' id='line_1_25' title="bbox 210 1581 1898 1648; baseline -0.001 -16"><span class='ocrx_word' id='word_1_167' title='bbox 210 1584 367 1633; x_wconf 88' lang='lat' dir='ltr'><strong>larum</strong></span> <span class='ocrx_word' id='word_1_168' title='bbox 400 1590 476 1632; x_wconf 88' lang='lat' dir='ltr'><strong>est</strong></span> <span class='ocrx_word' id='word_1_169' title='bbox 506 1586 599 1632; x_wconf 89' lang='lat' dir='ltr'><strong>ista</strong></span> <span class='ocrx_word' id='word_1_170' title='bbox 623 1583 897 1648; x_wconf 80' lang='lat' dir='ltr'><strong>garrulitas,</strong></span> <span class='ocrx_word' id='word_1_171' title='bbox 974 1581 1102 1631; x_wconf 82' lang='lat' dir='ltr'><strong>Eece</strong></span> <span class='ocrx_word' id='word_1_172' title='bbox 1136 1582 1313 1632; x_wconf 87' lang='lat' dir='ltr'><strong>fabulis</strong></span> <span class='ocrx_word' id='word_1_173' title='bbox 1346 1598 1443 1631; x_wconf 91' lang='lat' dir='ltr'><strong>non</strong></span> <span class='ocrx_word' id='word_1_174' title='bbox 1477 1582 1709 1632; x_wconf 84' lang='lat' dir='ltr'><strong>credatur</strong></span> <span class='ocrx_word' id='word_1_175' title='bbox 1748 1589 1798 1632; x_wconf 92' lang='lat' dir='ltr'><strong>et</strong></span> <span class='ocrx_word' id='word_1_176' title='bbox 1836 1583 1898 1631; x_wconf 89' lang='lat' dir='ltr'><strong>de</strong></span> 
     </span>
     <span class='ocr_line' id='line_1_26' title="bbox 210 1656 1897 1721; baseline -0.001 -15"><span class='ocrx_word' id='word_1_177' title='bbox 210 1658 304 1706; x_wconf 90' lang='lat' dir='ltr'><strong>diis</strong></span> <span class='ocrx_word' id='word_1_178' title='bbox 366 1657 568 1706; x_wconf 85' lang='lat' dir='ltr'><strong>meliora</strong></span> <span class='ocrx_word' id='word_1_179' title='bbox 631 1659 931 1707; x_wconf 85' lang='lat' dir='ltr'><strong>sentiantur:</strong></span> <span class='ocrx_word' id='word_1_180' title='bbox 993 1671 1083 1705; x_wconf 87' lang='lat' dir='ltr'><strong>cur</strong></span> <span class='ocrx_word' id='word_1_181' title='bbox 1137 1671 1254 1721; x_wconf 85' lang='lat' dir='ltr'><strong>ergo</strong></span> <span class='ocrx_word' id='word_1_182' title='bbox 1317 1671 1415 1705; x_wconf 92' lang='lat' dir='ltr'><strong>non</strong></span> <span class='ocrx_word' id='word_1_183' title='bbox 1474 1656 1584 1705; x_wconf 89' lang='lat' dir='ltr'><strong>data</strong></span> <span class='ocrx_word' id='word_1_184' title='bbox 1639 1663 1716 1705; x_wconf 90' lang='lat' dir='ltr'><strong>est</strong></span> <span class='ocrx_word' id='word_1_185' title='bbox 1767 1658 1897 1721; x_wconf 88' lang='lat' dir='ltr'><strong>patri</strong></span> 
     </span>
     <span class='ocr_line' id='line_1_27' title="bbox 209 1725 1898 1798; baseline -0.001 -18"><span class='ocrx_word' id='word_1_186' title='bbox 209 1731 360 1798; x_wconf 89' lang='lat' dir='ltr'><strong>Iovis,</strong></span> <span class='ocrx_word' id='word_1_187' title='bbox 415 1733 508 1780; x_wconf 87' lang='lat' dir='ltr'><strong>etsi</strong></span> <span class='ocrx_word' id='word_1_188' title='bbox 555 1746 653 1780; x_wconf 91' lang='lat' dir='ltr'><strong>non</strong></span> <span class='ocrx_word' id='word_1_189' title='bbox 706 1730 986 1796; x_wconf 86' lang='lat' dir='ltr'><strong>sublimior,</strong></span> <span class='ocrx_word' id='word_1_190' title='bbox 1041 1730 1257 1794; x_wconf 84' lang='lat' dir='ltr'><strong>aequalis</strong></span> <span class='ocrx_word' id='word_1_191' title='bbox 1297 1737 1432 1779; x_wconf 86' lang='lat' dir='ltr'><strong>certe</strong></span> <span class='ocrx_word' id='word_1_192' title='bbox 1472 1730 1615 1779; x_wconf 87' lang='lat' dir='ltr'><strong>sedes</strong></span> <span class='ocrx_word' id='word_1_193' title='bbox 1654 1725 1898 1779; x_wconf 74' lang='lat' dir='ltr'><strong>honoris?</strong></span> 
     </span>
     <span class='ocr_line' id='line_1_28' title="bbox 211 1803 1895 1871; baseline -0.001 -17"><span class='ocrx_word' id='word_1_194' title='bbox 211 1805 335 1863; x_wconf 84' lang='lat' dir='ltr'><strong>Quia</strong></span> <span class='ocrx_word' id='word_1_195' title='bbox 361 1804 621 1871; x_wconf 80' lang='lat' dir='ltr'><strong>SaturnUS,</strong></span> <span class='ocrx_word' id='word_1_196' title='bbox 660 1807 906 1871; x_wconf 88' lang='lat' dir='ltr'><strong>inquiunt,</strong></span> <span class='ocrx_word' id='word_1_197' title='bbox 945 1806 1183 1868; x_wconf 87' lang='lat' dir='ltr'><strong>temporis</strong></span> <span class='ocrx_word' id='word_1_198' title='bbox 1216 1804 1469 1869; x_wconf 84' lang='lat' dir='ltr'><strong>longitudo</strong></span> <span class='ocrx_word' id='word_1_199' title='bbox 1509 1810 1598 1853; x_wconf 88' lang='lat' dir='ltr'><strong>est.</strong></span> <span class='ocrx_word' id='word_1_200' title='bbox 1675 1803 1895 1868; x_wconf 87' lang='lat' dir='ltr'><strong>Tempus</strong></span> 
     </span>
     <span class='ocr_line' id='line_1_29' title="bbox 209 1877 1891 1945; baseline -0.001 -18"><span class='ocrx_word' id='word_1_201' title='bbox 209 1881 360 1943; x_wconf 86' lang='lat' dir='ltr'><strong>igitur</strong></span> <span class='ocrx_word' id='word_1_202' title='bbox 407 1878 597 1945; x_wconf 82' lang='lat' dir='ltr'><strong>colunt,</strong></span> <span class='ocrx_word' id='word_1_203' title='bbox 644 1880 729 1943; x_wconf 90' lang='lat' dir='ltr'><strong>qui</strong></span> <span class='ocrx_word' id='word_1_204' title='bbox 771 1878 1041 1927; x_wconf 86' lang='lat' dir='ltr'><strong>Saturnum</strong></span> <span class='ocrx_word' id='word_1_205' title='bbox 1081 1877 1270 1945; x_wconf 86' lang='lat' dir='ltr'><strong>colunt,</strong></span> <span class='ocrx_word' id='word_1_206' title='bbox 1318 1885 1368 1928; x_wconf 90' lang='lat' dir='ltr'><strong>et</strong></span> <span class='ocrx_word' id='word_1_207' title='bbox 1406 1893 1494 1926; x_wconf 90' lang='lat' dir='ltr'><strong>rex</strong></span> <span class='ocrx_word' id='word_1_208' title='bbox 1534 1877 1742 1926; x_wconf 89' lang='lat' dir='ltr'><strong>deorum</strong></span> <span class='ocrx_word' id='word_1_209' title='bbox 1780 1877 1891 1941; x_wconf 92' lang='lat' dir='ltr'><strong>Iup-</strong></span> 
     </span>
     <span class='ocr_line' id='line_1_30' title="bbox 208 1951 1894 2017; baseline -0.001 -16"><span class='ocrx_word' id='word_1_210' title='bbox 208 1954 338 2017; x_wconf 91' lang='lat' dir='ltr'><strong>piter</strong></span> <span class='ocrx_word' id='word_1_211' title='bbox 378 1954 659 2002; x_wconf 87' lang='lat' dir='ltr'><strong>insinuatur</strong></span> <span class='ocrx_word' id='word_1_212' title='bbox 697 1959 841 2002; x_wconf 87' lang='lat' dir='ltr'><strong>natus</strong></span> <span class='ocrx_word' id='word_1_213' title='bbox 881 1967 941 2000; x_wconf 88' lang='lat' dir='ltr'><strong>ex</strong></span> <span class='ocrx_word' id='word_1_214' title='bbox 982 1958 1219 2017; x_wconf 88' lang='lat' dir='ltr'><strong>tempore.</strong></span> <span class='ocrx_word' id='word_1_215' title='bbox 1298 1951 1424 2010; x_wconf 88' lang='lat' dir='ltr'><strong>Quid</strong></span> <span class='ocrx_word' id='word_1_216' title='bbox 1466 1953 1597 2000; x_wconf 91' lang='lat' dir='ltr'><strong>enim</strong></span> <span class='ocrx_word' id='word_1_217' title='bbox 1636 1951 1894 2015; x_wconf 82' lang='lat' dir='ltr'><strong>indignum</strong></span> 
     </span>
     <span class='ocr_line' id='line_1_31' title="bbox 210 2025 1894 2091; baseline -0.001 -17"><span class='ocrx_word' id='word_1_218' title='bbox 210 2025 413 2091; x_wconf 88' lang='lat' dir='ltr'><strong>dicitur,</strong></span> <span class='ocrx_word' id='word_1_219' title='bbox 461 2041 574 2075; x_wconf 88' lang='lat' dir='ltr'><strong>cum</strong></span> <span class='ocrx_word' id='word_1_220' title='bbox 620 2025 842 2091; x_wconf 90' lang='lat' dir='ltr'><strong>Iuppiter</strong></span> <span class='ocrx_word' id='word_1_221' title='bbox 889 2032 939 2074; x_wconf 91' lang='lat' dir='ltr'><strong>et</strong></span> <span class='ocrx_word' id='word_1_222' title='bbox 978 2025 1099 2074; x_wconf 90' lang='lat' dir='ltr'><strong>Iuno</strong></span> <span class='ocrx_word' id='word_1_223' title='bbox 1139 2027 1242 2075; x_wconf 85' lang='lat' dir='ltr'><strong>nati</strong></span> <span class='ocrx_word' id='word_1_224' title='bbox 1281 2025 1515 2075; x_wconf 85' lang='lat' dir='ltr'><strong>dicuntur</strong></span> <span class='ocrx_word' id='word_1_225' title='bbox 1554 2040 1615 2074; x_wconf 85' lang='lat' dir='ltr'><strong>ex</strong></span> <span class='ocrx_word' id='word_1_226' title='bbox 1653 2031 1894 2090; x_wconf 89' lang='lat' dir='ltr'><strong>tempore,</strong></span> 
     </span>
     <span class='ocr_line' id='line_1_32' title="bbox 209 2098 1897 2165; baseline -0.001 -17"><span class='ocrx_word' id='word_1_227' title='bbox 209 2101 251 2148; x_wconf 91' lang='lat' dir='ltr'><strong>si</strong></span> <span class='ocrx_word' id='word_1_228' title='bbox 276 2098 464 2148; x_wconf 85' lang='lat' dir='ltr'><strong>caelum</strong></span> <span class='ocrx_word' id='word_1_229' title='bbox 482 2106 557 2148; x_wconf 89' lang='lat' dir='ltr'><strong>est</strong></span> <span class='ocrx_word' id='word_1_230' title='bbox 573 2099 654 2148; x_wconf 90' lang='lat' dir='ltr'><strong>ille</strong></span> <span class='ocrx_word' id='word_1_231' title='bbox 672 2107 723 2148; x_wconf 91' lang='lat' dir='ltr'><strong>et</strong></span> <span class='ocrx_word' id='word_1_232' title='bbox 739 2099 820 2148; x_wconf 90' lang='lat' dir='ltr'><strong>illa</strong></span> <span class='ocrx_word' id='word_1_233' title='bbox 845 2106 992 2165; x_wconf 84' lang='lat' dir='ltr'><strong>terra,</strong></span> <span class='ocrx_word' id='word_1_234' title='bbox 1019 2113 1132 2148; x_wconf 87' lang='lat' dir='ltr'><strong>cum</strong></span> <span class='ocrx_word' id='word_1_235' title='bbox 1156 2100 1282 2149; x_wconf 85' lang='lat' dir='ltr'><strong>facta</strong></span> <span class='ocrx_word' id='word_1_236' title='bbox 1307 2101 1406 2149; x_wconf 88' lang='lat' dir='ltr'><strong>sint</strong></span> <span class='ocrx_word' id='word_1_237' title='bbox 1429 2100 1602 2163; x_wconf 91' lang='lat' dir='ltr'><strong>utique</strong></span> <span class='ocrx_word' id='word_1_238' title='bbox 1628 2098 1817 2147; x_wconf 84' lang='lat' dir='ltr'><strong>caelum</strong></span> <span class='ocrx_word' id='word_1_239' title='bbox 1842 2105 1897 2146; x_wconf 81' lang='lat' dir='ltr'><strong>et</strong></span> 
     </span>
     <span class='ocr_line' id='line_1_33' title="bbox 207 2169 1893 2237; baseline -0.002 -15"><span class='ocrx_word' id='word_1_240' title='bbox 207 2169 377 2222; x_wconf 79' lang='lat' dir='ltr'><strong>terra?</strong></span> <span class='ocrx_word' id='word_1_241' title='bbox 423 2187 537 2221; x_wconf 83' lang='lat' dir='ltr'><strong>nam</strong></span> <span class='ocrx_word' id='word_1_242' title='bbox 560 2172 652 2221; x_wconf 84' lang='lat' dir='ltr'><strong>hoc</strong></span> <span class='ocrx_word' id='word_1_243' title='bbox 678 2187 876 2237; x_wconf 88' lang='lat' dir='ltr'><strong>quoque</strong></span> <span class='ocrx_word' id='word_1_244' title='bbox 916 2174 967 2220; x_wconf 93' lang='lat' dir='ltr'><strong>in</strong></span> <span class='ocrx_word' id='word_1_245' title='bbox 1006 2171 1146 2221; x_wconf 93' lang='lat' dir='ltr'><strong>libris</strong></span> <span class='ocrx_word' id='word_1_246' title='bbox 1186 2175 1289 2222; x_wconf 85' lang='lat' dir='ltr'><strong>suis</strong></span> <span class='ocrx_word' id='word_1_247' title='bbox 1327 2171 1510 2222; x_wconf 87' lang='lat' dir='ltr'><strong>habent</strong></span> <span class='ocrx_word' id='word_1_248' title='bbox 1549 2187 1721 2220; x_wconf 87' lang='lat' dir='ltr'><strong>eorum</strong></span> <span class='ocrx_word' id='word_1_249' title='bbox 1761 2172 1893 2220; x_wconf 87' lang='lat' dir='ltr'><strong>docti</strong></span> 
     </span>
     <span class='ocr_line' id='line_1_34' title="bbox 208 2245 1892 2312; baseline -0.001 -18"><span class='ocrx_word' id='word_1_250' title='bbox 208 2252 354 2310; x_wconf 89' lang='lat' dir='ltr'><strong>atque</strong></span> <span class='ocrx_word' id='word_1_251' title='bbox 409 2248 669 2310; x_wconf 66' lang='lat' dir='ltr'><strong>sapientes</strong></span> <span class='ocrx_word' id='word_1_252' title='bbox 747 2246 918 2310; x_wconf 87' lang='lat' dir='ltr'><strong>Neque</strong></span> <span class='ocrx_word' id='word_1_253' title='bbox 973 2245 1032 2294; x_wconf 91' lang='lat' dir='ltr'><strong>de</strong></span> <span class='ocrx_word' id='word_1_254' title='bbox 1094 2246 1341 2311; x_wconf 83' lang='lat' dir='ltr'><strong>figmentis</strong></span> <span class='ocrx_word' id='word_1_255' title='bbox 1394 2247 1601 2311; x_wconf 85' lang='lat' dir='ltr'><strong>poeticis</strong></span> <span class='ocrx_word' id='word_1_256' title='bbox 1613 2285 1627 2312; x_wconf 92' lang='lat'><strong>,</strong></span> <span class='ocrx_word' id='word_1_257' title='bbox 1690 2245 1774 2294; x_wconf 89' lang='lat' dir='ltr'><strong>sed</strong></span> <span class='ocrx_word' id='word_1_258' title='bbox 1831 2246 1892 2294; x_wconf 90' lang='lat' dir='ltr'><strong>de</strong></span> 
     </span>
     <span class='ocr_line' id='line_1_35' title="bbox 206 2317 1478 2385; baseline 0.001 -17"><span class='ocrx_word' id='word_1_259' title='bbox 206 2319 614 2385; x_wconf 87' lang='lat' dir='ltr'><strong>philosophorum</strong></span> <span class='ocrx_word' id='word_1_260' title='bbox 652 2319 792 2369; x_wconf 89' lang='lat' dir='ltr'><strong>libris</strong></span> <span class='ocrx_word' id='word_1_261' title='bbox 831 2334 859 2368; x_wconf 91' lang='lat' dir='ltr'><strong>a</strong></span> <span class='ocrx_word' id='word_1_262' title='bbox 898 2317 1112 2383; x_wconf 84' lang='lat' dir='ltr'><strong>Vergilio</strong></span> <span class='ocrx_word' id='word_1_263' title='bbox 1153 2320 1339 2370; x_wconf 82' lang='lat' dir='ltr'><strong>dictum</strong></span> <span class='ocrx_word' id='word_1_264' title='bbox 1380 2326 1478 2370; x_wconf 87' lang='lat' dir='ltr'><strong>est:</strong></span> 
     </span>
    </p>
   </div>
   <div class='ocr_carea' id='block_1_8' title="bbox 357 2408 1776 2547">
    <p class='ocr_par' dir='ltr' id='par_1_8' title="bbox 357 2408 1776 2547">
     <span class='ocr_line' id='line_1_36' title="bbox 357 2408 1776 2471; baseline -0.001 -14"><span class='ocrx_word' id='word_1_265' title='bbox 357 2410 485 2458; x_wconf 87' lang='lat' dir='ltr'><strong>Tum</strong></span> <span class='ocrx_word' id='word_1_266' title='bbox 523 2412 667 2471; x_wconf 79' lang='lat' dir='ltr'><strong>pater</strong></span> <span class='ocrx_word' id='word_1_267' title='bbox 705 2409 1016 2470; x_wconf 82' lang='lat' dir='ltr'><strong>omnipotens</strong></span> <span class='ocrx_word' id='word_1_268' title='bbox 1054 2409 1278 2458; x_wconf 82' lang='lat' dir='ltr'><strong>fecundis</strong></span> <span class='ocrx_word' id='word_1_269' title='bbox 1318 2408 1562 2457; x_wconf 88' lang='lat' dir='ltr'><strong>imbribus</strong></span> <span class='ocrx_word' id='word_1_270' title='bbox 1603 2409 1776 2457; x_wconf 77' lang='lat' dir='ltr'><strong>aether</strong></span> 
     </span>
     <span class='ocr_line' id='line_1_37' title="bbox 357 2481 1476 2547; baseline -0.002 -14"><span class='ocrx_word' id='word_1_271' title='bbox 357 2483 593 2547; x_wconf 83' lang='lat' dir='ltr'><strong>Coniugis</strong></span> <span class='ocrx_word' id='word_1_272' title='bbox 632 2484 685 2531; x_wconf 92' lang='lat' dir='ltr'><strong>in</strong></span> <span class='ocrx_word' id='word_1_273' title='bbox 721 2483 885 2531; x_wconf 80' lang='lat' dir='ltr'><strong>laetae</strong></span> <span class='ocrx_word' id='word_1_274' title='bbox 924 2483 1169 2544; x_wconf 85' lang='lat' dir='ltr'><strong>gremium</strong></span> <span class='ocrx_word' id='word_1_275' title='bbox 1208 2481 1476 2542; x_wconf 80' lang='lat' dir='ltr'><strong>descendit,</strong></span> 
     </span>
    </p>
   </div>
   <div class='ocr_carea' id='block_1_9' title="bbox 207 2568 1893 2710">
    <p class='ocr_par' dir='ltr' id='par_1_9' title="bbox 207 2568 1893 2710">
     <span class='ocr_line' id='line_1_38' title="bbox 207 2568 1889 2637; baseline -0.002 -16"><span class='ocrx_word' id='word_1_276' title='bbox 207 2572 257 2621; x_wconf 91' lang='lat' dir='ltr'><strong>id</strong></span> <span class='ocrx_word' id='word_1_277' title='bbox 297 2578 373 2622; x_wconf 90' lang='lat' dir='ltr'><strong>est</strong></span> <span class='ocrx_word' id='word_1_278' title='bbox 404 2573 455 2621; x_wconf 91' lang='lat' dir='ltr'><strong>in</strong></span> <span class='ocrx_word' id='word_1_279' title='bbox 486 2573 730 2637; x_wconf 85' lang='lat' dir='ltr'><strong>gremium</strong></span> <span class='ocrx_word' id='word_1_280' title='bbox 762 2569 954 2619; x_wconf 87' lang='lat' dir='ltr'><strong>telluris</strong></span> <span class='ocrx_word' id='word_1_281' title='bbox 995 2576 1078 2618; x_wconf 82' lang='lat' dir='ltr'><strong>aut</strong></span> <span class='ocrx_word' id='word_1_282' title='bbox 1116 2576 1301 2636; x_wconf 81' lang='lat' dir='ltr'><strong>terrae3</strong></span> <span class='ocrx_word' id='word_1_283' title='bbox 1342 2571 1454 2634; x_wconf 90' lang='lat' dir='ltr'><strong>quia</strong></span> <span class='ocrx_word' id='word_1_284' title='bbox 1495 2576 1544 2618; x_wconf 90' lang='lat' dir='ltr'><strong>et</strong></span> <span class='ocrx_word' id='word_1_285' title='bbox 1582 2568 1662 2618; x_wconf 87' lang='lat' dir='ltr'><strong>hic</strong></span> <span class='ocrx_word' id='word_1_286' title='bbox 1703 2569 1889 2633; x_wconf 82' lang='lat' dir='ltr'><strong>aliquas</strong></span> 
     </span>
     <span class='ocr_line' id='line_1_39' title="bbox 208 2642 1893 2710; baseline -0.002 -16"><span class='ocrx_word' id='word_1_287' title='bbox 208 2645 509 2695; x_wconf 84' lang='lat' dir='ltr'><strong>differentias</strong></span> <span class='ocrx_word' id='word_1_288' title='bbox 548 2645 716 2694; x_wconf 90' lang='lat' dir='ltr'><strong>volunt</strong></span> <span class='ocrx_word' id='word_1_289' title='bbox 757 2659 865 2693; x_wconf 87' lang='lat' dir='ltr'><strong>esse</strong></span> <span class='ocrx_word' id='word_1_290' title='bbox 906 2649 1052 2706; x_wconf 83' lang='lat' dir='ltr'><strong>atque</strong></span> <span class='ocrx_word' id='word_1_291' title='bbox 1092 2645 1143 2691; x_wconf 93' lang='lat' dir='ltr'><strong>in</strong></span> <span class='ocrx_word' id='word_1_292' title='bbox 1182 2645 1287 2708; x_wconf 87' lang='lat' dir='ltr'><strong>ipsa</strong></span> <span class='ocrx_word' id='word_1_293' title='bbox 1327 2650 1459 2692; x_wconf 89' lang='lat' dir='ltr'><strong>terra</strong></span> <span class='ocrx_word' id='word_1_294' title='bbox 1499 2642 1627 2691; x_wconf 84' lang='lat' dir='ltr'><strong>aliud</strong></span> <span class='ocrx_word' id='word_1_295' title='bbox 1669 2642 1893 2710; x_wconf 75' lang='lat' dir='ltr'><strong>Terram,</strong></span> 
     </span>
    </p>
   </div>
   <div class='ocr_carea' id='block_1_10' title="bbox 327 2757 891 2814">
    <p class='ocr_par' dir='ltr' id='par_1_10' title="bbox 327 2757 891 2814">
     <span class='ocr_line' id='line_1_40' title="bbox 327 2757 891 2814; baseline -0.002 -13"><span class='ocrx_word' id='word_1_296' title='bbox 327 2759 400 2814; x_wconf 92' lang='lat'><strong>31)</strong></span> <span class='ocrx_word' id='word_1_297' title='bbox 433 2757 599 2813; x_wconf 84' lang='lat' dir='ltr'><strong>Georg.</strong></span> <span class='ocrx_word' id='word_1_298' title='bbox 633 2762 674 2812; x_wconf 83' lang='lat'><strong>2,</strong></span> <span class='ocrx_word' id='word_1_299' title='bbox 706 2760 792 2800; x_wconf 80' lang='lat'><strong>325</strong></span> <span class='ocrx_word' id='word_1_300' title='bbox 826 2771 891 2812; x_wconf 85' lang='lat' dir='ltr'><strong>sq.</strong></span> 
     </span>
    </p>
   </div>
   <div class='ocr_carea' id='block_1_11' title="bbox 206 2842 559 2849">
    <p class='ocr_par' dir='ltr' id='par_1_11' title="bbox 206 2842 559 2849">
     <span class='ocr_line' id='line_1_41' title="bbox 206 2842 559 2849; baseline 0 273"><span class='ocrx_word' id='word_1_301' title='bbox 206 2842 559 2849; x_wconf 95' lang='lat' dir='ltr'><strong> </strong></span> 
     </span>
    </p>
   </div>
   <div class='ocr_carea' id='block_1_12' title="bbox 327 2872 1362 2931">
    <p class='ocr_par' dir='ltr' id='par_1_12' title="bbox 327 2872 1362 2931">
     <span class='ocr_line' id='line_1_42' title="bbox 327 2872 1362 2931; baseline -0.003 -12"><span class='ocrx_word' id='word_1_302' title='bbox 327 2881 379 2919; x_wconf 85' lang='lat'><strong>31</strong></span> <span class='ocrx_word' id='word_1_303' title='bbox 414 2876 566 2919; x_wconf 79' lang='lat' dir='ltr'><strong>laetae</strong></span> <span class='ocrx_word' id='word_1_304' title='bbox 598 2888 741 2931; x_wconf 85' lang='lat' dir='ltr'><strong>grem.</strong></span> <span class='ocrx_word' id='word_1_305' title='bbox 777 2873 867 2928; x_wconf 82' lang='lat' dir='ltr'><strong>Cv,·</strong></span> <span class='ocrx_word' id='word_1_306' title='bbox 898 2887 1041 2930; x_wconf 85' lang='lat' dir='ltr'><strong>grem.</strong></span> <span class='ocrx_word' id='word_1_307' title='bbox 1075 2873 1182 2918; x_wconf 78' lang='lat' dir='ltr'><strong>laet.</strong></span> <span class='ocrx_word' id='word_1_308' title='bbox 1213 2872 1362 2917; x_wconf 69' lang='grc' dir='ltr'><strong>ΛΚΕ</strong></span> 
     </span>
    </p>
   </div>
  </div>
 </body>
</html>
