2020 3122
175 945 228 984 10

174 1313 227 1351 15

171 1678 227 1718 20

173 2045 228 2084 25

173 2413 229 2452 30

263 143 371 195 476
942 150 980 187 s,
1005 150 1282 185 AUGUSTINI

262 267 597 331 incorruptior
638 279 784 329 quam
831 279 956 328 quae
995 265 1170 313 minor.
1246 263 1390 312 Aliud
1430 271 1506 313 est
1543 265 1708 328 itaque
1750 279 1947 330 corpuS,

264 341 394 406 quod
446 355 544 388 non
598 337 783 402 ubique
839 339 916 387 sui
955 343 1112 386 totum
1155 344 1251 404 est,
1306 337 1397 386 alia
1435 339 1765 403 incorruptio,
1820 352 1945 402 quae

262 414 445 478 ubique
488 414 594 462 eius
626 418 727 461 tota
768 418 865 479 est,
905 413 1019 475 quia
1058 413 1216 460 omnis
1255 426 1370 475 pars
1408 411 1797 476 incorruptibilis
1837 426 1944 460 cor-

262 489 398 552 poris
450 488 597 536 etiam
652 487 831 534 ceteris
881 484 1151 549 inaequalis
1203 484 1473 548 aequaliter
1518 486 1806 549 incorrupta
1857 492 1946 534 est.

262 561 432 625 Neque
485 562 615 608 enim
665 558 804 608 verbi
854 560 1034 624 gratia,
1085 560 1199 622 quia
1249 557 1432 622 digitus
1477 559 1639 606 minor
1686 566 1761 607 est
1800 573 1946 623 quam

261 643 363 684 tota
395 649 585 700 manus,
623 633 734 682 ideo
766 631 1190 696 incorruptibilior
1222 646 1396 680 manus
1436 646 1583 695 quam
1622 632 1818 697 digitus.
1875 631 1947 681 lta

261 724 375 758 cum
414 710 512 757 sint
550 706 833 771 inaequales
872 720 1046 754 manus
1087 711 1136 753 et
1175 705 1373 770 digituS,
1411 705 1628 770 aequalis
1669 713 1745 755 est
1781 712 1946 755 tamen

260 780 702 846 incorruptibilitas
749 795 923 828 manus
972 785 1019 827 et
1060 779 1212 842 digiti.
1290 779 1358 827 Ac
1397 793 1487 843 per
1525 778 1618 828 hoc
1659 781 1879 843 quamvis
1918 795 1945 828 a

261 871 470 920 corpore
534 853 901 918 incorruptibili
961 851 1301 916 inseparabilis
1363 851 1804 917 incorruptibilitas
1866 855 1946 919 sit,

262 929 391 978 aliud
433 935 507 977 est
538 935 702 976 tamen
736 926 1023 992 substantia,
1065 941 1160 990 qua
1200 941 1382 990 corpus
1422 925 1617 992 dicitur,
1657 926 1787 975 aliud
1827 940 1947 991 qua-

259 1003 369 1052 litas
409 1005 538 1066 eiUS,
590 1016 684 1065 qua
723 999 1099 1064 incorruptibile
1139 1006 1468 1064 nuncupatur.
1545 999 1608 1048 Et
1647 1000 1757 1049 ideo
1798 1002 1944 1049 etiam

261 1078 329 1125 sic
369 1086 468 1125 non
507 1076 600 1124 hoc
642 1073 878 1138 estquod
910 1073 1070 1123 habet.
1146 1073 1318 1122 Anima
1358 1089 1554 1137 quoque
1593 1075 1713 1140 ipsa,
1753 1075 1944 1123 etiamsi

260 1165 455 1214 semper
510 1151 573 1198 sit
618 1150 813 1212 sapiens
827 1188 839 1214 ,
891 1149 1020 1196 sicut
1066 1149 1162 1196 erit
1208 1162 1320 1196 cum
1366 1146 1658 1196 liberabitur
1695 1150 1746 1196 in
1787 1154 1942 1197 aeter-

260 1239 393 1288 num,
424 1224 799 1288 participatione
824 1228 988 1270 tamen
1012 1220 1429 1270 incommutabilis
1457 1223 1722 1286 sapientiae
1749 1222 1943 1286 sapiens

259 1300 369 1363 erit,
409 1312 532 1361 quae
574 1311 673 1344 non
713 1303 788 1344 est
828 1295 958 1359 quod
998 1297 1117 1359 ipsa.
1195 1294 1366 1359 Neque
1408 1297 1540 1344 enim
1579 1296 1620 1343 si
1659 1310 1744 1343 aer
1782 1295 1944 1344 infusa

259 1371 368 1420 luce
416 1385 686 1434 numquam
733 1370 1013 1434 deseratur,
1066 1368 1175 1417 ideo
1215 1383 1315 1416 non
1356 1368 1485 1417 aliud
1525 1375 1602 1417 est
1639 1370 1767 1435 ipse,
1816 1367 1947 1417 aliud

258 1445 342 1494 lux
390 1459 485 1508 qua
533 1442 869 1492 inluminatur.
945 1442 1116 1506 Neque
1158 1441 1251 1490 hoc
1291 1444 1358 1490 ita
1398 1442 1629 1509 dixerim,
1683 1444 1820 1506 quasi
1863 1457 1947 1490 aer

259 1520 322 1567 sit
355 1519 527 1583 anima,
567 1517 699 1581 quod
730 1522 1031 1581 putaverunt
1063 1515 1263 1580 quidam
1302 1517 1388 1579 qui
1426 1531 1525 1564 non
1564 1522 1836 1580 potuerunt
1873 1517 1946 1564 in·

261 1606 548 1656 corpoream
604 1592 819 1654 cogitare
875 1597 1113 1638 naturam.
1193 1589 1289 1638 Sed
1343 1588 1527 1638 habent
1579 1589 1700 1638 haec
1753 1589 1810 1638 ad
1866 1588 1947 1638 illa

261 1667 408 1714 etiam
453 1667 505 1713 in
555 1679 728 1728 magna
783 1663 1102 1727 disparilitate
1151 1662 1394 1727 quandam
1441 1662 1834 1728 similitudinem,
1892 1669 1948 1712 ut

260 1754 358 1787 non
397 1740 803 1787 inconvenienter
842 1737 1057 1803 dicatur,
1106 1738 1176 1785 sic
1215 1736 1499 1785 inluminari
1537 1738 1746 1785 animam
1785 1738 1944 1785 incor-

259 1827 459 1877 poream
498 1811 608 1861 luce
647 1813 939 1875 incorporea
980 1810 1216 1875 simplicis
1257 1812 1523 1875 sapientiae
1564 1809 1666 1876 Dei,
1707 1812 1836 1859 sicut
1873 1812 1944 1859 in-

259 1886 527 1935 luminatur
575 1887 703 1934 aeris
752 1899 933 1949 corpus
973 1884 1083 1933 luce
1124 1899 1387 1949 corporea;
1427 1891 1476 1933 et
1516 1885 1645 1933 sicut
1687 1899 1771 1932 aer
1809 1891 1945 1933 tene-

261 1959 447 2008 brescit
507 1961 600 2007 ista
650 1959 760 2007 luce
817 1959 1046 2007 desertus
1102 1952 1239 2025 (nam
1295 1957 1416 2006 nihil
1471 1964 1587 2006 sunt
1641 1957 1772 2006 aliud
1820 1971 1944 2021 quae

263 2033 495 2081 dicuntur
545 2032 767 2081 locorum
832 2047 1259 2096 quorumcumque
1322 2031 1652 2096 corporalium
1712 2030 1946 2080 tenebrae

263 2121 408 2170 quam
459 2121 542 2154 aer
591 2121 763 2154 carens
811 2100 972 2172 luce),
1011 2107 1078 2154 ita
1118 2104 1465 2154 tenebrescere
1506 2106 1714 2153 animam
1756 2105 1945 2169 sapien-

260 2181 355 2229 tiae
395 2179 504 2227 luce
544 2181 794 2243 privatam.

412 2252 697 2301 Secundum
757 2252 852 2301 hoc
907 2268 1025 2317 ergo
1081 2253 1314 2302 dicuntur
1367 2251 1447 2300 illa
1503 2250 1769 2316 simplicia,
1821 2265 1943 2315 quae

260 2326 598 2391 principaliter
645 2341 859 2390 vereque
907 2326 1068 2375 divina
1117 2333 1254 2391 sunt,
1302 2325 1433 2389 quod
1473 2340 1573 2374 non
1612 2324 1741 2374 aliud
1781 2331 1857 2373 est
1894 2326 1946 2372 in

263 2401 333 2448 eis
382 2399 612 2465 qualitaS,
660 2399 788 2448 aliud
837 2399 1135 2464 substantia,
1191 2414 1280 2448 nec
1328 2398 1534 2448 aliorum
1572 2399 1944 2463 participatione

261 2473 335 2522 vel
377 2473 536 2522 divina
582 2471 659 2521 vel
706 2474 945 2537 sapientia
992 2473 1069 2522 vel
1114 2473 1255 2521 beata
1306 2480 1434 2521 sunt.
1512 2472 1745 2521 Ceterum
1784 2471 1944 2520 dictus

262 2554 337 2595 est
374 2549 425 2595 in
466 2548 728 2611 scripturis
770 2548 952 2595 sanctis
995 2545 1209 2610 Spiritus
1251 2547 1517 2610 sapientiae
1557 2544 1834 2610 multiplex,
1885 2559 1942 2593 eo

379 2661 452 2714 32)
487 2659 593 2714 Sap.
628 2663 668 2714 7,
701 2663 771 2701 22.

380 2826 402 2863 1
437 2835 555 2876 quae
596 2821 658 2874 V,·
697 2834 753 2865 ea
792 2834 909 2875 quae
942 2833 966 2863 v
1013 2821 1034 2875 ΙΙ’
1076 2825 1130 2863 10
1163 2820 1257 2863 alia
1297 2819 1408 2873 VF‚·
1438 2820 1515 2863 secl
1547 2820 1604 2874 cf.
1637 2823 1700 2864 29
1731 2832 1793 2875 sq.
1832 2820 1847 2874 ΙΙ
1886 2821 1942 2861 25

261 2893 546 2935 quorumque
587 2879 631 2922 V
