2020 3122
199 169 270 221 64
884 178 918 212 s.
943 178 1222 214 Ancus‘rm

200 299 250 342 ct
287 300 423 357 grata
462 307 570 341 esse
618 290 883 356 opprobria
930 306 1029 340 non
1067 298 1259 341 tantum
1298 291 1576 358 hominum,
1627 306 1797 340 verum
1837 298 1886 341 et

198 368 419 430 ipsorum
459 366 665 414 deorum
702 366 754 414 in
794 366 1032 414 scaenicis
1072 364 1273 426 fabulis,
1314 366 1414 414 sive
1456 381 1482 414 a
1520 365 1680 430 poetis
1720 372 1886 415 essent

199 439 281 487 illa
328 439 557 505 conficta,
612 440 712 488 sive
760 438 941 503 flagitia
989 454 1165 488 eorum
1211 454 1327 487 vera
1379 445 1886 488 commemorarentur

203 518 252 561 et
276 518 540 577 agerentur
573 514 623 560 in
657 512 862 562 theatris
902 518 1048 576 atque
1074 512 1133 561 ab
1173 527 1347 561 eorum
1387 511 1660 562 cultoribus
1699 514 1886 561 utinam

146 595 170 634 5
207 585 309 635 solo
342 588 461 652 risu,
501 601 556 634 ac
588 601 688 635 non
721 587 868 635 etiam
891 587 1161 635 imitatione
1195 586 1340 650 digna
1370 586 1669 635 viderentur.
1732 585 1887 634 Nimis

203 661 334 708 enim
374 659 645 725 superbum
684 659 777 709 fuit
816 659 970 708 famae
1010 675 1215 724 parcere
1262 661 1543 724 principum
1591 660 1799 709 civitatis
1839 666 1887 708 et

203 734 396 800 civium,
435 733 521 782 ubi
562 748 676 783 suae
717 734 871 782 famae
911 735 1047 797 parci
1087 735 1288 782 numina
1328 733 1608 782 noluerunt.

902 904 1098 958 CAPUT
1130 904 1194 958 X.

301 1014 669 1079 Qua‘nocendi
706 1017 818 1061 arte
858 1014 1124 1060 daemones
1163 1013 1316 1060 velint
1354 1014 1432 1060 vel
1463 1011 1601 1073 falsa
1643 1013 1704 1061 de
1741 1027 1795 1061 se

119 1096 173 1136 10
257 1114 263 1119 ·
664 1087 880 1135 crimina
920 1088 999 1134 vel
1033 1099 1156 1134 vera
1196 1087 1424 1134 narrari.

353 1189 475 1238 Nam
515 1189 647 1253 quod
686 1189 908 1238 adfertur
945 1203 1036 1253 pro
1077 1187 1386 1255 defensione,
1432 1204 1531 1237 non
1569 1187 1650 1237 illa
1688 1202 1802 1236 vera
1841 1190 1892 1236 in

209 1263 328 1312 deos
360 1264 471 1329 dici,
512 1262 599 1312 sed
638 1263 756 1311 falsa
789 1270 935 1326 atque
968 1262 1190 1328 conficta,
1230 1262 1279 1312 id
1312 1264 1476 1327 ipsum
1509 1268 1584 1311 est
1617 1261 1890 1326 scelestiUS,

209 1338 251 1385 si
288 1338 521 1401 pietatem
560 1336 787 1386 consulas
827 1335 1102 1402 religionis3
1142 1337 1184 1384 si
1223 1342 1389 1386 autem
1427 1335 1659 1385 malitiam
1699 1335 1891 1384 daemo-

208 1425 327 1459 num
352 1412 555 1476 cogiteS,
594 1410 712 1474 quid
738 1411 947 1459 astutius
980 1410 1039 1458 ad
1072 1409 1416 1475 decipiendum
1447 1416 1592 1473 atque
1634 1405 1894 1459 callidius?

125 1493 179 1532 15
212 1483 334 1533 Cum
382 1485 513 1533 enim
559 1481 798 1548 probrum
844 1485 1021 1533 iacitur
1069 1486 1119 1532 in
1166 1485 1443 1549 principem
1481 1484 1666 1548 patriae
1707 1482 1894 1532 bonum

210 1557 574 1622 atqueiltilem,
615 1572 778 1606 nonne
804 1563 938 1606 tanto
979 1564 1054 1606 est
1092 1557 1358 1623 indignius,
1398 1563 1580 1622 quanto
1621 1572 1648 1605 a
1686 1558 1892 1606 veritate

210 1633 448 1680 remotius
490 1637 538 1680 et
578 1646 605 1679 a
643 1633 741 1680 vita
789 1631 918 1680 illius
967 1629 1211 1680 alienius?
1289 1631 1423 1689 Quae
1462 1633 1614 1695 igitur
1654 1630 1894 1695 supplicia

211 1705 479 1771 sufficiunt,
520 1720 631 1754 cum
658 1705 749 1754 deo
783 1705 836 1753 fit
874 1707 969 1754 ista
1007 1711 1106 1754 tam
1147 1705 1346 1772 nefaria,
1385 1711 1485 1754 tam
1522 1706 1729 1769 insignis
1768 1705 1893 1753 iniu-

210 1775 318 1827 ria?
410 1778 506 1827 Sed
583 1778 782 1843 maligni
851 1780 1077 1845 spirituS,
1160 1794 1283 1843 quos
1354 1780 1437 1828 isti
1510 1778 1628 1827 deos
1705 1784 1894 1844 putant,

124 1861 180 1901 20
213 1853 359 1901 etiam
413 1852 613 1918 flagitia,
669 1867 792 1916 quae
848 1867 946 1901 non
986 1853 1313 1918 admiserunt,
1367 1852 1427 1901 de
1475 1868 1528 1901 se
1577 1852 1673 1901 dici
1711 1851 1895 1917 volunt,

213 1925 330 1975 dum
369 1932 530 1974 tamen
564 1925 800 1976 humanas
833 1933 1024 1975 mentes
1064 1926 1140 1975 his
1181 1925 1494 1991 opinionibus
1534 1925 1667 1974 velut
1706 1925 1895 1974 retibus

212 1999 418 2047 induant
465 2005 514 2047 et
559 2000 618 2048 ad
664 2000 1084 2064 praedestinatum
1132 1999 1428 2065 supplicium
1477 2015 1645 2049 secum
1685 1999 1896 2065 trahant,

215 2073 314 2120 sive
354 2072 578 2120 homines
617 2074 710 2122 ista
742 2075 1095 2139 commiserint,
1134 2089 1258 2138 quos
1299 2073 1417 2122 deos
1456 2073 1628 2122 haberi
1667 2073 1896 2138 gaudent,

215 2146 301 2210 qui
339 2145 565 2194 humanis
606 2146 858 2195 erroribus
899 2147 1134 2213 gaudent,
1185 2161 1276 2211 pro
1304 2146 1496 2211 aquibus
1537 2162 1589 2196 se
1630 2148 1777 2195 etiam
1816 2161 1895 2194 co-

128 2228 183 2268 25
214 2218 386 2268 lendos
425 2218 556 2267 mille
595 2219 807 2268 nocendi
846 2219 1140 2284 fallendique
1182 2219 1370 2268 artibus
1409 2222 1754 2286 interponunt3
1795 2221 1895 2268 sive

216 2294 361 2341 etiam
401 2307 498 2340 non
538 2292 752 2341 ullorum
790 2292 1046 2342 hominum
1083 2293 1163 2341 illa
1203 2295 1407 2341 crimina
1447 2308 1562 2341 vera
1603 2295 1722 2359 sint,
1771 2308 1894 2357 quae

216 2372 379 2415 tamen
428 2365 486 2414 de
536 2365 820 2415 numinibus
867 2366 984 2431 fingi
1026 2366 1250 2425 ,libenter
1306 2368 1552 2431 accipiunt
1599 2365 1898 2415 fallacissimi

217 2440 442 2505 spiritUS,
495 2445 551 2488 ut
604 2439 663 2488 ad
718 2439 924 2488 scelesta
972 2455 1026 2488 ac
1073 2442 1235 2504 turpia
1281 2439 1610 2504 perpetranda
1657 2439 1788 2490 velut
1837 2439 1895 2489 ab

215 2514 322 2577 ipso
363 2512 496 2561 caelo
536 2513 728 2562 traduci
766 2515 817 2561 in
858 2519 1014 2562 terras
1055 2515 1172 2562 satis
1210 2513 1385 2562 idonea
1423 2513 1646 2562 videatur
1671 2511 1895 2563 *auctori-

130 2596 185 2635 30
217 2592 303 2635 taS.
382 2585 504 2635 Cum
551 2588 701 2651 igitur
750 2587 923 2635 Graeci
970 2587 1138 2636 talium
1187 2589 1446 2636 numinum
1485 2602 1653 2635 servos
1693 2603 1746 2636 se
1787 2603 1895 2637 esse

217 2661 483 2725 sentirent,
543 2661 675 2709 inter
729 2667 801 2709 tot
857 2667 905 2709 et
944 2667 1077 2709 tanta
1117 2676 1289 2710 eorum
1341 2660 1580 2709 theatrica
1632 2661 1896 2726 opprobria

217 2734 518 2798 parcendum
559 2733 651 2782 sibi
691 2749 717 2782 a
755 2735 915 2798 poetis
963 2734 1096 2783 nullo
1138 2733 1282 2783 modo
1321 2740 1640 2801 putaverunt,
1688 2734 1763 2783 vel
1802 2734 1894 2783 diis

335 2911 391 2950 26
422 2920 516 2950 non
547 2906 780 2950 nullorum
812 2905 903 2958 A¹‚·
934 2905 1169 2950 nullorum
1199 2905 1370 2949 A2KF
