2020 3122
563 139 628 171 DE
653 138 888 171 CIVITATE
912 141 1000 172 DEI
1024 141 1066 172 L.
1090 142 1175 174 ΧΠ.
1201 141 1238 174 c.
1261 143 1293 175 e.
1665 132 1770 185 521

95 265 268 300 eorum
322 248 514 298 occulta
575 249 773 314 maligni
833 252 1037 314 spiritus
1092 255 1405 317 suggestione
1467 261 1772 321 temptatum,

96 325 235 388 quasi
273 337 372 371 non
404 321 565 371 eidem
597 325 899 387 suggestioni
939 330 986 372 et
1025 325 1367 390 qualicumque
1409 329 1623 376 suasioni
1660 345 1771 393 pro-

96 399 202 462 pria
262 395 510 445 voluntate
574 393 920 445 consenserit?
972 396 1110 447 Hanc
1170 401 1321 463 igitur
1382 403 1773 469 consensionem,

95 471 219 520 hanc
252 469 426 518 malam
459 485 606 534 quam
638 470 762 518 male
795 470 1020 518 suadenti
1053 471 1273 521 adhibuit
1310 474 1608 523 voluntatem
1648 491 1771 539 quae

97 546 148 594 in
195 559 253 593 eo
305 559 386 592 res
433 543 637 609 fecerit,
693 545 988 607 quaerimus
1065 543 1187 592 Nam
1233 552 1288 594 ut
1332 546 1426 595 hoc
1466 563 1661 611 quoque
1700 551 1771 597 in-

93 617 430 684 pedimentum
471 616 530 666 ab
570 619 663 666 ista
703 619 990 681 quaestione
1030 616 1244 684 tollatur,
1283 621 1324 667 si
1363 620 1531 668 eadem
1570 627 1772 685 tempta·

94 693 229 741 tione
277 690 419 740 ambo
467 697 792 756 temptentur,
841 698 890 740 et
936 706 1066 740 unus
1114 692 1159 740 ei
1206 692 1346 740 cedat
1385 700 1529 757 atque
1570 710 1773 744 consen-

96 767 200 832 tiat,
239 764 362 814 alter
404 764 535 813 idem
576 766 660 829 qui
699 765 859 813 fuerat
889 771 1196 829 perseveret:
1236 765 1353 829 quid
1392 766 1522 815 aliud
1562 776 1775 834 apparet,

96 840 192 888 nisi
230 853 385 887 unum
425 838 658 904 noluisse,
698 838 908 887 alterum
948 838 1159 887 voluisse
1201 854 1226 886 a
1267 841 1488 888 castitate
1530 839 1776 889 deficere?

95 912 248 973 Unde,
288 913 386 961 nisi
415 914 615 977 propria
647 912 911 978 voluntate,
950 911 1036 961 ubi
1068 912 1236 961 eadem
1277 913 1437 962 fuerat
1475 915 1526 961 in
1565 921 1774 978 utroque

99 987 322 1051 corporis
361 992 411 1035 et
457 987 606 1035 animi
649 982 878 1035 affectio?
954 985 1223 1034 Amborum
1262 986 1418 1036 oculis
1455 989 1640 1051 pariter
1679 989 1777 1036 visa

103 1066 178 1109 est
229 1060 400 1109 eadem
449 1059 793 1127 pulchritudo,
843 1059 1082 1109 ambobus
1129 1061 1314 1124 pariter
1360 1062 1539 1109 institit
1588 1061 1778 1110 occulta

98 1135 376 1199 temptati03
407 1136 659 1198 propriam
682 1135 834 1198 igitur
857 1135 908 1182 in
941 1149 1039 1183 uno
1073 1148 1245 1182 eorum
1277 1133 1573 1183 voluntatem
1605 1134 1779 1183 malam

96 1222 178 1256 res
218 1222 342 1271 quae
385 1207 559 1257 fecerit
606 1209 734 1256 scire
773 1206 1073 1274 volentibuS,
1125 1209 1167 1255 si
1205 1206 1330 1256 bene
1369 1209 1668 1273 intueantur,
1706 1210 1777 1256 ni-

97 1280 166 1330 hil
213 1283 446 1330 occurrit.
525 1280 578 1330 Si
625 1283 758 1330 enim
805 1282 1074 1330 dixerimus
1124 1281 1254 1345 quod
1300 1283 1405 1345 ipse
1444 1296 1551 1329 eam
1590 1282 1778 1347 fecerit,

97 1354 216 1420 quid
263 1361 368 1403 erat
413 1357 519 1420 ipse
568 1362 679 1404 ante
726 1355 1029 1404 voluntatem
1078 1354 1253 1403 malam
1291 1356 1386 1403 nisi
1427 1361 1600 1403 natura
1638 1354 1779 1420 bona,

97 1430 240 1478 cuius
280 1434 452 1477 auctor
491 1428 636 1490 Deus,
679 1431 763 1493 qui
802 1437 878 1478 est
917 1428 1203 1478 inmutabile
1244 1425 1465 1478 bonum?
1529 1427 1622 1486 Qui
1663 1443 1779 1492 ergo

97 1501 217 1552 dicit
269 1517 409 1567 eum,
463 1504 548 1567 qui
603 1504 855 1552 consensit
899 1505 1160 1567 temptanti
1206 1508 1352 1566 atque
1400 1501 1645 1567 suadenti,
1700 1503 1780 1550 cui

97 1591 198 1626 non
238 1578 489 1625 consensit
529 1576 668 1643 aliuS,
708 1577 766 1626 ad
806 1577 991 1626 inlicite
1031 1575 1271 1626 utendum
1310 1575 1516 1640 pulchro
1557 1590 1779 1640 corpore,

99 1649 232 1714 quod
276 1649 543 1705 videndum
590 1650 827 1700 ambobus
874 1652 1061 1716 pariter
1112 1649 1291 1715 adsuit,
1340 1664 1453 1698 cum
1499 1657 1610 1698 ante
1649 1648 1778 1696 illam

98 1725 338 1772 visionem
377 1739 432 1772 ac
465 1726 838 1788 temptationem
877 1724 1061 1773 similes
1100 1723 1242 1773 ambo
1283 1725 1443 1771 animo
1485 1729 1534 1771 et
1572 1736 1778 1786 corpore

99 1797 309 1864 fuerint,
346 1799 510 1862 ipsum
551 1797 645 1846 sibi
685 1799 860 1847 feoisse
901 1797 1203 1847 voluntatem
1241 1796 1438 1862 malam,
1486 1797 1570 1860 qui
1609 1797 1778 1859 utique

98 1870 259 1920 honus
315 1877 427 1920 ante
486 1871 786 1921 voluntatem
838 1871 1012 1921 malam
1059 1872 1227 1921 fuerit:
1285 1876 1487 1934 quaerat
1540 1884 1628 1918 cur
1674 1883 1779 1916 eam

98 1944 296 2010 fecerit,
351 1951 521 1994 utrum
569 1947 683 2010 quia
732 1953 908 1995 natura
955 1952 1052 2012 est,
1107 1960 1167 1994 an
1216 1946 1328 2008 quia
1368 1958 1427 1992 ex
1465 1942 1616 1992 nihilo
1656 1942 1779 1991 facta

100 2024 198 2084 est,
253 2025 303 2068 et
355 2020 572 2069 inveniet
624 2019 926 2069 voluntatem
973 2019 1148 2068 malam
1194 2034 1292 2067 non
1341 2033 1400 2066 ex
1447 2032 1504 2065 eo
1552 2031 1659 2064 esse
1707 2017 1777 2063 in-

99 2093 266 2156 cipere
315 2092 446 2156 quod
494 2100 668 2142 natura
716 2101 812 2161 est,
862 2093 949 2142 sed
996 2109 1055 2142 ex
1096 2108 1152 2141 eo
1193 2091 1322 2156 quod
1363 2090 1423 2139 de
1463 2089 1614 2139 nihilo
1654 2089 1779 2137 sacta

100 2172 276 2214 natura
330 2172 419 2215 est.
496 2166 619 2215 Nam
669 2170 711 2216 si
766 2174 940 2217 natura
988 2181 1134 2215 causa
1182 2173 1256 2214 est
1302 2164 1565 2212 voluntatis
1612 2162 1779 2227 malae,

101 2239 218 2303 quid
266 2239 397 2288 aliud
445 2242 667 2305 cogimur
713 2241 903 2307 dicere,
950 2242 1046 2289 nisi
1095 2255 1118 2288 a
1167 2238 1296 2287 bono
1343 2239 1450 2286 fieri
1504 2236 1683 2284 malum
1732 2243 1780 2284 et

101 2311 287 2361 bonum
333 2328 440 2361 esse
490 2329 687 2363 causam
733 2312 881 2363 mali?
929 2316 971 2362 si
1018 2313 1218 2378 quidem
1266 2328 1292 2361 a
1339 2317 1513 2360 natura
1563 2309 1688 2357 bona
1727 2309 1777 2356 fit

100 2380 324 2435 voluntas
371 2386 508 2436 mala.
587 2387 728 2445 Quod
778 2387 909 2437 unde
957 2388 1066 2436 fieri
1103 2392 1286 2451 potest,
1334 2391 1390 2434 ut
1428 2390 1599 2431 natura
1637 2381 1777 2445 bona,

103 2462 322 2523 quamvis
376 2461 655 2527 mutabilis,
709 2468 971 2525 antequam
1025 2459 1202 2509 habeat
1247 2458 1544 2507 voluntatem
1591 2454 1777 2518 malam,

38 2582 47 2588 ,
103 2532 246 2581 faciat
285 2532 468 2597 aliquid
508 2534 634 2600 mali,
674 2534 767 2583 hoc
807 2542 882 2584 est
921 2537 1075 2599 ipsam
1115 2533 1414 2582 voluntatem
1453 2523 1661 2577 malam?

222 2680 247 2718 9
280 2674 497 2731 voluisse,
530 2676 727 2719 alterum
758 2675 962 2719 noluisse
994 2690 1019 2718 v
1050 2676 1066 2731 ΙΙ
1100 2680 1150 2718 17
1184 2669 1559 2716 incommutabile
1591 2681 1616 2711 υ
1661 2669 1680 2723 u
1723 2671 1776 2709 22

104 2733 183 2789 qui
222 2734 333 2787 VA,·
365 2734 473 2789 quia
503 2748 528 2777 v
553 2737 568 2790 Η
592 2740 646 2778 23
680 2736 931 2790 quaeratur
971 2734 1013 2776 V

1811 925 1864 964 10

1813 1291 1864 1330 15

1811 1659 1866 1698 20

1811 2391 1865 2429 30
