2020 3122
560 148 626 179 DE
652 145 891 180 mvrrA'rE
915 147 1005 180 DEI
1029 147 1070 180 L.
1095 149 1141 181 x.
1165 147 1204 181 c.
1229 150 1282 182 12.
1307 150 1359 182 13.
1686 138 1794 192 423

115 261 242 309 sicut
277 260 328 307 in
367 257 650 306 hominihus
684 259 868 306 sanctis
900 260 1025 324 suiS,
1067 261 1270 323 eiusque
1305 262 1640 326 temporaliter
1673 263 1796 312 fiunt

116 335 246 382 iussa
285 338 485 381 aeterna
525 333 631 380 eius
671 330 776 395 lege
818 339 1098 396 conspecta.

772 530 964 586 CAPUT
1003 533 1151 586 XIII.

114 643 190 691 De
230 642 470 691 invisibili
500 641 619 700 Deo,
661 642 751 700 qui
777 655 832 689 se
870 642 1111 689 visibilem
1141 656 1294 703 saepe
1325 646 1657 705 praestiterit,
1697 659 1796 694 non
1829 655 1854 694 5

216 716 493 765 secundum
532 716 668 774 quod
704 719 796 774 est,
836 716 929 763 sed
963 716 1240 764 seeundum
1279 718 1416 776 quod
1446 722 1689 779 poterant

722 786 867 848 ferre
905 794 1180 837 cernentes.

262 889 364 938 Nec
413 905 609 939 movere
650 889 818 956 debet,
866 889 1019 956 quod,
1068 906 1180 939 cum
1222 892 1284 939 sit
1323 891 1604 959 invisibilis,
1653 907 1797 957 saepe

116 963 374 1014 visibiliter
434 962 658 1028 patribus
721 965 1005 1028 apparuisse
1063 971 1378 1014 memoratur.
1473 966 1612 1015 Sicut
1667 969 1798 1015 enim

114 1053 291 1105 sonuS,
333 1053 429 1102 quo
463 1037 661 1087 auditur
693 1039 937 1086 sententia
976 1039 1026 1086 in
1061 1038 1254 1086 silentio
1287 1038 1648 1104 intellegentiae
1682 1055 1799 1089 con-
1835 1053 1888 1091 10

115 1114 308 1178 stituta,
348 1126 447 1160 non
487 1118 563 1160 est
601 1110 694 1159 hoc
735 1111 865 1176 quod
905 1113 1035 1175 ipsa:
1082 1114 1148 1161 ita
1189 1118 1238 1160 et
1278 1114 1491 1180 specieS‚
1532 1129 1627 1178 qua
1666 1115 1799 1163 visus

115 1193 190 1236 est
228 1185 359 1234 Deus
407 1187 459 1233 in
504 1191 679 1234 natura
726 1183 957 1234 invisibili
1004 1186 1324 1246 constitutuS,
1372 1201 1471 1235 non
1523 1193 1629 1236 erat
1668 1186 1823 1254 quod»

79 1262 233 1326 ipse.
309 1257 492 1307 Verum
531 1266 695 1308 tamen
733 1260 839 1323 ipse
879 1259 929 1306 in
971 1258 1141 1308 eadem
1181 1261 1344 1323 specie
1386 1261 1629 1325 corporali
1668 1261 1799 1310 vide-

114 1333 281 1398 batur,
321 1334 450 1381 sicut
487 1331 567 1381 illa
600 1334 843 1382 sententia
881 1332 986 1395 ipsa
1026 1334 1076 1381 in
1118 1347 1238 1382 sono
1270 1335 1405 1382 vocis
1445 1334 1665 1400 auditur3
1707 1350 1799 1383 nec

114 1407 184 1457 illi
222 1405 514 1471 ignorabant
551 1405 847 1455 invisibilem
878 1404 1035 1455 Deum
1074 1408 1125 1455 in
1165 1408 1329 1470 specie
1363 1408 1629 1474 corporali,
1669 1408 1800 1472 quod
1836 1421 1889 1460 15

114 1483 219 1546 ipse
252 1495 351 1528 non
385 1486 504 1545 erat,
538 1495 590 1528 se
622 1481 804 1529 videre.
858 1478 981 1527 Nam
1014 1487 1063 1529 et
1094 1479 1390 1544 loquebatur
1423 1496 1536 1530 cum
1567 1482 1800 1546 loquente

114 1554 307 1619 Moyses
355 1560 404 1602 et
453 1555 499 1602 ei
544 1560 708 1603 tamen
756 1552 971 1603 dicebat:
1019 1555 1079 1602 Si
1115 1557 1286 1603 inveni
1317 1558 1542 1615 qratiam
1583 1562 1701 1604 ante
1740 1562 1800 1615 te,

53 1643 65 1654 ·
114 1629 321 1678 ostende
358 1630 484 1676 mihi
528 1633 676 1677 temet
722 1630 902 1690 ipsmn,
949 1630 1170 1677 scienter
1209 1634 1267 1677 ut
1303 1630 1499 1677 videam
1539 1635 1599 1677 te.
1678 1628 1802 1677 Cum

115 1703 266 1766 igitur
298 1707 552 1765 oporteret
584 1700 672 1750 Dei
710 1700 869 1766 legem
900 1703 952 1749 in
985 1701 1158 1750 edictis
1191 1701 1479 1765 angelorum
1511 1701 1802 1751 terribiliter

115 1775 243 1840 dari,
283 1790 382 1823 non
423 1776 509 1823 uni
546 1774 733 1823 homini
773 1776 1002 1839 paucisve
1044 1774 1372 1841 sapientib11S‚
1413 1775 1499 1823 sed
1540 1777 1798 1824 universae
1833 1788 1890 1827 20

115 1851 250 1914 genti
291 1856 339 1898 et
376 1847 558 1913 populo
590 1850 803 1913 ingenti:
843 1863 1007 1897 coram
1041 1847 1215 1896 eodem
1254 1848 1435 1912 populo
1469 1863 1640 1913 magna
1674 1850 1799 1897 facta

117 1929 231 1971 sunt
277 1923 329 1970 in
369 1928 558 1987 monte,
604 1921 691 1970 ubi
736 1921 814 1970 lex
861 1936 951 1986 per
993 1937 1145 1970 unum
1184 1921 1413 1988 dabatur,
1462 1924 1798 1987 conspiciente

116 1995 430 2045 multitudine
464 1995 726 2044 metuenda
752 2010 806 2043 ac
838 1995 1094 2044 tremenda
1127 2010 1251 2059 quae
1283 1994 1478 2044 fiebant.
1534 1994 1640 2044 Non
1668 1997 1799 2044 enim

115 2069 328 2134 populus
375 2067 526 2117 Israel
573 2070 643 2116 sic
682 2068 837 2133 Moysi
884 2068 1115 2134 credidit,
1165 2084 1311 2133 quem
1359 2068 1417 2117 ad
1466 2069 1667 2118 modum
1710 2084 1799 2118 suo

116 2141 340 2207 Lycurgo
388 2141 785 2208 Lacedaemonii,
834 2142 964 2206 quod
1013 2157 1038 2190 a
1086 2141 1199 2190 Iove
1247 2158 1335 2191 seu
1382 2141 1605 2206 Apolline
1652 2142 1800 2207 legeS‚
1833 2152 1889 2191 25

118 2231 239 2280 quas
279 2215 518 2281 condidit,
559 2216 844 2280 accepisset,
908 2215 1031 2264 Cum
1072 2217 1202 2264 enim
1241 2215 1319 2264 lex
1359 2215 1566 2265 dabatur
1603 2215 1802 2280 populo,

118 2304 214 2353 qua
246 2289 340 2338 coli
380 2304 510 2338 unus
549 2288 813 2338 iubebatur
844 2288 990 2355 Deus,
1029 2290 1080 2337 in
1115 2296 1384 2354 conspectu
1423 2292 1579 2354 ipsius
1618 2288 1802 2354 populi,

118 2369 355 2426 qua-ntum
388 2363 618 2412 sufficere
651 2362 812 2412 divina
851 2362 1158 2427 providentia
1196 2361 1457 2429 iudicabat,
1496 2361 1802 2411 mirabilibus

118 2448 287 2485 rerum
326 2438 478 2500 signis
518 2452 572 2485 ac
605 2433 820 2485 motibus
853 2435 1116 2501 apparebat
1156 2435 1215 2484 ad
1249 2437 1454 2486 eandem
1493 2436 1652 2500 legem
1683 2435 1798 2484 dan-

118 2508 229 2558 dam
269 2511 480 2559 creatori
520 2511 704 2558 servire
746 2516 1037 2559 creaturam.
1833 2517 1890 2557 30

241 2652 312 2706 17)
345 2651 486 2695 Exod.
519 2656 590 2706 33,
628 2655 694 2696 13.
760 2652 832 2706 18)
865 2651 968 2696 Act.
1003 2655 1042 2707 7,
1074 2655 1144 2696 53.
