2020 3122
170 949 224 988 10

171 1315 224 1355 15

171 1817 226 1856 20

172 2230 226 2268 25

169 2599 227 2637 30

255 151 362 204 468
927 160 962 194 s,
988 160 1266 195 Auens'rrm

254 275 589 340 respondeant
634 274 693 322 de
734 274 938 322 infinitis
971 280 1082 323 ante
1123 273 1362 323 mundum
1400 273 1722 341 temporibUS,
1762 275 1933 323 curin

256 351 327 398 eis
359 348 419 397 ab
452 363 600 413 opere
626 347 757 397 Deus
789 349 1068 396 cessaverit.
1123 347 1185 396 Et
1217 349 1346 396 sicut
1376 362 1475 395 non
1507 354 1583 396 est
1607 363 1932 412 consequenS,

255 430 311 472 ut
349 423 552 471 fortuito
592 423 759 486 potius
799 436 944 486 quam
977 424 1165 471 ratione
1206 421 1366 469 divina
1399 420 1530 469 Deus
1562 435 1662 470 non
1694 420 1810 487 alio,
1850 420 1936 470 sed

257 498 350 545 isto
391 498 442 544 in
474 511 572 560 quo
605 501 682 544 est
711 495 819 544 loco
851 495 1091 545 mundum
1123 495 1458 560 constituerit,
1498 509 1611 543 cum
1648 496 1835 559 pariter
1864 496 1935 543 in-

255 570 406 619 finitis
446 568 629 634 ubique
670 569 954 634 patentibus
993 569 1127 618 nullo
1168 567 1514 616 excellentiore
1553 570 1731 617 merito
1769 576 1938 632 posset

254 643 334 692 hic
367 643 496 709 eligi,
528 645 750 708 quamvis
782 643 986 692 eandem
1019 643 1233 691 divinam
1256 643 1513 707 rationem,
1545 657 1642 706 qua
1672 642 1721 691 id
1754 642 1936 691 factum

256 724 355 784 est,
393 716 524 766 nulla
563 719 721 782 possit
758 717 971 766 humana
1003 715 1431 781 conprehendere:
1469 717 1536 764 ita
1568 729 1668 764 non
1707 722 1784 765 est
1823 730 1936 764 con-

255 806 491 856 sequenS‚
538 797 595 840 ut
632 790 733 839 Deo
773 790 956 855 aliquid
997 791 1334 839 existimemus
1373 788 1610 838 accidisse
1665 790 1939 854 fortuitum,

256 865 387 930 quod
434 864 515 913 illo
562 867 728 929 potius
775 879 922 928 quam
968 865 1215 913 anteriore
1262 871 1485 928 tempore
1534 863 1753 912 condidit
1798 878 1937 911 mun-

257 939 389 1003 dum,
429 953 542 987 cum
575 938 843 1002 aequaliter
875 939 1122 987 anteriora
1154 944 1375 1002 tempora
1406 952 1496 1001 per
1526 937 1772 986 infinitum
1803 942 1939 985 retro

257 1013 468 1077 spatium
507 1014 862 1076 praeterissent
899 1027 991 1061 nec
1042 1012 1218 1060 fuisset
1256 1011 1415 1075 aliqua
1462 1010 1760 1076 differentia,
1806 1009 1938 1059 unde

255 1084 450 1150 tempus
491 1087 703 1150 tempori
742 1086 967 1150 eligendo
1006 1092 1411 1150 praeponeretur.
1506 1084 1647 1143 Quod
1687 1087 1731 1134 si
1770 1084 1941 1133 dicunt

255 1161 426 1208 inanes
466 1174 576 1208 esse
622 1159 877 1209 hominum
917 1161 1261 1226 cogitationeS‚
1309 1158 1488 1223 quibus
1534 1159 1724 1208 infinita
1770 1159 1937 1222 imagi-

257 1239 438 1282 nantur
470 1233 591 1299 loca,
622 1249 736 1283 cum
766 1233 905 1283 locus
931 1233 1095 1282 nullus
1127 1235 1191 1282 sit
1221 1239 1418 1298 praeter
1443 1233 1704 1282 mundum:
1736 1246 1938 1296 respon-

259 1307 405 1356 detur
444 1308 515 1356 eis
569 1308 664 1356 isto
712 1307 858 1356 modo
904 1309 1117 1356 inaniter
1155 1307 1380 1356 homines
1420 1309 1635 1371 cogitare
1674 1307 1940 1371 praeterita

257 1387 479 1445 tempora
532 1383 798 1430 vacationis
853 1380 963 1447 Dei,
1026 1396 1139 1430 cum
1200 1387 1395 1446 tempus
1458 1380 1647 1430 nullum
1711 1382 1775 1429 sit
1827 1386 1939 1429 ante

257 1453 509 1503 mundum.

939 1612 1132 1666 CAPUT
1165 1613 1258 1667 VI.

265 1736 547 1785 Creatz‘om's
578 1738 755 1785 mundi
786 1741 834 1784 et
872 1741 1147 1797 temporum
1178 1749 1333 1784 unum
1365 1749 1471 1784 esse
1503 1737 1815 1797 principium
1846 1749 1940 1784 nec

785 1811 930 1858 aliud
966 1811 1067 1858 alio
1101 1811 1411 1870 praeveniri.

408 1927 460 1976 Si
492 1928 623 1977 enim
648 1934 783 1976 recte
817 1927 1169 1976 discernuntur
1194 1928 1458 1976 aeternitas
1487 1933 1535 1975 et
1566 1933 1776 1993 tempuS‚
1809 1925 1939 1991 quod

257 2008 453 2065 tempus
493 2001 598 2049 sine
640 2001 800 2065 aliqua
839 1999 1009 2049 mobili
1047 1999 1370 2050 mutabilitate
1412 2015 1511 2048 non
1552 2008 1648 2067 est,
1687 2003 1738 2049 in
1778 2007 1936 2049 aeter·

258 2075 409 2123 nitate
443 2080 607 2123 autem
638 2074 769 2123 nulla
802 2076 1007 2123 mutatio
1042 2081 1137 2124 est:
1171 2075 1281 2138 quis
1313 2089 1413 2122 non
1445 2073 1620 2141 videat,
1654 2074 1785 2139 quod
1818 2080 1938 2122 tem-

258 2162 379 2212 pora
411 2163 508 2195 non
548 2147 780 2214 fuissent,
819 2149 915 2196 nisi
947 2155 1173 2197 creatura
1204 2148 1367 2214 fieret,
1407 2163 1530 2212 quae
1565 2147 1745 2213 aliquid
1780 2148 1940 2212 aliqua

259 2222 474 2269 motione
514 2228 750 2287 mutaret,
789 2223 931 2270 cuius
970 2223 1201 2271 motionis
1242 2228 1292 2271 et
1330 2223 1615 2271 mutationis
1657 2237 1768 2272 cum
1809 2219 1937 2269 aliud

258 2301 403 2358 atque
438 2293 582 2360 aliud,
622 2310 745 2358 quae
780 2294 924 2343 simul
957 2311 1065 2345 esse
1098 2311 1197 2343 non
1228 2302 1452 2361 possunt,
1491 2295 1621 2344 cedit
1653 2303 1797 2360 atque
1830 2308 1938 2343 suc·

259 2368 410 2434 cedit,
463 2370 514 2416 in
562 2367 871 2417 brevioribus
918 2368 994 2417 vel
1039 2369 1440 2434 productioribus
1492 2384 1742 2419 morarum
1789 2370 1938 2417 inter-

257 2441 392 2489 vallis
433 2448 627 2506 tempus
662 2439 993 2505 sequeretur?
1056 2442 1178 2491 Cum
1217 2445 1368 2507 igitur
1400 2442 1554 2510 Deus,
1594 2445 1645 2491 in
1685 2445 1827 2492 cuius
1859 2455 1935 2490 ae-

258 2517 490 2564 ternitate
531 2515 662 2564 nulla
702 2521 778 2563 est
817 2517 1015 2563 omnino
1055 2518 1282 2582 1nutati0‚
1322 2523 1515 2565 creator
1555 2518 1618 2566 sit
1658 2524 1936 2582 temporum

262 2595 311 2638 et
364 2589 638 2638 ordinator:
694 2604 790 2652 quo
845 2588 989 2637 modo
1039 2589 1230 2639 dicatur
1283 2598 1395 2654 post
1448 2597 1727 2655 temporum
1784 2589 1938 2654 spatia

259 2663 498 2711 mundum
530 2677 723 2711 creasse
756 2677 855 2710 non
890 2662 1043 2727 vide0‚
1076 2665 1170 2712 nisi
1203 2663 1395 2713 dicatur
1427 2673 1538 2712 ante
1572 2664 1810 2713 mundum
1841 2664 1937 2711 iam

259 2736 470 2800 aliquam
517 2736 668 2785 fuisse
718 2742 1016 2801 creaturam,
1065 2737 1206 2785 cuius
1246 2736 1460 2786 motibus
1508 2744 1730 2803 tempora
1770 2749 1937 2786 curre·

259 2816 385 2858 rent.
461 2809 617 2858 Porro
657 2811 699 2858 si
737 2809 927 2858 litterae
968 2825 1135 2859 sacrae
1174 2812 1481 2875 maximeque
1522 2827 1721 2861 veraces
1762 2813 1828 2860 ita
1867 2807 1935 2856 di-

260 2890 393 2949 cunt,
432 2885 481 2931 in
512 2885 754 2948 principio
795 2883 970 2932 fecisse
1005 2883 1160 2932 Deum
1193 2884 1382 2933 caelum
1414 2892 1463 2934 et
1494 2892 1691 2951 terram,
1730 2891 1786 2934 ut
1818 2877 1938 2932 nihil
