2020 3122
586 157 651 187 DE
676 155 914 189 c1vrrA'rE
938 157 1027 189 Dm
1050 157 1093 191 L.
1118 158 1183 190 x1.
1209 158 1245 191 c.
1271 160 1302 191 9.
1687 149 1794 201 473

115 273 271 322 dicite
301 271 468 318 omnia
493 280 650 330 opera
682 269 886 318 Domini
915 270 1195 330 Dominum,
1228 272 1277 319 in
1303 274 1591 321 executione
1618 287 1794 322 eorun-

116 345 226 394 dem
280 357 487 407 operum
542 342 689 390 etiam
749 341 908 406 angeli
955 345 1191 392 nominati
1238 351 1374 410 sunt3
1422 353 1470 394 et
1514 348 1563 394 in
1610 346 1794 411 psalmo

116 419 331 468 canitur:
370 416 604 465 Laudate
636 416 902 464 Dominum
934 418 997 464 de
1028 420 1198 477 caelis}
1237 421 1444 468 laudate
1475 434 1585 469 eum
1619 423 1669 468 in
1710 436 1794 469 ex-

115 494 260 543 celsis
268 507 288 547 ;
349 492 557 539 laudate
610 504 722 538 eum
776 503 942 539 omnes
998 493 1170 551 anyelz'
1228 493 1358 551 εἰπε,
1423 496 1630 543 laudate
1684 509 1795 543 eum

114 580 282 616 omnes
327 566 538 613 virtutes
585 566 721 621 eius;
778 565 986 612 laudate
1030 578 1143 612 eum
1188 567 1264 613 sol
1308 571 1357 613 et
1400 569 1542 625 luna,
1589 570 1796 617 laudate
1826 578 1851 617 5

114 654 226 690 eum
258 652 426 687 omnes
456 641 630 686 stellae
661 643 709 686 et
747 640 941 694 lumem
979 639 1189 686 laudate
1220 653 1331 686 eum
1362 643 1496 688 caeli
1525 645 1794 700 caelorum,

114 719 163 763 et
193 727 372 773 aquae,
405 726 539 772 quae
569 727 724 773 super
755 714 924 760 caelos
953 717 1084 772 sunt,
1117 713 1326 760 laudent
1355 727 1531 762 nomen
1565 715 1796 772 Domum

113 789 350 848 quoniam
376 788 480 847 ipse
505 788 649 846 dixit,
683 791 732 834 et
757 783 906 846 facta
928 791 1047 834 sunt
1054 803 1073 842 ;
1106 788 1210 848 ipse
1233 788 1506 848 mandavit,
1538 793 1587 836 et
1617 794 1795 837 creata

110 866 239 910 sunt.
323 858 483 908 Etiam
530 859 610 907 hic
659 860 968 923 apertissime
1016 874 1042 907 a
1089 858 1190 908 Deo
1240 860 1394 908 factos
1442 875 1549 909 esse
1598 861 1795 925 angelos

111 933 345 983 divinitus
385 933 573 981 dictum
613 939 710 997 est,
759 948 871 982 cum
912 934 983 981 eis
1022 934 1153 981 inter
1193 939 1357 982 cetera
1398 934 1624 983 caelestia
1664 950 1793 984 com-

109 1007 391 1057 memoratis
437 1007 651 1055 infertur
691 1005 749 1055 ad
797 1008 981 1055 omnia:
1029 1008 1144 1069 Ipse
1183 1009 1335 1068 dixit,
1384 1014 1434 1057 et
1472 1007 1619 1070 faeta
1665 1016 1793 1058 sunt.

111 1080 232 1139 Quis
288 1095 439 1145 porro
494 1079 693 1129 audebit
739 1082 931 1144 opinari
984 1087 1096 1144 post
1142 1083 1305 1130 omnia
1359 1083 1472 1147 ista,
1529 1097 1652 1146 quae
1709 1098 1794 1131 sex

110 1154 285 1204 diebus
334 1161 619 1204 enumerata
667 1160 806 1220 sunt,
853 1154 1051 1218 angelos
1099 1151 1293 1203 factos?
1379 1154 1474 1204 Sed
1522 1158 1614 1204 etsi
1663 1158 1793 1220 quis-

112 1243 258 1293 quam
297 1229 365 1277 ita
404 1228 605 1293 desipit,
653 1227 907 1292 redarguit
946 1229 1088 1276 istam
1126 1230 1390 1278 vanitatem
1428 1229 1508 1277 illa
1548 1232 1792 1295 scriptura

108 1304 244 1368 paris
283 1304 612 1367 auctoritatiS,
651 1301 737 1351 uhi
776 1301 908 1350 Deus
948 1301 1088 1351 dicit:
1143 1303 1355 1360 Quando
1390 1302 1536 1364 facta
1575 1310 1693 1352 sunt
1728 1307 1792 1352 32·-

107 1378 248 1438 dera,
282 1378 626 1425 laudaverunt
654 1391 732 1424 me
762 1390 883 1424 voce
913 1390 1099 1436 magna
1131 1390 1298 1425 omnes
1330 1380 1502 1437 anyelz'
1530 1380 1638 1426 mei.
1694 1377 1793 1426 Iam

114 1465 231 1514 ergo
273 1455 412 1498 erant
451 1449 632 1515 angeli,
681 1449 874 1513 quando
921 1449 1047 1497 facta
1087 1455 1202 1497 sunt
1242 1449 1417 1498 sidera.
1493 1450 1640 1499 Facta
1680 1458 1794 1500 sunt

118 1530 282 1573 autem
315 1530 489 1587 quarto
521 1523 614 1572 die.
675 1522 1040 1586 Numquidnam
1066 1538 1182 1587 ergo
1216 1523 1293 1571 die
1326 1526 1473 1573 tertio
1506 1525 1659 1573 factos
1685 1540 1792 1573 esse

114 1594 373 1646 dicemus?
426 1596 579 1647 Absit.
625 1597 680 1645 In
712 1603 945 1661 promptu
973 1602 1047 1645 est
1071 1598 1217 1662 enim,
1250 1597 1366 1661 quid
1397 1598 1480 1646 illo
1506 1597 1584 1647 die
1610 1599 1794 1647 factum

110 1673 186 1720 sit.
263 1670 335 1719 Ab
376 1673 516 1735 aquis
555 1673 728 1735 utique
774 1676 908 1718 terra
946 1670 1160 1719 discreta
1199 1678 1274 1720 est
1321 1678 1370 1720 et
1420 1671 1677 1721 distinctas
1717 1674 1794 1721 sui

112 1747 309 1809 generis
349 1747 541 1809 species
581 1745 678 1793 duo
719 1746 812 1792 ista
852 1744 1093 1792 elementa
1125 1752 1445 1810 sumpserunt
1477 1752 1526 1794 et
1564 1745 1795 1810 produxit

111 1825 245 1867 terra
301 1818 540 1883 quidquid
587 1820 633 1867 ei
686 1817 922 1867 radicitus
976 1817 1213 1867 inhaeret.
1300 1818 1662 1883 Numquidnam
1720 1835 1793 1868 se-

111 1888 309 1941 cundo?
369 1891 440 1940 Ne
473 1892 566 1940 hoc
599 1891 812 1956 quidem.
874 1891 1014 1940 Tunc
1046 1893 1179 1940 enim
1210 1893 1572 1942 firmamentum
1612 1894 1794 1942 factum

110 1972 186 2014 est
224 1967 355 2014 inter
395 1981 545 2030 aquas
585 1966 868 2030 superiores
909 1971 958 2014 et
1006 1965 1268 2015 inferiores
1308 1967 1594 2031 caelumque
1634 1966 1793 2031 appel-

108 2038 262 2088 latum
295 2046 391 2105 est3
429 2041 482 2088 in
514 2054 612 2104 quo
651 2040 959 2088 firmamento
993 2046 1168 2103 quarto
1202 2040 1279 2089 die
1312 2041 1439 2089 facta
1470 2047 1585 2089 sunt
1618 2040 1791 2089 sidera.

104 2111 353 2162 Nimirum
391 2128 509 2178 ergo
550 2115 592 2162 si
632 2113 690 2161 ad
737 2114 947 2162 istorum
986 2113 1179 2162 dierum
1218 2129 1368 2179 opera
1406 2113 1494 2163 Dei
1541 2116 1792 2178 pertinent

106 2186 288 2251 angeli,
327 2188 422 2251 ipsi
462 2193 577 2236 sunt
616 2187 696 2236 illa
735 2186 839 2252 lux,
881 2201 1004 2251 quae
1044 2185 1142 2235 diei
1181 2203 1360 2236 nomen
1400 2190 1610 2254 accepit,
1650 2189 1790 2236 cuius

105 2262 270 2309 unitas
302 2267 357 2309 ut
389 2260 833 2326 commendaretur,
874 2275 972 2309 non
1005 2267 1081 2309 est
1123 2260 1284 2310 dictus
1317 2261 1422 2311 dies
1459 2263 1664 2326 primuS,
1705 2261 1791 2309 sed

106 2333 212 2382 dies
250 2349 395 2383 unus,
470 2334 571 2383 Nec
619 2334 741 2383 alius
796 2340 871 2382 est
918 2333 1023 2383 dies
1063 2334 1311 2384 secundus
1351 2342 1435 2384 aut
1482 2337 1658 2384 tertius
1708 2341 1790 2382 aut

107 2409 282 2472 ceteri;
335 2407 420 2456 sed
467 2409 598 2457 idem
645 2410 750 2472 ipse
797 2422 927 2456 unus
974 2407 1033 2456 ad
1080 2408 1366 2473 inplendum
1414 2410 1663 2457 senarium
1719 2406 1794 2455 vel

106 2482 441 2544 septenarium
481 2496 745 2531 numerum
783 2483 1025 2546 repetitus
1065 2488 1141 2531 est
1190 2488 1396 2546 propter
1435 2482 1674 2530 senariam
1715 2479 1789 2528 vel

106 2556 434 2618 septenariam
474 2557 825 2620 cognitionem3
873 2556 1115 2603 senariam
1165 2554 1352 2604 scilicet
1390 2569 1617 2619 operum,
1664 2567 1786 2616 quae

222 2698 263 2750 1)
298 2695 413 2741 Dan.
446 2701 486 2750 3,
522 2700 576 2740 57
611 2711 676 2752 sq.
741 2699 784 2752 9)
817 2695 890 2740 Ps.
929 2700 1026 2752 148,
1062 2702 1082 2739 1
1120 2711 1216 2751 sqq.
1290 2697 1360 2750 16)
1394 2694 1473 2737 Iob
1506 2698 1575 2749 38,
1610 2697 1647 2736 7.

229 2893 250 2930 1
284 2887 522 2932 dominum
563 2887 674 2941 VF,·
705 2887 904 2931 Domino
935 2902 961 2932 v
986 2889 1001 2944 ΙΙ
1029 2891 1081 2930 10
1114 2888 1267 2930 cetera
1299 2898 1381 2928 om.
1424 2883 1467 2926 V

1829 945 1883 985 10

1829 1311 1882 1351 15

1828 1681 1882 1720 20

1827 2048 1880 2087 25

1828 2415 1883 2454 30
