2020 3122
210 131 318 185 316
874 140 910 174 S.
936 139 1212 174 Aueus'rm

209 254 569 304 mundanarum
623 252 742 302 deos
798 267 850 301 se
900 253 1065 317 putari
1117 254 1374 317 cupientes
1425 259 1474 301 et
1524 252 1663 316 quasi
1713 252 1889 304 divinis

208 327 481 376 honoribus
528 326 811 390 eisdemque
860 325 1082 375 scelestis
1120 339 1177 374 ac
1217 324 1446 389 turpibus
1486 324 1637 374 rebus
1676 326 1890 391 superba

209 403 477 466 inpuritate
525 399 762 458 laetantes
809 405 956 463 atque
1004 399 1062 447 ad
1112 413 1285 447 verum
1325 397 1481 447 Deum
1520 401 1894 449 conversionem

210 474 437 523 humanis
484 474 658 522 animis
704 472 993 521 invidentes,
1076 471 1150 520 Ex
1198 486 1411 536 quorum
1456 472 1792 521 inmanissimo
1844 480 1898 523 et

211 549 499 612 impiissimo
540 546 792 595 dominatu
836 546 983 594 homo
1022 544 1286 611 liberatur,
1327 559 1439 593 cum
1479 545 1636 594 credit
1672 547 1724 594 in
1767 561 1897 612 eum,

211 622 297 685 qui
319 620 547 685 praebuit
571 619 630 668 ad
664 619 1029 683 exsurgendum
1069 625 1230 668 tantae
1270 618 1559 667 humilitatis
1598 619 1893 686 exemplum,

211 700 392 758 quanta
445 693 516 742 illi
570 692 801 758 superbia
856 691 1157 741 ceciderunt.
1232 690 1359 740 Hinc
1414 698 1531 740 sunt
1582 707 1683 740 non
1732 692 1892 742 solum

210 767 295 833 illi,
335 767 395 816 de
435 765 616 831 quibus
654 766 807 815 multa
845 767 940 814 iam
979 765 1208 830 diximuS,
1246 773 1296 813 et
1333 763 1415 813 alii
1453 771 1602 829 atque
1639 765 1722 814 alii
1759 767 1891 815 simi·

210 841 282 890 les
323 847 602 889 ceterarum
641 841 862 903 gentium
902 845 1047 902 atque
1087 845 1359 903 terrarum,
1407 837 1494 886 sed
1533 840 1680 887 etiam
1717 839 1790 905 hi,
1829 839 1892 889 de

125 921 180 960 10
212 913 393 978 quibus
423 928 555 962 nunc
582 915 786 978 agimuS‚
824 919 1075 976 tamquam
1105 913 1157 959 in
1189 917 1414 960 senatum
1454 910 1661 960 deorum
1700 912 1893 980 selecti3

212 987 298 1037 sed
337 986 479 1051 plane
513 985 683 1035 selecti
715 985 968 1035 nobilitate
1009 986 1288 1046 criminum,
1326 999 1426 1033 non
1466 984 1700 1049 dignitate
1740 987 1894 1036 virtu·

212 1069 330 1110 tum.
409 1059 632 1117 Quorum
663 1074 801 1108 sacra
834 1058 986 1107 Varro
1026 1058 1144 1107 dum
1183 1060 1324 1122 quasi
1363 1057 1421 1107 ad
1461 1058 1709 1108 naturales
1748 1061 1899 1109 ratio·

211 1149 299 1183 nes
339 1134 528 1182 referre
570 1140 798 1198 conatur,
845 1147 1088 1196 quaerens
1127 1131 1393 1181 honestare
1432 1146 1513 1181 res
1553 1138 1726 1197 turpes
1737 1173 1752 1198 ,
1801 1149 1902 1198 quo

213 1206 357 1256 modo
396 1206 473 1255 his
513 1206 721 1270 quadret
768 1213 818 1255 et
864 1212 1103 1255 consonet
1142 1220 1241 1254 non
1279 1212 1444 1270 potest
1481 1207 1728 1272 invenire,
1777 1221 1903 1271 quo·

126 1287 179 1325 15
212 1282 343 1329 niam
366 1295 467 1328 non
491 1287 608 1329 sunt
629 1281 763 1344 ipsae
788 1279 986 1328 illorum
1011 1293 1266 1328 sacrorum
1290 1294 1481 1344 causae,
1514 1294 1636 1343 quas
1659 1287 1798 1344 putat
1821 1280 1903 1330 vel

212 1355 377 1418 potius
401 1352 505 1402 vult
527 1355 704 1418 putari.
780 1352 904 1401 Nam
937 1355 979 1401 si
1010 1367 1110 1401 non
1150 1352 1310 1401 solum
1346 1354 1496 1418 ipsae,
1536 1368 1706 1403 verum
1747 1355 1895 1403 etiam

215 1426 461 1491 quaelibet
514 1426 634 1475 aliae
687 1426 836 1475 huius
890 1427 1088 1490 generis
1143 1433 1336 1492 essent,
1391 1427 1610 1490 quamvis
1664 1426 1786 1476 nihil
1837 1428 1898 1478 ad

213 1500 370 1549 Deum
409 1515 581 1549 verum
619 1501 866 1564 vitamque
907 1507 1177 1565 aeternam,
1218 1514 1342 1563 quae
1382 1501 1434 1548 in
1471 1499 1710 1564 religione
1750 1515 1899 1565 quae·

214 1573 366 1622 renda
407 1580 496 1636 est,
534 1575 866 1638 pertinerent,
917 1580 1080 1622 tamen
1121 1572 1468 1637 qualicumque
1508 1572 1568 1622 de
1607 1588 1778 1623 rerum
1815 1589 1902 1624 na-

126 1653 181 1692 ·20
214 1653 326 1696 tura
364 1646 555 1696 reddita
600 1648 791 1695 ratione
838 1645 1196 1710 aliquantulum
1243 1648 1525 1710 mitigarent
1563 1647 1904 1715 offensionem,

215 1735 362 1784 quam
406 1735 507 1768 non
551 1719 799 1769 intellecta
844 1721 897 1768 in
944 1721 1100 1768 sacris
1147 1718 1307 1783 aliqua
1346 1720 1479 1769 velut
1516 1720 1773 1785 turpitudo
1813 1729 1901 1771 aut

214 1792 492 1842 absurditas
531 1793 736 1859 fecerat3
785 1795 912 1843 sicut
950 1795 1001 1842 in
1042 1792 1335 1857 quibusdam
1373 1793 1679 1842 theatrorum
1719 1793 1900 1844 fabulis

213 1866 290 1916 vel
343 1866 664 1916 delubrorum
718 1868 966 1931 mysteriis
1028 1867 1190 1916 facere
1245 1874 1451 1916 conatus
1505 1874 1606 1932 est,
1659 1866 1745 1917 ubi
1798 1883 1900 1918 non

214 1939 404 1989 theatra
451 1939 772 1990 delubrorum
819 1939 1138 1989 similitudine
1186 1939 1412 2007 absolvit,
1464 1940 1550 1989 sed
1589 1939 1899 1991 theatrorum

126 2020 182 2061 25
214 2015 380 2077 potius
442 2013 761 2062 similitudine
826 2013 1030 2063 delubra
1084 2013 1349 2079 damnavit3
1411 2020 1575 2062 tamen
1628 2012 1899 2079 utcumque

217 2092 422 2135 conatus
462 2093 562 2151 est,
601 2094 658 2136 ut
696 2102 897 2136 sensum
936 2086 1256 2135 horribilibus
1295 2086 1446 2136 rebus
1486 2087 1728 2136 offensum
1765 2088 1902 2138 velut

216 2158 512 2208 naturalium
552 2174 812 2209 causarum
851 2160 1040 2209 reddita
1079 2162 1205 2209 ratio
1245 2159 1499 2209 deleniret.

815 2272 1009 2326 CAPUT
1042 2273 1292 2326 XXXIV.

255 2364 330 2413 De
369 2365 513 2413 libris
551 2365 746 2413 Numae
786 2365 1032 2427 Pompilii,
1073 2379 1195 2426 quos
1233 2371 1454 2426 senatuS,
1493 2379 1557 2414 ne
1593 2380 1862 2416 sacrorum

127 2446 183 2486 30
344 2452 554 2499 causae,
594 2440 767 2498 quales
807 2441 859 2487 in
899 2441 971 2487 eis
1009 2439 1350 2496 habebantur,
1391 2441 1774 2501 innotescerent,

859 2514 1002 2560 iussit
1039 2514 1256 2562 incendi.

367 2597 463 2647 Sed
497 2605 666 2647 contra
693 2600 983 2664 invenim11S‚
1024 2600 1153 2647 sicut
1183 2601 1288 2663 ipse
1320 2599 1393 2646 vir
1433 2597 1746 2650 doctissimus
1784 2617 1898 2665 pro·

217 2671 361 2738 didit,
409 2671 468 2720 de
508 2671 693 2720 Numae
732 2671 959 2737 Pompilii
997 2671 1137 2720 libris
1176 2670 1391 2720 redditas
1432 2686 1687 2722 sacrorum
1726 2689 1898 2724 causas

153 546 180 594 ot,

335 2804 361 2842 3
394 2797 795 2843 conuersationem
818 2798 917 2841 ΑΚ
921 2798 988 2842 1F
1007 2800 1022 2854 [1
1048 2802 1102 2841 10
1126 2813 1246 2842 nunc
1271 2811 1352 2842 om.
1378 2798 1423 2841 A
1447 2799 1463 2854 ΙΙ
1486 2803 1541 2843 27
1566 2799 1749 2845 reddita
1778 2801 1896 2845 ratio

216 2856 407 2911 AK¹F,·
436 2857 556 2902 ratio
587 2857 769 2902 reddita
799 2857 1114 2913 K2Parr.(.9),-
1144 2857 1322 2902 ratione
1354 2857 1535 2901 reddita
1564 2858 1660 2903 K⁸v
