<?xml version="1.0" encoding="UTF-8"?>
<!DOCTYPE html PUBLIC "-//W3C//DTD XHTML 1.0 Transitional//EN"
    "http://www.w3.org/TR/xhtml1/DTD/xhtml1-transitional.dtd">
<html xmlns="http://www.w3.org/1999/xhtml" xml:lang="en" lang="en">
 <head>
  <title>
</title>
<meta http-equiv="Content-Type" content="text/html;charset=utf-8" />
  <meta name='ocr-system' content='tesseract 3.04.00' />
  <meta name='ocr-capabilities' content='ocr_page ocr_carea ocr_par ocr_line ocrx_word'/>
</head>
<body>
  <div class='ocr_page' id='page_1' title='image "./decivitatedeilib01auguuoft_0264.png"; bbox 0 0 2020 3122; ppageno 0'>
   <div class='ocr_carea' id='block_1_1' title="bbox 249 151 1258 204">
    <p class='ocr_par' dir='ltr' id='par_1_1' title="bbox 249 151 1258 204">
     <span class='ocr_line' id='line_1_1' title="bbox 249 151 1258 204; baseline -0.012 0"><span class='ocrx_word' id='word_1_1' title='bbox 249 151 357 204; x_wconf 76' lang='lat'><strong>252</strong></span> <span class='ocrx_word' id='word_1_2' title='bbox 923 161 956 194; x_wconf 82' lang='lat' dir='ltr'><strong>s,</strong></span> <span class='ocrx_word' id='word_1_3' title='bbox 981 160 1258 196; x_wconf 75' lang='lat' dir='ltr'><strong>AUGUSTm</strong></span> 
     </span>
    </p>
   </div>
   <div class='ocr_carea' id='block_1_2' title="bbox 163 271 1933 1222">
    <p class='ocr_par' dir='ltr' id='par_1_2' title="bbox 163 271 1933 1222">
     <span class='ocr_line' id='line_1_2' title="bbox 248 271 1930 340; baseline -0.001 -16"><span class='ocrx_word' id='word_1_4' title='bbox 248 277 474 325; x_wconf 89' lang='lat' dir='ltr'><strong>ficatione</strong></span> <span class='ocrx_word' id='word_1_5' title='bbox 515 281 813 340; x_wconf 88' lang='lat' dir='ltr'><strong>monstrare,</strong></span> <span class='ocrx_word' id='word_1_6' title='bbox 866 289 966 323; x_wconf 92' lang='lat' dir='ltr'><strong>non</strong></span> <span class='ocrx_word' id='word_1_7' title='bbox 1005 272 1163 323; x_wconf 89' lang='lat' dir='ltr'><strong>solum</strong></span> <span class='ocrx_word' id='word_1_8' title='bbox 1203 273 1426 322; x_wconf 88' lang='lat' dir='ltr'><strong>scribens</strong></span> <span class='ocrx_word' id='word_1_9' title='bbox 1467 272 1526 322; x_wconf 92' lang='lat' dir='ltr'><strong>de</strong></span> <span class='ocrx_word' id='word_1_10' title='bbox 1566 271 1642 322; x_wconf 89' lang='lat' dir='ltr'><strong>his</strong></span> <span class='ocrx_word' id='word_1_11' title='bbox 1681 274 1930 338; x_wconf 85' lang='lat' dir='ltr'><strong>posterius</strong></span> 
     </span>
     <span class='ocr_line' id='line_1_3' title="bbox 250 346 1931 414; baseline -0.001 -16"><span class='ocrx_word' id='word_1_12' title='bbox 250 364 396 412; x_wconf 89' lang='lat' dir='ltr'><strong>quam</strong></span> <span class='ocrx_word' id='word_1_13' title='bbox 435 348 494 397; x_wconf 92' lang='lat' dir='ltr'><strong>de</strong></span> <span class='ocrx_word' id='word_1_14' title='bbox 534 347 645 414; x_wconf 83' lang='lat' dir='ltr'><strong>illis,</strong></span> <span class='ocrx_word' id='word_1_15' title='bbox 685 348 771 397; x_wconf 86' lang='lat' dir='ltr'><strong>sed</strong></span> <span class='ocrx_word' id='word_1_16' title='bbox 804 349 952 397; x_wconf 89' lang='lat' dir='ltr'><strong>etiam</strong></span> <span class='ocrx_word' id='word_1_17' title='bbox 991 348 1231 396; x_wconf 89' lang='lat' dir='ltr'><strong>rationem</strong></span> <span class='ocrx_word' id='word_1_18' title='bbox 1270 346 1483 396; x_wconf 88' lang='lat' dir='ltr'><strong>reddens</strong></span> <span class='ocrx_word' id='word_1_19' title='bbox 1524 362 1615 395; x_wconf 87' lang='lat' dir='ltr'><strong>cur</strong></span> <span class='ocrx_word' id='word_1_20' title='bbox 1652 346 1702 395; x_wconf 92' lang='lat' dir='ltr'><strong>id</strong></span> <span class='ocrx_word' id='word_1_21' title='bbox 1742 346 1931 397; x_wconf 87' lang='lat' dir='ltr'><strong>fecerit.</strong></span> 
     </span>
     <span class='ocr_line' id='line_1_4' title="bbox 251 419 1929 488; baseline -0.001 -17"><span class='ocrx_word' id='word_1_22' title='bbox 251 423 408 480; x_wconf 88' lang='lat' dir='ltr'><strong>Quam</strong></span> <span class='ocrx_word' id='word_1_23' title='bbox 439 423 481 471; x_wconf 90' lang='lat' dir='ltr'><strong>si</strong></span> <span class='ocrx_word' id='word_1_24' title='bbox 511 423 762 488; x_wconf 83' lang='lat' dir='ltr'><strong>tacuisset,</strong></span> <span class='ocrx_word' id='word_1_25' title='bbox 801 421 941 471; x_wconf 90' lang='lat' dir='ltr'><strong>aliter</strong></span> <span class='ocrx_word' id='word_1_26' title='bbox 972 421 1065 470; x_wconf 92' lang='lat' dir='ltr'><strong>hoc</strong></span> <span class='ocrx_word' id='word_1_27' title='bbox 1105 422 1288 469; x_wconf 89' lang='lat' dir='ltr'><strong>factum</strong></span> <span class='ocrx_word' id='word_1_28' title='bbox 1330 422 1435 469; x_wconf 92' lang='lat' dir='ltr'><strong>eius</strong></span> <span class='ocrx_word' id='word_1_29' title='bbox 1474 419 1533 469; x_wconf 92' lang='lat' dir='ltr'><strong>ab</strong></span> <span class='ocrx_word' id='word_1_30' title='bbox 1574 419 1680 470; x_wconf 91' lang='lat' dir='ltr'><strong>aliis</strong></span> <span class='ocrx_word' id='word_1_31' title='bbox 1720 420 1929 470; x_wconf 84' lang='lat' dir='ltr'><strong>sortasse</strong></span> 
     </span>
     <span class='ocr_line' id='line_1_5' title="bbox 250 493 1931 560; baseline 0 -16"><span class='ocrx_word' id='word_1_32' title='bbox 250 495 615 557; x_wconf 75' lang='lat' dir='ltr'><strong>defenderetur.</strong></span> <span class='ocrx_word' id='word_1_33' title='bbox 692 495 747 543; x_wconf 91' lang='lat' dir='ltr'><strong>In</strong></span> <span class='ocrx_word' id='word_1_34' title='bbox 803 510 860 544; x_wconf 88' lang='lat' dir='ltr'><strong>ea</strong></span> <span class='ocrx_word' id='word_1_35' title='bbox 912 510 1028 543; x_wconf 87' lang='lat' dir='ltr'><strong>vero</strong></span> <span class='ocrx_word' id='word_1_36' title='bbox 1083 496 1190 559; x_wconf 88' lang='lat' dir='ltr'><strong>ipsa</strong></span> <span class='ocrx_word' id='word_1_37' title='bbox 1239 495 1453 559; x_wconf 88' lang='lat' dir='ltr'><strong>ratione,</strong></span> <span class='ocrx_word' id='word_1_38' title='bbox 1507 508 1655 557; x_wconf 89' lang='lat' dir='ltr'><strong>quam</strong></span> <span class='ocrx_word' id='word_1_39' title='bbox 1701 493 1931 560; x_wconf 83' lang='lat' dir='ltr'><strong>reddidit,</strong></span> 
     </span>
     <span class='ocr_line' id='line_1_6' title="bbox 191 566 1931 634; baseline -0.001 -16"><span class='ocrx_word' id='word_1_40' title='bbox 191 580 216 620; x_wconf 83' lang='lat'>5</span> <span class='ocrx_word' id='word_1_41' title='bbox 249 585 340 618; x_wconf 91' lang='lat' dir='ltr'><strong>nec</strong></span> <span class='ocrx_word' id='word_1_42' title='bbox 380 569 486 618; x_wconf 91' lang='lat' dir='ltr'><strong>aliis</strong></span> <span class='ocrx_word' id='word_1_43' title='bbox 526 570 789 634; x_wconf 88' lang='lat' dir='ltr'><strong>quicquam</strong></span> <span class='ocrx_word' id='word_1_44' title='bbox 828 568 1028 633; x_wconf 86' lang='lat' dir='ltr'><strong>reliquit</strong></span> <span class='ocrx_word' id='word_1_45' title='bbox 1065 583 1156 632; x_wconf 88' lang='lat' dir='ltr'><strong>pro</strong></span> <span class='ocrx_word' id='word_1_46' title='bbox 1196 566 1400 616; x_wconf 88' lang='lat' dir='ltr'><strong>arbitrio</strong></span> <span class='ocrx_word' id='word_1_47' title='bbox 1441 568 1683 631; x_wconf 87' lang='lat' dir='ltr'><strong>suspicari</strong></span> <span class='ocrx_word' id='word_1_48' title='bbox 1723 573 1772 615; x_wconf 90' lang='lat' dir='ltr'><strong>et</strong></span> <span class='ocrx_word' id='word_1_49' title='bbox 1812 569 1931 617; x_wconf 87' lang='lat' dir='ltr'><strong>satis</strong></span> 
     </span>
     <span class='ocr_line' id='line_1_7' title="bbox 248 639 1933 708; baseline -0.001 -16"><span class='ocrx_word' id='word_1_50' title='bbox 248 642 473 708; x_wconf 87' lang='lat' dir='ltr'><strong>probavit</strong></span> <span class='ocrx_word' id='word_1_51' title='bbox 501 642 725 691; x_wconf 92' lang='lat' dir='ltr'><strong>homines</strong></span> <span class='ocrx_word' id='word_1_52' title='bbox 766 657 818 691; x_wconf 91' lang='lat' dir='ltr'><strong>se</strong></span> <span class='ocrx_word' id='word_1_53' title='bbox 857 643 1202 707; x_wconf 80' lang='lat' dir='ltr'><strong>praeposuisse</strong></span> <span class='ocrx_word' id='word_1_54' title='bbox 1242 641 1484 689; x_wconf 84' lang='lat' dir='ltr'><strong>institutis</strong></span> <span class='ocrx_word' id='word_1_55' title='bbox 1522 639 1794 707; x_wconf 86' lang='lat' dir='ltr'><strong>hominum,</strong></span> <span class='ocrx_word' id='word_1_56' title='bbox 1832 656 1933 690; x_wconf 88' lang='lat' dir='ltr'><strong>non</strong></span> 
     </span>
     <span class='ocr_line' id='line_1_8' title="bbox 249 712 1933 766; baseline -0.001 -1"><span class='ocrx_word' id='word_1_57' title='bbox 249 723 475 766; x_wconf 87' lang='lat' dir='ltr'><strong>naturam</strong></span> <span class='ocrx_word' id='word_1_58' title='bbox 520 716 774 765; x_wconf 89' lang='lat' dir='ltr'><strong>hominum</strong></span> <span class='ocrx_word' id='word_1_59' title='bbox 821 722 1023 764; x_wconf 87' lang='lat' dir='ltr'><strong>naturae</strong></span> <span class='ocrx_word' id='word_1_60' title='bbox 1071 714 1290 763; x_wconf 90' lang='lat' dir='ltr'><strong>deorum.</strong></span> <span class='ocrx_word' id='word_1_61' title='bbox 1367 713 1439 762; x_wconf 86' lang='lat' dir='ltr'><strong>Ita</strong></span> <span class='ocrx_word' id='word_1_62' title='bbox 1479 728 1532 762; x_wconf 89' lang='lat' dir='ltr'><strong>se</strong></span> <span class='ocrx_word' id='word_1_63' title='bbox 1570 712 1723 762; x_wconf 85' lang='lat' dir='ltr'><strong>libros</strong></span> <span class='ocrx_word' id='word_1_64' title='bbox 1763 729 1933 764; x_wconf 88' lang='lat' dir='ltr'><strong>rerum</strong></span> 
     </span>
     <span class='ocr_line' id='line_1_9' title="bbox 250 787 1933 854; baseline -0.001 -15"><span class='ocrx_word' id='word_1_65' title='bbox 250 789 524 839; x_wconf 88' lang='lat' dir='ltr'><strong>divinarum</strong></span> <span class='ocrx_word' id='word_1_66' title='bbox 563 804 661 838; x_wconf 90' lang='lat' dir='ltr'><strong>non</strong></span> <span class='ocrx_word' id='word_1_67' title='bbox 702 789 760 838; x_wconf 91' lang='lat' dir='ltr'><strong>de</strong></span> <span class='ocrx_word' id='word_1_68' title='bbox 801 790 1004 838; x_wconf 89' lang='lat' dir='ltr'><strong>veritate</strong></span> <span class='ocrx_word' id='word_1_69' title='bbox 1046 802 1170 852; x_wconf 90' lang='lat' dir='ltr'><strong>quae</strong></span> <span class='ocrx_word' id='word_1_70' title='bbox 1209 788 1427 851; x_wconf 82' lang='lat' dir='ltr'><strong>pertinet</strong></span> <span class='ocrx_word' id='word_1_71' title='bbox 1466 787 1525 835; x_wconf 88' lang='lat' dir='ltr'><strong>ad</strong></span> <span class='ocrx_word' id='word_1_72' title='bbox 1564 794 1805 854; x_wconf 85' lang='lat' dir='ltr'><strong>naturam,</strong></span> <span class='ocrx_word' id='word_1_73' title='bbox 1846 788 1933 838; x_wconf 89' lang='lat' dir='ltr'><strong>sed</strong></span> 
     </span>
     <span class='ocr_line' id='line_1_10' title="bbox 251 861 1929 927; baseline -0.001 -14"><span class='ocrx_word' id='word_1_74' title='bbox 251 864 309 913; x_wconf 90' lang='lat' dir='ltr'><strong>de</strong></span> <span class='ocrx_word' id='word_1_75' title='bbox 350 863 557 913; x_wconf 86' lang='lat' dir='ltr'><strong>falsitate</strong></span> <span class='ocrx_word' id='word_1_76' title='bbox 591 878 714 927; x_wconf 88' lang='lat' dir='ltr'><strong>quae</strong></span> <span class='ocrx_word' id='word_1_77' title='bbox 754 863 971 927; x_wconf 85' lang='lat' dir='ltr'><strong>pertinet</strong></span> <span class='ocrx_word' id='word_1_78' title='bbox 1010 861 1069 910; x_wconf 90' lang='lat' dir='ltr'><strong>ad</strong></span> <span class='ocrx_word' id='word_1_79' title='bbox 1110 875 1333 909; x_wconf 89' lang='lat' dir='ltr'><strong>errorem</strong></span> <span class='ocrx_word' id='word_1_80' title='bbox 1372 862 1630 926; x_wconf 85' lang='lat' dir='ltr'><strong>scripsisse</strong></span> <span class='ocrx_word' id='word_1_81' title='bbox 1671 861 1929 912; x_wconf 86' lang='lat' dir='ltr'><strong>confessus</strong></span> 
     </span>
     <span class='ocr_line' id='line_1_11' title="bbox 163 934 1929 1000; baseline -0.001 -13"><span class='ocrx_word' id='word_1_82' title='bbox 163 948 218 988; x_wconf 92' lang='lat'><strong>10</strong></span> <span class='ocrx_word' id='word_1_83' title='bbox 251 945 339 986; x_wconf 87' lang='lat' dir='ltr'><strong>est.</strong></span> <span class='ocrx_word' id='word_1_84' title='bbox 418 936 557 994; x_wconf 86' lang='lat' dir='ltr'><strong>Quod</strong></span> <span class='ocrx_word' id='word_1_85' title='bbox 610 938 829 1000; x_wconf 82' lang='lat' dir='ltr'><strong>apertius</strong></span> <span class='ocrx_word' id='word_1_86' title='bbox 881 934 994 983; x_wconf 89' lang='lat' dir='ltr'><strong>alibi</strong></span> <span class='ocrx_word' id='word_1_87' title='bbox 1039 936 1235 1000; x_wconf 81' lang='lat' dir='ltr'><strong>posuit,</strong></span> <span class='ocrx_word' id='word_1_88' title='bbox 1288 935 1437 984; x_wconf 88' lang='lat' dir='ltr'><strong>sicuti</strong></span> <span class='ocrx_word' id='word_1_89' title='bbox 1482 936 1533 983; x_wconf 89' lang='lat' dir='ltr'><strong>in</strong></span> <span class='ocrx_word' id='word_1_90' title='bbox 1581 941 1756 999; x_wconf 90' lang='lat' dir='ltr'><strong>quarto</strong></span> <span class='ocrx_word' id='word_1_91' title='bbox 1802 934 1929 985; x_wconf 90' lang='lat' dir='ltr'><strong>libro</strong></span> 
     </span>
     <span class='ocr_line' id='line_1_12' title="bbox 251 1007 1930 1076; baseline -0.001 -17"><span class='ocrx_word' id='word_1_92' title='bbox 251 1011 640 1074; x_wconf 85' lang='lat' dir='ltr'><strong>commemoravi,</strong></span> <span class='ocrx_word' id='word_1_93' title='bbox 681 1025 740 1058; x_wconf 83' lang='lat' dir='ltr'><strong>ex</strong></span> <span class='ocrx_word' id='word_1_94' title='bbox 772 1015 975 1058; x_wconf 87' lang='lat' dir='ltr'><strong>naturae</strong></span> <span class='ocrx_word' id='word_1_95' title='bbox 1009 1007 1218 1057; x_wconf 85' lang='lat' dir='ltr'><strong>formula</strong></span> <span class='ocrx_word' id='word_1_96' title='bbox 1250 1023 1302 1056; x_wconf 90' lang='lat' dir='ltr'><strong>se</strong></span> <span class='ocrx_word' id='word_1_97' title='bbox 1336 1010 1640 1074; x_wconf 88' lang='lat' dir='ltr'><strong>scripturum</strong></span> <span class='ocrx_word' id='word_1_98' title='bbox 1679 1009 1847 1076; x_wconf 80' lang='lat' dir='ltr'><strong>fuisse,</strong></span> <span class='ocrx_word' id='word_1_99' title='bbox 1888 1010 1930 1058; x_wconf 89' lang='lat' dir='ltr'><strong>si</strong></span> 
     </span>
     <span class='ocr_line' id='line_1_13' title="bbox 249 1082 1932 1148; baseline 0.001 -17"><span class='ocrx_word' id='word_1_100' title='bbox 249 1091 433 1132; x_wconf 83' lang='lat' dir='ltr'><strong>novam&#39;</strong></span> <span class='ocrx_word' id='word_1_101' title='bbox 452 1084 557 1147; x_wconf 90' lang='lat' dir='ltr'><strong>ipse</strong></span> <span class='ocrx_word' id='word_1_102' title='bbox 591 1082 826 1133; x_wconf 87' lang='lat' dir='ltr'><strong>conderet</strong></span> <span class='ocrx_word' id='word_1_103' title='bbox 858 1083 1123 1148; x_wconf 81' lang='lat' dir='ltr'><strong>civitatem3</strong></span> <span class='ocrx_word' id='word_1_104' title='bbox 1166 1083 1279 1146; x_wconf 90' lang='lat' dir='ltr'><strong>quia</strong></span> <span class='ocrx_word' id='word_1_105' title='bbox 1310 1097 1426 1130; x_wconf 86' lang='lat' dir='ltr'><strong>vero</strong></span> <span class='ocrx_word' id='word_1_106' title='bbox 1465 1083 1561 1131; x_wconf 88' lang='lat' dir='ltr'><strong>iam</strong></span> <span class='ocrx_word' id='word_1_107' title='bbox 1600 1088 1820 1132; x_wconf 84' lang='lat' dir='ltr'><strong>veterem</strong></span> <span class='ocrx_word' id='word_1_108' title='bbox 1858 1084 1932 1132; x_wconf 91' lang='lat' dir='ltr'><strong>iu·</strong></span> 
     </span>
     <span class='ocr_line' id='line_1_14' title="bbox 250 1156 1883 1222; baseline 0.001 -17"><span class='ocrx_word' id='word_1_109' title='bbox 250 1163 463 1222; x_wconf 88' lang='lat' dir='ltr'><strong>venerat,</strong></span> <span class='ocrx_word' id='word_1_110' title='bbox 503 1171 602 1205; x_wconf 91' lang='lat' dir='ltr'><strong>non</strong></span> <span class='ocrx_word' id='word_1_111' title='bbox 642 1171 694 1205; x_wconf 90' lang='lat' dir='ltr'><strong>se</strong></span> <span class='ocrx_word' id='word_1_112' title='bbox 734 1157 954 1221; x_wconf 88' lang='lat' dir='ltr'><strong>potuisse</strong></span> <span class='ocrx_word' id='word_1_113' title='bbox 995 1157 1092 1206; x_wconf 88' lang='lat' dir='ltr'><strong>nisi</strong></span> <span class='ocrx_word' id='word_1_114' title='bbox 1131 1157 1237 1205; x_wconf 88' lang='lat' dir='ltr'><strong>eius</strong></span> <span class='ocrx_word' id='word_1_115' title='bbox 1277 1156 1688 1205; x_wconf 89' lang='lat' dir='ltr'><strong>consuetudinem</strong></span> <span class='ocrx_word' id='word_1_116' title='bbox 1727 1157 1883 1221; x_wconf 88' lang='lat' dir='ltr'><strong>sequi.</strong></span> 
     </span>
    </p>
   </div>
   <div class='ocr_carea' id='block_1_3' title="bbox 944 1342 1237 1397">
    <p class='ocr_par' dir='ltr' id='par_1_3' title="bbox 944 1342 1237 1397">
     <span class='ocr_line' id='line_1_15' title="bbox 944 1342 1237 1397; baseline -0.003 0"><span class='ocrx_word' id='word_1_117' title='bbox 944 1342 1138 1397; x_wconf 82' lang='lat' dir='ltr'>CAPUT</span> <span class='ocrx_word' id='word_1_118' title='bbox 1171 1343 1237 1397; x_wconf 88' lang='lat' dir='ltr'><strong>V.</strong></span> 
     </span>
    </p>
   </div>
   <div class='ocr_carea' id='block_1_4' title="bbox 164 1450 1933 1590">
    <p class='ocr_par' dir='ltr' id='par_1_4' title="bbox 164 1450 1933 1590">
     <span class='ocr_line' id='line_1_16' title="bbox 164 1450 1933 1516; baseline -0.001 -15"><span class='ocrx_word' id='word_1_119' title='bbox 164 1462 218 1501; x_wconf 88' lang='lat'><strong>15</strong></span> <span class='ocrx_word' id='word_1_120' title='bbox 251 1451 327 1500; x_wconf 87' lang='lat' dir='ltr'><strong>De</strong></span> <span class='ocrx_word' id='word_1_121' title='bbox 366 1452 527 1500; x_wconf 75' lang='lat' dir='ltr'><strong>tribus</strong></span> <span class='ocrx_word' id='word_1_122' title='bbox 555 1451 829 1512; x_wconf 70' lang='lat' dir='ltr'><strong>qeneribus</strong></span> <span class='ocrx_word' id='word_1_123' title='bbox 869 1452 1149 1512; x_wconf 70' lang='lat' dir='ltr'><strong>theoloyiae</strong></span> <span class='ocrx_word' id='word_1_124' title='bbox 1186 1451 1462 1500; x_wconf 78' lang='lat' dir='ltr'><strong>secundum</strong></span> <span class='ocrx_word' id='word_1_125' title='bbox 1506 1450 1799 1516; x_wconf 80' lang='lat' dir='ltr'><strong>Varronem,</strong></span> <span class='ocrx_word' id='word_1_126' title='bbox 1836 1453 1933 1500; x_wconf 75' lang='lat' dir='ltr'><strong>sci·</strong></span> 
     </span>
     <span class='ocr_line' id='line_1_17' title="bbox 348 1524 1828 1590; baseline -0.001 -16"><span class='ocrx_word' id='word_1_127' title='bbox 348 1527 465 1574; x_wconf 75' lang='lat' dir='ltr'><strong>lieet</strong></span> <span class='ocrx_word' id='word_1_128' title='bbox 502 1538 601 1574; x_wconf 82' lang='lat' dir='ltr'><strong>uno</strong></span> <span class='ocrx_word' id='word_1_129' title='bbox 636 1524 884 1590; x_wconf 78' lang='lat' dir='ltr'><strong>fabulose,</strong></span> <span class='ocrx_word' id='word_1_130' title='bbox 924 1527 1085 1574; x_wconf 80' lang='lat' dir='ltr'><strong>altero</strong></span> <span class='ocrx_word' id='word_1_131' title='bbox 1125 1526 1357 1574; x_wconf 75' lang='lat' dir='ltr'><strong>naturali</strong></span> <span class='ocrx_word' id='word_1_132' title='bbox 1393 1526 1641 1585; x_wconf 78' lang='lat' dir='ltr'><strong>tertioque</strong></span> <span class='ocrx_word' id='word_1_133' title='bbox 1679 1526 1828 1574; x_wconf 74' lang='lat' dir='ltr'><strong>civili.</strong></span> 
     </span>
    </p>
   </div>
   <div class='ocr_carea' id='block_1_5' title="bbox 161 1626 1934 2649">
    <p class='ocr_par' dir='ltr' id='par_1_5' title="bbox 252 1626 1934 1841">
     <span class='ocr_line' id='line_1_18' title="bbox 397 1626 1932 1692; baseline 0 -16"><span class='ocrx_word' id='word_1_134' title='bbox 397 1626 581 1676; x_wconf 90' lang='lat' dir='ltr'><strong>Deinde</strong></span> <span class='ocrx_word' id='word_1_135' title='bbox 637 1627 756 1676; x_wconf 86' lang='lat' dir='ltr'><strong>illud</strong></span> <span class='ocrx_word' id='word_1_136' title='bbox 798 1626 938 1692; x_wconf 87' lang='lat' dir='ltr'><strong>quale</strong></span> <span class='ocrx_word' id='word_1_137' title='bbox 988 1634 1083 1692; x_wconf 90' lang='lat' dir='ltr'><strong>est,</strong></span> <span class='ocrx_word' id='word_1_138' title='bbox 1132 1626 1264 1692; x_wconf 90' lang='lat' dir='ltr'><strong>quod</strong></span> <span class='ocrx_word' id='word_1_139' title='bbox 1303 1628 1399 1676; x_wconf 87' lang='lat' dir='ltr'><strong>tria</strong></span> <span class='ocrx_word' id='word_1_140' title='bbox 1438 1641 1619 1692; x_wconf 86' lang='lat' dir='ltr'><strong>genera</strong></span> <span class='ocrx_word' id='word_1_141' title='bbox 1658 1626 1932 1692; x_wconf 82' lang='lat' dir='ltr'><strong>theologiae</strong></span> 
     </span>
     <span class='ocr_line' id='line_1_19' title="bbox 252 1699 1932 1768; baseline 0 -19"><span class='ocrx_word' id='word_1_142' title='bbox 252 1700 369 1750; x_wconf 90' lang='lat' dir='ltr'><strong>dicit</strong></span> <span class='ocrx_word' id='word_1_143' title='bbox 401 1716 524 1768; x_wconf 89' lang='lat' dir='ltr'><strong>esse,</strong></span> <span class='ocrx_word' id='word_1_144' title='bbox 564 1700 613 1749; x_wconf 88' lang='lat' dir='ltr'><strong>id</strong></span> <span class='ocrx_word' id='word_1_145' title='bbox 654 1708 729 1750; x_wconf 90' lang='lat' dir='ltr'><strong>est</strong></span> <span class='ocrx_word' id='word_1_146' title='bbox 769 1702 973 1750; x_wconf 88' lang='lat' dir='ltr'><strong>rationis</strong></span> <span class='ocrx_word' id='word_1_147' title='bbox 1015 1715 1138 1766; x_wconf 91' lang='lat' dir='ltr'><strong>quae</strong></span> <span class='ocrx_word' id='word_1_148' title='bbox 1179 1700 1238 1750; x_wconf 89' lang='lat' dir='ltr'><strong>de</strong></span> <span class='ocrx_word' id='word_1_149' title='bbox 1279 1700 1372 1750; x_wconf 89' lang='lat' dir='ltr'><strong>diis</strong></span> <span class='ocrx_word' id='word_1_150' title='bbox 1412 1699 1699 1767; x_wconf 83' lang='lat' dir='ltr'><strong>explicatur,</strong></span> <span class='ocrx_word' id='word_1_151' title='bbox 1738 1715 1932 1750; x_wconf 87' lang='lat' dir='ltr'><strong>eorum-</strong></span> 
     </span>
     <span class='ocr_line' id='line_1_20' title="bbox 252 1771 1934 1841; baseline 0 -18"><span class='ocrx_word' id='word_1_152' title='bbox 252 1789 346 1838; x_wconf 86' lang='lat' dir='ltr'><strong>que</strong></span> <span class='ocrx_word' id='word_1_153' title='bbox 373 1789 527 1824; x_wconf 90' lang='lat' dir='ltr'><strong>unum</strong></span> <span class='ocrx_word' id='word_1_154' title='bbox 560 1774 810 1839; x_wconf 85' lang='lat' dir='ltr'><strong>mythicon</strong></span> <span class='ocrx_word' id='word_1_155' title='bbox 846 1771 1165 1841; x_wconf 76' lang='lat' dir='ltr'><strong>(appellari),</strong></span> <span class='ocrx_word' id='word_1_156' title='bbox 1205 1773 1416 1824; x_wconf 88' lang='lat' dir='ltr'><strong>alterum</strong></span> <span class='ocrx_word' id='word_1_157' title='bbox 1438 1773 1691 1839; x_wconf 80' lang='lat' dir='ltr'><strong>physicon,</strong></span> <span class='ocrx_word' id='word_1_158' title='bbox 1730 1775 1934 1824; x_wconf 88' lang='lat' dir='ltr'><strong>tertium</strong></span> 
     </span>
    </p>

    <p class='ocr_par' dir='ltr' id='par_1_6' title="bbox 164 1844 1934 2207">
     <span class='ocr_line' id='line_1_21' title="bbox 164 1844 1933 1915; baseline 0 -18"><span class='ocrx_word' id='word_1_159' title='bbox 164 1857 221 1897; x_wconf 83' lang='lat'><strong>20</strong></span> <span class='ocrx_word' id='word_1_160' title='bbox 254 1844 431 1897; x_wconf 77' lang='lat' dir='ltr'><strong>civile?</strong></span> <span class='ocrx_word' id='word_1_161' title='bbox 493 1847 663 1897; x_wconf 83' lang='lat' dir='ltr'><strong>Latine</strong></span> <span class='ocrx_word' id='word_1_162' title='bbox 713 1849 755 1897; x_wconf 89' lang='lat' dir='ltr'><strong>si</strong></span> <span class='ocrx_word' id='word_1_163' title='bbox 793 1863 916 1897; x_wconf 88' lang='lat' dir='ltr'><strong>usus</strong></span> <span class='ocrx_word' id='word_1_164' title='bbox 956 1847 1258 1915; x_wconf 88' lang='lat' dir='ltr'><strong>admitteret,</strong></span> <span class='ocrx_word' id='word_1_165' title='bbox 1314 1863 1492 1914; x_wconf 85' lang='lat' dir='ltr'><strong>genus,</strong></span> <span class='ocrx_word' id='word_1_166' title='bbox 1547 1847 1678 1912; x_wconf 91' lang='lat' dir='ltr'><strong>quod</strong></span> <span class='ocrx_word' id='word_1_167' title='bbox 1717 1850 1933 1913; x_wconf 88' lang='lat' dir='ltr'><strong>primum</strong></span> 
     </span>
     <span class='ocr_line' id='line_1_22' title="bbox 250 1920 1934 1987; baseline 0.001 -18"><span class='ocrx_word' id='word_1_168' title='bbox 250 1923 437 1987; x_wconf 89' lang='lat' dir='ltr'><strong>posuit,</strong></span> <span class='ocrx_word' id='word_1_169' title='bbox 485 1920 702 1971; x_wconf 88' lang='lat' dir='ltr'><strong>fabulare</strong></span> <span class='ocrx_word' id='word_1_170' title='bbox 750 1921 1131 1987; x_wconf 72' lang='lat' dir='ltr'><strong>appellaremus,</strong></span> <span class='ocrx_word' id='word_1_171' title='bbox 1185 1921 1270 1971; x_wconf 89' lang='lat' dir='ltr'><strong>sed</strong></span> <span class='ocrx_word' id='word_1_172' title='bbox 1310 1921 1588 1970; x_wconf 85' lang='lat' dir='ltr'><strong>fabulosum</strong></span> <span class='ocrx_word' id='word_1_173' title='bbox 1626 1921 1867 1987; x_wconf 83' lang='lat' dir='ltr'><strong>dicamus3</strong></span> <span class='ocrx_word' id='word_1_174' title='bbox 1907 1936 1934 1970; x_wconf 93' lang='lat' dir='ltr'><strong>a</strong></span> 
     </span>
     <span class='ocr_line' id='line_1_23' title="bbox 252 1993 1932 2062; baseline 0.001 -20"><span class='ocrx_word' id='word_1_175' title='bbox 252 1993 427 2043; x_wconf 87' lang='lat' dir='ltr'><strong>fabulis</strong></span> <span class='ocrx_word' id='word_1_176' title='bbox 467 1997 598 2043; x_wconf 90' lang='lat' dir='ltr'><strong>enim</strong></span> <span class='ocrx_word' id='word_1_177' title='bbox 637 1995 886 2060; x_wconf 84' lang='lat' dir='ltr'><strong>mythicon</strong></span> <span class='ocrx_word' id='word_1_178' title='bbox 926 1996 1112 2044; x_wconf 91' lang='lat' dir='ltr'><strong>dictum</strong></span> <span class='ocrx_word' id='word_1_179' title='bbox 1153 2002 1242 2062; x_wconf 90' lang='lat' dir='ltr'><strong>est,</strong></span> <span class='ocrx_word' id='word_1_180' title='bbox 1283 1997 1514 2060; x_wconf 89' lang='lat' dir='ltr'><strong>quoniam</strong></span> <span class='ocrx_word' id='word_1_181' title='bbox 1553 1997 1716 2059; x_wconf 82' lang='grc' dir='ltr'><em>μῦθος</em></span> <span class='ocrx_word' id='word_1_182' title='bbox 1747 1994 1932 2044; x_wconf 87' lang='lat' dir='ltr'><strong>Graece</strong></span> 
     </span>
     <span class='ocr_line' id='line_1_24' title="bbox 253 2066 1933 2134; baseline 0.001 -19"><span class='ocrx_word' id='word_1_183' title='bbox 253 2066 414 2116; x_wconf 84' lang='lat' dir='ltr'><strong>fabula</strong></span> <span class='ocrx_word' id='word_1_184' title='bbox 439 2067 633 2118; x_wconf 84' lang='lat' dir='ltr'><strong>dicitur.</strong></span> <span class='ocrx_word' id='word_1_185' title='bbox 713 2068 998 2118; x_wconf 90' lang='lat' dir='ltr'><strong>Secundum</strong></span> <span class='ocrx_word' id='word_1_186' title='bbox 1030 2075 1195 2118; x_wconf 89' lang='lat' dir='ltr'><strong>autem</strong></span> <span class='ocrx_word' id='word_1_187' title='bbox 1235 2076 1289 2118; x_wconf 91' lang='lat' dir='ltr'><strong>ut</strong></span> <span class='ocrx_word' id='word_1_188' title='bbox 1328 2068 1549 2118; x_wconf 88' lang='lat' dir='ltr'><strong>naturale</strong></span> <span class='ocrx_word' id='word_1_189' title='bbox 1590 2068 1797 2134; x_wconf 88' lang='lat' dir='ltr'><strong>dicatur,</strong></span> <span class='ocrx_word' id='word_1_190' title='bbox 1837 2070 1933 2118; x_wconf 87' lang='lat' dir='ltr'><strong>iam</strong></span> 
     </span>
     <span class='ocr_line' id='line_1_25' title="bbox 253 2140 1931 2207; baseline 0.002 -19"><span class='ocrx_word' id='word_1_191' title='bbox 253 2146 302 2188; x_wconf 92' lang='lat' dir='ltr'><strong>et</strong></span> <span class='ocrx_word' id='word_1_192' title='bbox 357 2140 662 2190; x_wconf 89' lang='lat' dir='ltr'><strong>consuetudo</strong></span> <span class='ocrx_word' id='word_1_193' title='bbox 716 2140 979 2191; x_wconf 89' lang='lat' dir='ltr'><strong>locutionis</strong></span> <span class='ocrx_word' id='word_1_194' title='bbox 1035 2142 1259 2192; x_wconf 90' lang='lat' dir='ltr'><strong>admittit.</strong></span> <span class='ocrx_word' id='word_1_195' title='bbox 1345 2142 1571 2192; x_wconf 87' lang='lat' dir='ltr'><strong>Tertium</strong></span> <span class='ocrx_word' id='word_1_196' title='bbox 1624 2143 1769 2191; x_wconf 88' lang='lat' dir='ltr'><strong>etiam</strong></span> <span class='ocrx_word' id='word_1_197' title='bbox 1824 2143 1931 2207; x_wconf 88' lang='lat' dir='ltr'><strong>ipse</strong></span> 
     </span>
    </p>

    <p class='ocr_par' dir='ltr' id='par_1_7' title="bbox 163 2211 1933 2574">
     <span class='ocr_line' id='line_1_26' title="bbox 163 2211 1933 2282; baseline 0 -18"><span class='ocrx_word' id='word_1_198' title='bbox 163 2223 219 2264; x_wconf 80' lang='lat'><strong>25</strong></span> <span class='ocrx_word' id='word_1_199' title='bbox 252 2211 422 2262; x_wconf 87' lang='lat' dir='ltr'><strong>Latine</strong></span> <span class='ocrx_word' id='word_1_200' title='bbox 449 2216 734 2281; x_wconf 87' lang='lat' dir='ltr'><strong>enuntiavit,</strong></span> <span class='ocrx_word' id='word_1_201' title='bbox 772 2215 903 2279; x_wconf 90' lang='lat' dir='ltr'><strong>quod</strong></span> <span class='ocrx_word' id='word_1_202' title='bbox 935 2215 1074 2264; x_wconf 91' lang='lat' dir='ltr'><strong>civile</strong></span> <span class='ocrx_word' id='word_1_203' title='bbox 1106 2216 1390 2281; x_wconf 87' lang='lat' dir='ltr'><strong>appellatur.</strong></span> <span class='ocrx_word' id='word_1_204' title='bbox 1459 2215 1644 2265; x_wconf 90' lang='lat' dir='ltr'><strong>Deinde</strong></span> <span class='ocrx_word' id='word_1_205' title='bbox 1678 2217 1766 2264; x_wconf 88' lang='lat' dir='ltr'><strong>ait:</strong></span> <span class='ocrx_word' id='word_1_206' title='bbox 1802 2213 1933 2282; x_wconf 89' lang='lat' dir='ltr'><strong>„My-</strong></span> 
     </span>
     <span class='ocr_line' id='line_1_27' title="bbox 251 2286 1933 2355; baseline 0.002 -21"><span class='ocrx_word' id='word_1_207' title='bbox 251 2286 419 2335; x_wconf 92' lang='lat' dir='ltr'><strong>thicon</strong></span> <span class='ocrx_word' id='word_1_208' title='bbox 467 2287 730 2353; x_wconf 90' lang='lat' dir='ltr'><strong>appellant,</strong></span> <span class='ocrx_word' id='word_1_209' title='bbox 780 2303 876 2352; x_wconf 91' lang='lat' dir='ltr'><strong>quo</strong></span> <span class='ocrx_word' id='word_1_210' title='bbox 925 2291 1131 2338; x_wconf 85' lang='lat' dir='ltr'><strong>maxime</strong></span> <span class='ocrx_word' id='word_1_211' title='bbox 1179 2296 1389 2339; x_wconf 89' lang='lat' dir='ltr'><strong>utuntur</strong></span> <span class='ocrx_word' id='word_1_212' title='bbox 1436 2295 1632 2355; x_wconf 83' lang='lat' dir='ltr'><strong>poetae3</strong></span> <span class='ocrx_word' id='word_1_213' title='bbox 1678 2288 1933 2355; x_wconf 91' lang='lat' dir='ltr'><strong>physicon,</strong></span> 
     </span>
     <span class='ocr_line' id='line_1_28' title="bbox 252 2359 1932 2428; baseline 0.002 -20"><span class='ocrx_word' id='word_1_214' title='bbox 252 2375 349 2423; x_wconf 90' lang='lat' dir='ltr'><strong>quo</strong></span> <span class='ocrx_word' id='word_1_215' title='bbox 379 2359 678 2426; x_wconf 82' lang='lat' dir='ltr'><strong>philosophi3</strong></span> <span class='ocrx_word' id='word_1_216' title='bbox 719 2361 873 2427; x_wconf 90' lang='lat' dir='ltr'><strong>civile,</strong></span> <span class='ocrx_word' id='word_1_217' title='bbox 913 2377 1008 2426; x_wconf 91' lang='lat' dir='ltr'><strong>quo</strong></span> <span class='ocrx_word' id='word_1_218' title='bbox 1041 2362 1223 2428; x_wconf 90' lang='lat' dir='ltr'><strong>populi.</strong></span> <span class='ocrx_word' id='word_1_219' title='bbox 1299 2363 1535 2428; x_wconf 86' lang='lat' dir='ltr'><strong>Primum,</strong></span> <span class='ocrx_word' id='word_1_220' title='bbox 1574 2363 1760 2428; x_wconf 89' lang='lat' dir='ltr'><strong>inquit,</strong></span> <span class='ocrx_word' id='word_1_221' title='bbox 1801 2361 1932 2428; x_wconf 88' lang='lat' dir='ltr'><strong>quod</strong></span> 
     </span>
     <span class='ocr_line' id='line_1_29' title="bbox 252 2433 1930 2500; baseline 0.002 -19"><span class='ocrx_word' id='word_1_222' title='bbox 252 2433 371 2499; x_wconf 83' lang='lat' dir='ltr'><strong>dixi,</strong></span> <span class='ocrx_word' id='word_1_223' title='bbox 418 2435 468 2482; x_wconf 91' lang='lat' dir='ltr'><strong>in</strong></span> <span class='ocrx_word' id='word_1_224' title='bbox 517 2449 574 2482; x_wconf 91' lang='lat' dir='ltr'><strong>eo</strong></span> <span class='ocrx_word' id='word_1_225' title='bbox 622 2441 738 2483; x_wconf 89' lang='lat' dir='ltr'><strong>sunt</strong></span> <span class='ocrx_word' id='word_1_226' title='bbox 777 2435 930 2483; x_wconf 88' lang='lat' dir='ltr'><strong>multa</strong></span> <span class='ocrx_word' id='word_1_227' title='bbox 969 2442 1141 2484; x_wconf 87' lang='lat' dir='ltr'><strong>contra</strong></span> <span class='ocrx_word' id='word_1_228' title='bbox 1180 2435 1467 2500; x_wconf 83' lang='lat' dir='ltr'><strong>dignitatem</strong></span> <span class='ocrx_word' id='word_1_229' title='bbox 1506 2441 1555 2484; x_wconf 92' lang='lat' dir='ltr'><strong>et</strong></span> <span class='ocrx_word' id='word_1_230' title='bbox 1593 2441 1818 2485; x_wconf 89' lang='lat' dir='ltr'><strong>naturam</strong></span> <span class='ocrx_word' id='word_1_231' title='bbox 1857 2438 1930 2485; x_wconf 92' lang='lat' dir='ltr'><strong>in-</strong></span> 
     </span>
     <span class='ocr_line' id='line_1_30' title="bbox 251 2506 1931 2574; baseline 0.003 -20"><span class='ocrx_word' id='word_1_232' title='bbox 251 2506 529 2556; x_wconf 90' lang='lat' dir='ltr'><strong>mortalium</strong></span> <span class='ocrx_word' id='word_1_233' title='bbox 575 2508 700 2557; x_wconf 88' lang='lat' dir='ltr'><strong>ficta.</strong></span> <span class='ocrx_word' id='word_1_234' title='bbox 778 2507 831 2556; x_wconf 91' lang='lat' dir='ltr'><strong>In</strong></span> <span class='ocrx_word' id='word_1_235' title='bbox 878 2507 971 2557; x_wconf 89' lang='lat' dir='ltr'><strong>hoc</strong></span> <span class='ocrx_word' id='word_1_236' title='bbox 1012 2510 1143 2557; x_wconf 89' lang='lat' dir='ltr'><strong>enim</strong></span> <span class='ocrx_word' id='word_1_237' title='bbox 1183 2515 1278 2574; x_wconf 87' lang='lat' dir='ltr'><strong>est,</strong></span> <span class='ocrx_word' id='word_1_238' title='bbox 1327 2515 1382 2558; x_wconf 90' lang='lat' dir='ltr'><strong>ut</strong></span> <span class='ocrx_word' id='word_1_239' title='bbox 1429 2507 1550 2558; x_wconf 89' lang='lat' dir='ltr'><strong>deus</strong></span> <span class='ocrx_word' id='word_1_240' title='bbox 1591 2508 1714 2558; x_wconf 89' lang='lat' dir='ltr'><strong>alius</strong></span> <span class='ocrx_word' id='word_1_241' title='bbox 1755 2524 1815 2558; x_wconf 84' lang='lat' dir='ltr'><strong>ex</strong></span> <span class='ocrx_word' id='word_1_242' title='bbox 1854 2524 1931 2559; x_wconf 86' lang='lat' dir='ltr'><strong>ca·</strong></span> 
     </span>
    </p>

    <p class='ocr_par' dir='ltr' id='par_1_8' title="bbox 161 2580 1929 2649">
     <span class='ocr_line' id='line_1_31' title="bbox 161 2580 1929 2649; baseline 0.001 -19"><span class='ocrx_word' id='word_1_243' title='bbox 161 2590 219 2630; x_wconf 86' lang='lat'><strong>30</strong></span> <span class='ocrx_word' id='word_1_244' title='bbox 251 2581 366 2646; x_wconf 88' lang='lat' dir='ltr'><strong>pite,</strong></span> <span class='ocrx_word' id='word_1_245' title='bbox 406 2580 529 2630; x_wconf 89' lang='lat' dir='ltr'><strong>alius</strong></span> <span class='ocrx_word' id='word_1_246' title='bbox 569 2596 629 2630; x_wconf 77' lang='lat' dir='ltr'><strong>ex</strong></span> <span class='ocrx_word' id='word_1_247' title='bbox 667 2580 853 2630; x_wconf 81' lang='lat' dir='ltr'><strong>femore</strong></span> <span class='ocrx_word' id='word_1_248' title='bbox 896 2583 972 2646; x_wconf 89' lang='lat' dir='ltr'><strong>sit,</strong></span> <span class='ocrx_word' id='word_1_249' title='bbox 1013 2581 1137 2631; x_wconf 90' lang='lat' dir='ltr'><strong>alius</strong></span> <span class='ocrx_word' id='word_1_250' title='bbox 1177 2596 1237 2631; x_wconf 82' lang='lat' dir='ltr'><strong>ex</strong></span> <span class='ocrx_word' id='word_1_251' title='bbox 1276 2583 1428 2646; x_wconf 86' lang='lat' dir='ltr'><strong>guttis</strong></span> <span class='ocrx_word' id='word_1_252' title='bbox 1470 2584 1721 2646; x_wconf 87' lang='lat' dir='ltr'><strong>sanguinis</strong></span> <span class='ocrx_word' id='word_1_253' title='bbox 1762 2589 1929 2649; x_wconf 71' lang='lat' dir='ltr'><strong>natus,</strong></span> 
     </span>
    </p>
   </div>
   <div class='ocr_carea' id='block_1_6' title="bbox 370 2721 625 2777">
    <p class='ocr_par' dir='ltr' id='par_1_9' title="bbox 370 2721 625 2777">
     <span class='ocr_line' id='line_1_32' title="bbox 370 2721 625 2777; baseline 0.004 -12"><span class='ocrx_word' id='word_1_254' title='bbox 370 2723 441 2777; x_wconf 92' lang='lat'><strong>10)</strong></span> <span class='ocrx_word' id='word_1_255' title='bbox 473 2721 521 2767; x_wconf 85' lang='lat' dir='ltr'><strong>c.</strong></span> <span class='ocrx_word' id='word_1_256' title='bbox 554 2726 625 2767; x_wconf 88' lang='lat'><strong>31.</strong></span> 
     </span>
    </p>
   </div>
   <div class='ocr_carea' id='block_1_7' title="bbox 371 2883 873 2940">
    <p class='ocr_par' dir='ltr' id='par_1_10' title="bbox 371 2883 873 2940">
     <span class='ocr_line' id='line_1_33' title="bbox 371 2883 873 2940; baseline 0.004 -13"><span class='ocrx_word' id='word_1_257' title='bbox 371 2887 423 2927; x_wconf 89' lang='lat'><strong>19</strong></span> <span class='ocrx_word' id='word_1_258' title='bbox 457 2883 685 2940; x_wconf 83' lang='lat' dir='ltr'><strong>appellari</strong></span> <span class='ocrx_word' id='word_1_259' title='bbox 716 2897 797 2928; x_wconf 89' lang='lat' dir='ltr'><strong>om.</strong></span> <span class='ocrx_word' id='word_1_260' title='bbox 834 2883 873 2929; x_wconf 80' lang='lat' dir='ltr'><em>O</em></span> 
     </span>
    </p>
   </div>
  </div>
 </body>
</html>
