2020 3122
176 1077 230 1116 10

176 1474 229 1512 15

174 1843 230 1881 20

174 2206 231 2247 25

174 2574 232 2614 30

262 149 369 200 442
949 160 982 191 5.
1007 159 1105 193 AUG
1114 159 1279 193 USTINI

262 273 382 322 haec
422 273 643 337 deposita
684 270 890 335 maligna
941 271 1269 321 obstinatione
1311 272 1612 338 considerat,
1659 287 1830 321 omnes
1870 273 1946 321 in·

262 346 493 396 mortales
546 345 700 410 beati,
753 346 838 408 qui
887 344 1031 394 nohis
1081 361 1179 394 non
1226 345 1446 394 invident
1496 339 1682 411 (neque
1733 347 1864 394 enim
1903 347 1946 396 si

262 420 563 484 inviderent,
614 425 781 467 essent
819 414 1004 485 beati),
1055 419 1141 468 sed
1181 420 1345 483 potius
1386 433 1476 466 nos
1516 418 1750 483 diligunt,
1801 424 1858 468 ut
1897 425 1947 469 et

262 508 352 541 nos
393 507 506 542 cum
545 494 664 557 ipsis
704 491 833 540 beati
874 494 1054 558 51111115,
1092 493 1204 556 plus
1244 491 1384 539 nobis
1428 492 1614 558 favent,
1659 492 1771 556 plus
1811 492 1944 542 adiu·

265 573 404 632 vant,
459 566 652 631 quando
693 581 848 614 unum
886 565 1043 614 Deum
1083 580 1195 614 cum
1234 564 1329 613 illis
1369 565 1597 631 colimus,
1650 565 1847 614 Patrem
1898 573 1947 616 et

262 640 439 689 Filium
486 646 535 688 et
590 639 829 703 Spiritum
880 646 1126 704 sanctum,
1186 653 1332 702 quam
1402 640 1443 687 si
1511 654 1596 688 eos
1657 640 1791 704 ipsos
1853 654 1943 704 per

263 714 501 762 sacrificia
541 713 829 762 coleremus.

884 885 1081 938 CAPUT
1115 885 1312 938 XXVI.

264 996 339 1044 De
386 995 726 1043 inconstantia
775 993 1055 1054 Porphyrii
1100 994 1232 1041 inter
1279 991 1641 1054 confessionem
1692 995 1803 1043 veri
1852 993 1952 1043 Dee·

406 1083 419 1091 ⁴
624 1071 672 1114 et
710 1069 898 1114 cultum
938 1067 1235 1115 daemonum
1268 1068 1583 1126 fluctuantis,

408 1169 584 1218 Nescio
620 1184 716 1232 quo
751 1168 894 1217 modo
929 1162 1192 1234 (quantum
1225 1169 1345 1218 mihi
1376 1163 1593 1235 videtur)
1635 1171 1803 1219 amicis
1845 1171 1947 1219 suis

262 1241 483 1307 theurgis
547 1241 872 1291 erubescebat
932 1242 1252 1307 Porphyrius.
1340 1242 1461 1291 Nam
1522 1244 1617 1292 ista
1678 1250 1947 1307 utcumque

263 1316 493 1382 sapiebat,
535 1316 620 1365 sed
661 1323 832 1365 contra
872 1315 1141 1365 multorum
1182 1316 1389 1365 deorum
1428 1316 1616 1365 cultum
1655 1332 1754 1365 non
1793 1316 1946 1366 libere

265 1389 571 1439 defendebat.
649 1389 711 1439 Et
743 1389 941 1454 angelos
975 1391 1156 1454 quippe
1198 1390 1317 1439 alios
1358 1405 1466 1439 esse
1507 1390 1642 1455 dixit,
1683 1392 1769 1455 qui
1808 1389 1947 1439 deor·

263 1479 371 1513 sum
424 1463 780 1512 descendentes
835 1463 1117 1512 hominibus
1171 1464 1442 1528 theurgicis
1508 1463 1669 1513 divina
1729 1479 1946 1528 pronun-

262 1540 406 1602 tient3
446 1537 565 1586 alios
605 1544 782 1604 autem,
831 1539 917 1602 qui
955 1539 1006 1586 in
1045 1539 1192 1586 terris
1234 1553 1303 1604 ea,
1345 1553 1468 1602 quae
1508 1537 1669 1586 Patris
1709 1544 1846 1604 sunt,
1900 1544 1949 1587 et

263 1610 568 1660 altitudinem
608 1613 714 1660 eius
761 1611 1246 1676 profunditatemque
1288 1611 1554 1660 declarent.
1630 1611 1759 1660 Num
1797 1613 1950 1675 igitur

262 1685 351 1732 hos
383 1684 594 1749 angeIOS,
635 1700 848 1749 quorum
873 1686 1202 1734 ministerium
1242 1691 1317 1734 est
1357 1684 1607 1734 declarare
1647 1684 1948 1734 voluntatem

261 1757 436 1824 PatriS,
476 1758 778 1807 credendum
811 1765 886 1807 est
917 1758 1039 1807 velle
1072 1774 1163 1807 nos
1204 1758 1348 1808 subdi
1386 1760 1482 1807 nisi
1522 1761 1582 1823 ei,
1622 1760 1764 1807 cuius
1803 1757 1946 1807 nobis

264 1831 554 1880 adnuntiant
593 1830 929 1881 voluntatem?
983 1832 1122 1881 Unde
1163 1834 1347 1897 optime
1388 1832 1617 1881 admonet
1657 1834 1801 1881 etiam
1842 1833 1946 1897 ipse

262 1904 542 1955 Platonicus
592 1906 852 1955 imitandos
905 1921 990 1955 eos
1040 1907 1205 1971 potius
1255 1921 1400 1970 quam
1450 1906 1762 1955 invocandos,
1839 1905 1947 1954 Non

261 1980 426 2042 itaque
467 1978 703 2028 debemus
736 1987 972 2041 metuere,
1013 1995 1074 2029 ne
1113 1979 1399 2028 inmortales
1440 1987 1491 2028 et
1527 1979 1697 2028 beatos
1737 1981 1824 2028 uni
1847 1978 1947 2028 Deo

264 2051 487 2101 subditos
519 2067 618 2100 non
643 2055 714 2101 615
748 2053 1066 2102 sacrificando
1099 2053 1417 2102 offendamus,
1496 2052 1638 2110 Quod
1679 2054 1809 2102 enim
1848 2067 1948 2102 non

263 2126 360 2173 nisi
398 2127 484 2174 uni
530 2141 645 2174 vero
693 2127 793 2175 Deo
845 2127 1015 2176 deberi
1062 2129 1247 2194 sciunt,
1296 2129 1377 2176 cui
1416 2133 1465 2175 et
1503 2128 1599 2191 ipsi
1638 2126 1947 2176 adhaerendo

264 2197 395 2246 beati
443 2205 579 2264 sunt,
632 2200 805 2263 procul
854 2200 1002 2249 dubio
1051 2215 1211 2265 neque
1258 2215 1348 2265 per
1394 2200 1542 2249 ullam
1589 2201 1947 2264 significantem

264 2272 496 2337 figuram,
551 2287 710 2336 neque
762 2289 851 2337 per
901 2275 1058 2338 ipsam
1098 2289 1200 2323 rem
1215 2314 1228 2340 7
1276 2289 1400 2338 quae
1440 2275 1759 2323 sacramentis
1800 2275 1947 2338 signi·

263 2345 459 2410 ficatur,
507 2345 599 2394 sibi
649 2346 869 2394 exhiberi
915 2347 1098 2396 volunt.
1175 2347 1477 2396 Daemonum
1526 2354 1602 2396 est
1652 2346 1773 2396 haec
1813 2362 1945 2396 arro-

264 2421 426 2483 gantia
473 2418 801 2483 superborum
850 2426 995 2483 atque
1042 2422 1362 2487 miserorum,
1408 2436 1434 2469 a
1474 2420 1653 2485 quibus
1692 2420 1836 2485 longe
1875 2419 1946 2469 di-

262 2508 405 2540 versa
453 2499 527 2540 cst
573 2494 728 2557 pietas
777 2492 1087 2542 subditorum
1136 2493 1235 2542 Deo
1292 2509 1382 2542 nec
1430 2493 1625 2543 aliunde
1678 2509 1823 2558 quam
1878 2493 1948 2542 illi

266 2565 573 2614 cohaerendo
636 2565 907 2615 beatorum.
999 2566 1071 2615 Ad
1135 2567 1264 2631 quod
1327 2566 1513 2617 1101111111
1573 2567 1948 2632 percipiendum

264 2642 411 2688 etiam
451 2639 592 2688 nohis
632 2642 823 2688 sincera
862 2639 1162 2703 benignitate
1203 2646 1398 2704 oportet
1437 2647 1491 2689 ut
1531 2641 1745 2705 faveant,
1785 2654 1962 2704 neque„

265 2712 358 2761 sibi
389 2719 620 2777 arrogent
652 2729 748 2777 quo
782 2715 851 2762 eis
886 2712 1201 2779 subiciamur,
1242 2713 1326 2762 sed
1370 2729 1482 2762 eum
1523 2714 1814 2763 adnuntient
1853 2703 1971 2762 suhx

385 2890 436 2927 12
469 2884 723 2942 theurgicis
756 2884 966 2941 AF1132
1001 2885 1123 2939 quod
1155 2885 1199 2927 A
