2020 3122
189 999 243 1039 10

190 1365 243 1404 15

191 1732 247 1772 20

190 2097 249 2136 25

271 101 379 153 562
941 111 975 144 S.
1000 111 1275 146 AUGUSTINI

967 263 1159 318 CAPUT
1201 264 1266 317 V.

282 373 427 430 Quod
462 374 595 420 sieut
633 373 796 432 iniqui
831 374 961 421 male
1000 377 1212 422 utuntur
1252 375 1373 434 leffe,
1414 387 1545 432 quae
1585 373 1714 420 bona
1755 376 1840 432 est,
1881 374 1957 420 ita

504 446 624 493 iusti
662 446 785 494 bene
824 450 1036 494 utantur
1074 451 1256 506 morte,
1298 460 1428 506 quae
1467 448 1600 494 mala
1641 450 1725 494 est.

423 546 687 612 Apostolus
735 563 849 596 cum
895 547 1040 597 vellet
1091 548 1374 613 ostendere,
1424 554 1661 610 quantum
1699 554 1956 611 peccatum

275 622 429 685 gratia
467 635 566 668 non
600 620 920 670 subveniente
962 622 1019 669 ad
1061 621 1340 669 nocendum
1379 620 1576 686 valeret,
1615 622 1761 669 etiam
1799 623 1955 686 ipsam

274 694 447 760 legem,
487 709 582 758 qua
612 694 905 759 prohibetur
936 699 1208 763 peccatum,
1247 709 1347 742 non
1379 693 1618 743 dubitavit
1657 694 1822 743 dicere
1863 696 1957 743 vir·

273 774 429 817 tutem
463 782 570 816 esse
602 770 805 832 peccati.
882 769 1115 828 AculeuS,
1155 769 1329 831 inquit,
1369 771 1544 817 mortis
1569 774 1642 817 est
1673 773 1957 830 peceatum,

273 844 434 890 virtus
473 847 639 890 autem
663 844 871 903 peccati
899 844 995 890 lex.
1058 840 1321 890 Verissime
1355 843 1567 890 omnin0.
1629 841 1788 905 Auget
1827 843 1983 898 enim¹

273 913 539 979 prohibitio
580 914 879 963 desiderium
928 916 1092 978 operis
1131 914 1329 980 inliciti,
1382 914 1574 978 quando
1623 916 1810 964 iustitia
1858 929 1957 963 non

277 990 347 1036 sic
395 987 635 1053 diligitur,
682 995 738 1036 ut
786 988 1025 1051 peccandi
1065 988 1306 1052 cupiditas
1346 990 1453 1037 eius
1493 987 1815 1037 delectatione
1855 989 1956 1036 vin-

277 1057 441 1110 catur.'
506 1059 570 1109 Ut
617 1067 782 1110 autem
828 1060 1057 1125 diligatur
1104 1068 1154 1110 et
1193 1061 1404 1110 delectet
1451 1077 1565 1110 vera
1602 1063 1811 1127 iustitia,
1858 1076 1958 1110 non

275 1136 371 1183 nisi
418 1134 579 1182 divina
627 1133 854 1183 subvenit
901 1137 1069 1198 gratia.
1149 1134 1244 1183 Sed
1291 1150 1354 1183 ne
1400 1141 1663 1199 propterea
1702 1134 1780 1183 lex
1818 1140 1957 1199 puta·

275 1214 415 1257 retur
454 1207 658 1273 malum,
698 1209 930 1271 quoniam
967 1210 1123 1257 virtus
1163 1214 1239 1257 est
1278 1208 1407 1257 dicta
1444 1210 1656 1272 peccati:
1702 1208 1812 1257 ideo
1851 1209 1959 1272 ipse

277 1281 368 1329 alio
408 1281 516 1329 loco
556 1295 758 1330 versans
790 1281 937 1330 huius
975 1281 1108 1330 modi
1147 1284 1509 1345 quaestionem:
1549 1283 1742 1343 Itaque,
1782 1283 1959 1346 inquit,

277 1358 360 1404 lex
410 1356 609 1423 quidem
655 1359 837 1404 sancta
885 1361 933 1404 et
978 1357 1270 1404 mandatum
1316 1361 1546 1404 sanctum
1593 1361 1643 1404 et
1690 1358 1873 1404 iustum
1912 1361 1962 1403 et
2011 1400 2015 1404 .

278 1430 471 1477 bonum.
556 1429 704 1487 Quod
746 1442 868 1488 erqo
908 1429 1089 1477 bonum
1128 1435 1221 1488 est,
1268 1430 1450 1494 inquit,
1496 1431 1620 1477 mihi
1651 1427 1848 1489 factum
1888 1434 1963 1477 est

278 1503 445 1550 mors?
506 1502 659 1549 Absit.
723 1501 827 1549 Sed
849 1507 1131 1563 peecatum,
1171 1508 1228 1550 ut
1265 1508 1517 1564 appareat
1548 1508 1830 1566 peccatum,
1863 1517 1961 1564 per

279 1576 460 1623 bonum
499 1576 623 1622 mihi
658 1579 921 1636 operatum
961 1581 1034 1623 est
1070 1580 1299 1641 mortem,
1349 1581 1406 1623 ut
1437 1578 1534 1634 fiat
1570 1590 1724 1638 super
1762 1577 1960 1624 modum

274 1652 520 1709 peccator
574 1652 665 1695 aut
706 1654 980 1709 peceatum
1019 1663 1118 1709 per
1163 1651 1467 1697 mandatum.
1547 1649 1713 1710 Super
1761 1649 1959 1697 modum

280 1721 417 1786 dixit,
449 1722 562 1784 quia
595 1722 740 1770 etiam
772 1722 1123 1785 praevaricatio
1157 1720 1366 1786 additur,
1406 1736 1519 1770 cum
1550 1721 1787 1786 peccandi
1819 1726 1960 1770 aucta

279 1793 481 1842 libidine
537 1795 682 1842 etiam
733 1793 812 1842 lex
861 1795 967 1858 ipsa
1022 1796 1369 1844 contemnitur.
1447 1793 1546 1843 Cur
1598 1794 1692 1843 hoc
1748 1809 1958 1843 comme-

280 1867 571 1916 morandum
621 1864 936 1931 putavimus?
992 1866 1115 1924 Quia
1165 1867 1378 1932 scilicet,
1430 1869 1559 1916 sicut
1607 1867 1686 1916 lex
1734 1882 1835 1916 non
1885 1873 1961 1915 est

280 1940 491 2006 malum,
546 1940 738 2004 quando
794 1946 940 2004 auget
991 1943 1304 2004 peccantium
1357 1943 1832 2006 concupiscentiam,
1894 1942 1959 1989 ita

280 2029 373 2063 nec
422 2029 555 2062 mors
602 2013 788 2062 honum
839 2019 939 2079 est,
994 2014 1188 2077 quando
1229 2021 1374 2078 auget
1411 2016 1703 2078 patientium
1742 2013 1960 2078 gloriam,

284 2103 395 2136 cum
446 2087 521 2134 vel
569 2086 649 2135 illa
693 2102 785 2151 pro
831 2088 1090 2150 iniquitate
1139 2087 1386 2136 deseritur
1433 2094 1481 2136 et
1528 2088 1678 2136 efficit
1715 2088 1958 2151 praevari-

281 2166 487 2225 catoreS,
527 2159 602 2208 vel
633 2161 726 2209 ista
757 2175 847 2224 pro
879 2162 1083 2209 veritate
1118 2163 1388 2225 suscipitur
1427 2167 1476 2210 et
1515 2161 1665 2209 efficit
1703 2167 1958 2224 martyres,

279 2234 347 2282 Ac
386 2248 476 2297 per
507 2231 600 2281 hoc
631 2232 709 2281 lex
742 2233 941 2296 quidem
979 2232 1107 2282 bona
1146 2240 1236 2299 est,
1276 2235 1388 2298 quia
1427 2233 1692 2298 prohibitio
1734 2240 1808 2282 est
1845 2248 1957 2297 pec-

279 2308 397 2370 cati3
446 2320 580 2354 mors
620 2312 784 2354 autem
823 2306 968 2370 mala,
1016 2309 1129 2370 quia
1169 2307 1470 2371 stipendium
1509 2313 1585 2355 est
1622 2308 1833 2371 peccati3
1873 2306 1958 2355 sed

281 2394 427 2443 quem
467 2378 525 2427 ad
565 2379 766 2427 modum
797 2381 1036 2428 iniustitia
1075 2379 1200 2428 male
1240 2382 1398 2428 utitur
1437 2395 1535 2428 non
1575 2386 1763 2428 tantum
1805 2378 1959 2444 maliS,

399 2507 443 2562 8)
477 2511 516 2551 1.
554 2504 654 2552 Cor.
689 2509 757 2560 15,
791 2509 861 2549 56.
927 2506 999 2560 19)
1031 2505 1161 2550 Rom.
1200 2512 1238 2561 7,
1275 2512 1326 2550 12
1360 2522 1425 2562 sq.

399 2658 423 2696 2
456 2652 524 2696 ita,
556 2652 715 2705 VAF‚·
746 2652 813 2695 ita
845 2653 893 2695 et
915 2665 940 2695 v
965 2653 980 2708 ΙΙ
1004 2657 1028 2696 3
1062 2654 1252 2695 utantur
1285 2652 1396 2706 VF;
1427 2654 1619 2695 utuntur
1648 2652 1720 2695 Av
1745 2653 1760 2708 ΙΙ
1785 2656 1840 2694 14
1869 2650 1956 2694 ita·

280 2725 368 2767 que
399 2710 551 2766 inquit
590 2711 681 2754 VF
707 2713 876 2766 (pr09r.
902 2724 953 2765 p.
990 2715 1058 2765 7);
1097 2710 1249 2766 inquit
1279 2724 1360 2755 om.
1393 2712 1463 2764 A,·
1493 2710 1650 2766 itaque
1683 2724 1765 2756 om.
1797 2724 1822 2754 v
1854 2711 1870 2765 ΙΙ
1903 2713 1957 2752 18

278 2783 354 2871 {gr
377 2784 514 2871 svuper
555 2769 666 2823 VR·
699 2783 838 2825 supra
869 2770 941 2812 Av
988 2771 1003 2825 ΙΙ
1049 2773 1104 2812 29
1138 2774 1188 2813 ut
1219 2770 1370 2813 editur
1401 2782 1512 2822 mss;
1543 2769 1704 2812 iniusti
1738 2804 1746 2812 .
1782 2803 1790 2812 .
1822 2769 1956 2812 utun-
