2020 3122
532 143 599 175 DE
624 143 862 176 οΙνΙΤΑΤΕ
886 145 975 177 Dm
998 146 1040 178 L.
1064 147 1130 179 ix.
1155 148 1192 180 c.
1217 149 1269 181 17.
1295 149 1347 182 18.
1675 139 1781 191 393

103 257 155 304 in
202 253 400 302 homine
448 259 767 302 conversatus
815 261 903 304 est.
982 256 1089 305 Non
1136 260 1266 307 enim
1312 265 1460 323 parva
1507 267 1623 310 sunt
1660 262 1780 311 haec

102 329 302 377 interim
340 327 462 392 duo,
511 341 634 390 quae
676 326 941 376 salubriter
981 344 1067 378 sua
1106 331 1439 382 incarnatione
1480 337 1780 401 monstravit,

103 415 196 450 nec
236 415 384 449 carne
424 414 570 464 posse
611 402 934 449 contaminari
973 417 1136 451 veram
1175 403 1500 472 divinitatem,
1539 423 1630 456 nec
1670 409 1779 457 ideo

101 473 344 540 putandos
385 472 649 522 daemones
688 473 831 523 nohis
872 489 980 523 esse
1020 475 1271 543 melioreS,
1311 480 1424 542 quia
1464 495 1561 528 non
1599 481 1781 530 hahent

102 562 314 596 carnem.
389 545 482 595 Hic
531 552 628 613 est,
676 548 805 596 sicut
852 563 966 596 eum
1013 556 1179 597 sancta
1227 553 1471 616 scriptura
1515 554 1781 621 praedicat,

100 623 350 671 mediator
382 621 480 670 Dei
509 626 559 670 et
586 622 853 682 hominum,
894 624 1037 672 homo
1077 623 1304 673 Christus
1344 626 1499 685 IesuS,
1539 627 1598 675 de
1639 629 1779 677 cuius

101 701 151 744 et
189 694 464 760 divinitate,
513 709 609 758 qua
655 696 786 759 patri
832 702 908 743 est
955 710 1150 760 semper
1190 697 1428 764 aequaliS,
1475 706 1523 747 et
1561 699 1779 748 humani-

100 775 222 834 tate,
271 782 367 832 qua
413 767 555 816 nobis
603 768 762 817 sactus
812 775 887 817 est
934 769 1130 836 similis,
1179 785 1277 818 non
1317 770 1397 819 hic
1437 770 1574 820 locus
1615 780 1689 821 est
1726 782 1781 822 ut

101 848 440 906 competenter
478 856 569 906 pro
609 848 777 891 nostra
817 841 1046 892 facultate
1087 843 1318 893 dicamus.

722 1057 918 1113 CAPUT
949 1059 1148 1112 XVIII.

143 1168 290 1228 Quod
321 1165 538 1230 fallacia
578 1166 889 1227 daemonum,
931 1168 1048 1216 dum
1086 1182 1181 1216 sua
1222 1169 1577 1218 intercessione
1615 1171 1745 1218 viam

171 1242 383 1305 spondet
421 1241 493 1290 ad
530 1240 703 1301 Deum,
744 1241 840 1290 hoc
881 1242 1160 1301 adnitatur,
1202 1247 1258 1290 ut
1294 1243 1516 1291 homines
1556 1257 1587 1291 a
1627 1245 1708 1292 via

704 1316 934 1364 veritatis
974 1320 1184 1364 avertat.

244 1415 373 1466 Falsi
436 1423 600 1466 autem
662 1416 732 1466 illi
795 1416 1091 1482 fallacesque
1146 1417 1440 1467 mediatores
1504 1418 1779 1479 daemoneS‚

99 1493 197 1557 qui,
237 1506 350 1540 cum
380 1506 472 1556 per
503 1492 709 1555 spiritus
740 1490 1087 1540 inmunditiam
1118 1493 1287 1540 miseri
1326 1507 1381 1540 ac
1421 1491 1618 1556 maligni
1657 1491 1779 1541 mul-

95 1566 160 1614 tis
193 1563 450 1614 effectibus
482 1564 714 1630 clareant,
751 1579 843 1629 per
876 1564 1205 1629 corporalium
1244 1572 1410 1614 tamen
1447 1565 1671 1614 locorum
1707 1567 1779 1614 in-

26 1693 34 1697 .
95 1637 295 1688 tervalla
343 1644 392 1688 et
437 1653 529 1703 per
575 1639 824 1687 aeriorum
872 1653 1137 1703 corporum
1183 1637 1429 1687 levitatem
1481 1654 1506 1687 a
1544 1646 1781 1703 provectu

97 1713 372 1760 animorum
424 1727 515 1760 nos
578 1726 780 1761 avocare
844 1718 990 1776 atque
1046 1717 1266 1760 avertere
1321 1710 1620 1777 moliuntur,
1682 1727 1780 1759 non

94 1786 219 1833 viam
258 1784 499 1850 praebent
538 1785 597 1834 ad
636 1784 814 1852 Deum,
855 1785 964 1851 sed,
1003 1801 1064 1834 ne
1104 1787 1178 1833 via
1216 1791 1468 1850 teneatur,
1506 1783 1778 1849 inpediunt.

97 1857 300 1916 Quando
349 1858 549 1922 quidem
590 1867 638 1908 et
683 1860 735 1907 in
781 1860 887 1924 ipsa
939 1860 1014 1908 via
1053 1858 1297 1924 corporali
1336 1852 1483 1925 (quae
1524 1857 1780 1906 falsissima

97 1938 173 1981 est
212 1940 260 1981 et
298 1931 583 1996 plenissima
622 1934 832 1999 erroriS,
872 1947 968 1996 qua
1007 1947 1106 1981 non
1145 1934 1240 1980 iter
1279 1933 1378 1995 agit
1416 1932 1621 1996 iustitia3
1662 1946 1779 1994 quo-

98 2006 225 2054 niam
268 2021 367 2054 non
406 2021 498 2070 per
538 2005 843 2071 corporalem
883 2005 1204 2070 altitudinem,
1245 2005 1331 2054 sed
1370 2019 1459 2068 per
1499 2003 1780 2069 spiritalem,

95 2077 190 2127 hoc
243 2086 319 2128 est
371 2079 760 2146 incorporalem,
812 2078 1184 2128 similitudinem
1231 2078 1290 2126 ad
1338 2077 1495 2127 Deum
1545 2076 1779 2126 dehemus

97 2147 391 2220 ascendere)
435 2179 498 2186 —-
542 2154 594 2201 in
633 2155 739 2218 ipsa
779 2159 944 2202 tamen
984 2154 1060 2200 via
1099 2151 1362 2217 corporali,
1403 2165 1548 2214 quam
1587 2150 1778 2199 daemo-

97 2240 215 2274 num
254 2227 398 2275 amici
435 2241 527 2290 per
567 2226 923 2275 elementorum
963 2225 1143 2290 gradus
1183 2225 1412 2274 ordinant
1449 2226 1580 2272 inter
1618 2222 1777 2272 aethe·

95 2299 195 2347 rios
243 2299 362 2348 deos
414 2306 463 2348 et
513 2306 740 2349 terrenos
788 2299 1013 2348 homines
1061 2300 1206 2347 aeriis
1246 2295 1567 2346 daemonibus
1606 2296 1778 2344 mediis

96 2373 379 2422 constitutis
392 2412 406 2439 ,
460 2372 554 2422 hoc
610 2372 728 2421 deos
784 2374 1049 2437 opinantur
1096 2371 1276 2420 habere
1326 2371 1668 2435 praecipuum,
1723 2374 1778 2417 ut

93 2451 297 2509 propter
343 2445 437 2495 hoc
484 2445 796 2495 intervallum
835 2445 1058 2494 locorum
1098 2446 1486 2494 contrectatione
1526 2457 1623 2490 non
1663 2455 1776 2489 con-

94 2520 396 2568 taminentur
434 2512 660 2568 humana.
738 2518 809 2567 Ita
850 2518 1112 2567 daemones
1153 2518 1473 2567 contaminari
1510 2515 1674 2579 potius
1715 2511 1774 2560 ab

1814 1077 1867 1118 10

1814 1501 1867 1542 15

1812 1868 1866 1908 20

1810 2233 1864 2272 25

93 2589 389 2658 hominibuS,
429 2608 574 2656 quam
606 2592 830 2641 homines
864 2591 1089 2640 mundari
1129 2606 1155 2640 a
1196 2588 1512 2639 daemonibus
1553 2585 1772 2651 credunt,
1805 2596 1862 2636 30

213 2720 255 2774 6)
292 2724 329 2761 1.
363 2719 480 2763 Tim.
515 2724 556 2774 2,
589 2724 628 2763 5.

214 2870 266 2908 17
298 2864 510 2921 profectu
541 2864 601 2924 F}
