2020 3122
261 154 368 208 426
930 163 963 196 s.
989 163 1263 197 Aucusrrm

261 279 386 326 facta
420 283 548 342 sunt,
582 283 726 340 atque
760 282 815 324 ut
849 277 947 324 sint
980 283 1028 325 et
1058 275 1184 325 bene
1220 291 1272 325 se
1303 274 1528 341 habeant,
1563 277 1669 325 eius
1706 276 1941 342 indigent,

263 367 288 400 a
332 367 427 415 quo
470 351 597 399 facta
637 356 765 398 sunt.

910 492 1107 546 CAPUT
1139 492 1286 545 XVI.

262 604 338 652 An
380 603 442 650 de
474 603 817 663 promerenda
858 603 1006 649 beata
1038 602 1140 648 vita
1180 601 1257 647 his
1289 588 1492 660 αηρεῖὼ·μ
1521 602 1588 651 sit
1618 601 1941 667 credendum,

201 685 227 725 5
261 679 349 737 qui
378 689 431 725 se
464 678 563 724 coli
600 677 811 735 exiqunt
849 676 1038 722 honore
1078 675 1276 730 divin&
1315 687 1382 721 an
1415 687 1533 723 vero
1574 676 1684 733 illis,
1725 676 1814 734 qui
1843 688 1941 723 non

289 751 406 810 sibi,
445 750 537 798 sed
572 751 665 797 uni
702 749 807 796 Deo
845 752 1026 796 sancta
1058 748 1391 808 praecipiunt
1428 749 1675 808 reliqione
1711 749 1910 796 serviri.

410 851 598 909 Quibus
631 851 781 914 igitur
813 849 998 913 angelis
1031 848 1091 897 de
1123 848 1265 897 beata
1298 854 1347 898 et
1379 850 1678 914 sempiterna
1709 851 1805 899 vita
1835 865 1939 899 cre·

262 925 475 974 dendum
509 939 617 972 esse
650 919 944 971 censemus?
1004 922 1181 971 Utrum
1214 924 1301 988 eiS,
1341 924 1426 987 qui
1465 938 1517 972 se
1550 923 1802 988 religionis
1835 925 1938 974 riti-

262 999 354 1047 bus
394 998 487 1046 coli
527 997 695 1045 volunt
742 996 836 1044 sibi
876 1011 1013 1044 sacra
1054 1002 1104 1044 et
1143 997 1381 1045 sacrificia
1428 996 1704 1061 flagitantes
1745 1012 1770 1045 a
1811 1013 1939 1046 mor-

174 1082 228 1123 10
262 1071 438 1120 talibus
471 1069 714 1134 exhiberi,
755 1085 815 1117 an
849 1071 940 1135 eiS,
982 1071 1067 1134 qui
1104 1069 1237 1118 hunc
1270 1085 1465 1118 omnem
1499 1070 1685 1119 cultum
1723 1073 1810 1120 uni
1842 1071 1943 1120 Deo

262 1146 474 1193 creatori
529 1145 747 1192 omnium
804 1142 975 1191 deberi
1028 1143 1200 1192 dicunt
1254 1145 1396 1208 eique
1460 1143 1766 1194 reddendum
1828 1160 1943 1194 vera

259 1220 440 1283 pietate
473 1218 795 1283 praecipiunt,
836 1219 978 1265 cuius
1011 1223 1060 1266 et
1091 1218 1186 1281 ipsi
1218 1217 1629 1282 contemplatione
1662 1217 1793 1267 beati
1826 1226 1943 1268 sunt

215 1298 310 1340 *et
357 1307 445 1339 nos
492 1292 686 1339 futuros
735 1306 842 1338 esse
890 1287 1222 1355 promittunt?
1297 1290 1382 1339 Illa
1431 1306 1642 1356 namque
1691 1293 1812 1341 visio
1853 1291 1942 1341 Dei

261 1372 421 1414 tantae
469 1363 848 1428 pulchritudinis
889 1365 1009 1412 visio
1051 1370 1126 1413 est
1166 1371 1214 1412 et
1261 1371 1396 1413 tanto
1437 1380 1603 1414 amore
1643 1365 1942 1432 dignissima,

173 1449 228 1490 15
261 1445 316 1487 ut
356 1440 460 1486 sine
500 1438 590 1486 hac
631 1437 934 1501 quibuslibet
972 1437 1078 1487 aliis
1116 1436 1260 1486 honis
1299 1439 1578 1503 praeditum
1610 1446 1755 1503 atque
1791 1438 1942 1488 abun-

262 1512 458 1560 dantem
498 1527 595 1559 non
636 1511 828 1560 dubitet
865 1511 1090 1560 Plotinus
1129 1511 1522 1561 infelicissimum
1562 1512 1741 1561 dicere.
1820 1511 1942 1562 Cum

262 1585 485 1649 ergoead
531 1585 663 1634 hunc
703 1600 857 1633 unum
907 1585 1102 1650 quidam
1152 1584 1332 1651 angeli,
1382 1585 1578 1650 quidam
1620 1601 1735 1634 vero
1784 1586 1842 1634 ad
1890 1601 1942 1635 se

260 1660 394 1724 ipsos
426 1658 564 1706 latria
598 1658 828 1707 colendos
861 1661 1013 1723 signis
1046 1657 1350 1708 mirabilibus
1383 1661 1612 1721 excitent,
1651 1665 1701 1708 et
1729 1659 1823 1708 hoc
1862 1661 1944 1726 ita,

264 1739 318 1780 ut
365 1731 434 1780 illi
480 1729 600 1780 isto's
649 1732 740 1780 coli
788 1732 1103 1799 prohibeant,
1151 1734 1234 1780 isti
1281 1739 1443 1781 autem
1492 1733 1629 1782 illurn
1679 1732 1942 1798 prohibere

169 1815 228 1855 20
261 1821 358 1853 non
406 1806 640 1854 audeant:
688 1805 867 1872 quibus
914 1808 1078 1871 potius
1125 1807 1189 1854 sit
1239 1806 1563 1872 credendum,
1610 1806 1942 1870 respondeant

260 1878 513 1944 Platonici,
553 1879 884 1943 respondeant
923 1881 1221 1944 quicumque
1261 1879 1563 1946 philosophi,
1610 1879 1940 1944 respondeant

260 1952 458 2016 theurgi
510 1952 585 2000 vel
630 1954 796 2016 potius
843 1955 1084 2018 periurgi3
1138 1953 1232 2001 hoc
1279 1955 1411 2002 enim
1459 1959 1575 2002 sunt
1622 1968 1793 2002 omnes
1833 1953 1941 2002 illae

263 2032 393 2073 artes
441 2024 675 2073 vocabulo
724 2026 996 2092 digniores3
1044 2034 1295 2091 postremo
1336 2026 1667 2092 respondeant
1706 2026 1944 2092 homineS,

266 2099 306 2145 si
346 2097 474 2145 ullus
513 2105 716 2146 naturae
757 2115 872 2148 suae
915 2115 1105 2167 sensuS,
1146 2100 1275 2164 quod
1317 2100 1580 2149 rationales
1621 2102 1774 2148 creati
1813 2106 1942 2166 sunt,

171 2180 230 2220 25
265 2186 322 2219 ex
371 2170 528 2234 aliqua
575 2178 714 2235 parte
762 2174 877 2221 vivit
915 2175 966 2221 in
1006 2176 1103 2239 eis;
1150 2173 1504 2240 respondeant,
1542 2175 1765 2238 inquam,
1805 2175 1942 2222 eisne

265 2243 641 2293 sacrificandum
673 2246 735 2293 sit
767 2246 858 2293 diis
884 2246 958 2294 vel
983 2247 1183 2312 angeliS,
1224 2249 1308 2311 qui
1341 2246 1433 2295 sibi
1465 2248 1732 2296 sacrificari
1756 2246 1944 2312 iubent,

263 2333 323 2366 an
363 2316 431 2364 illi
472 2318 578 2382 uni,
627 2319 707 2365 cui
752 2317 924 2367 iubent
969 2319 1019 2367 hi
1061 2321 1145 2384 qui
1185 2326 1234 2368 et
1274 2319 1368 2368 sibi
1407 2326 1462 2369 et*
1494 2322 1604 2369 istis
1642 2317 1942 2384 prohibent?

265 2390 316 2439 Si
369 2405 459 2438 nec
514 2391 596 2438 isti
644 2406 735 2439 nec
782 2391 851 2439 illi
898 2392 995 2440 ulla
1041 2392 1275 2442 miracula
1326 2394 1572 2460 facerent,
1625 2393 1710 2442 sed
1750 2399 1940 2442 tantum

261 2465 628 2528 praeciperent,
676 2463 755 2512 alii
802 2464 1000 2528 quidem
1048 2473 1103 2515 ut
1143 2465 1237 2516 sibi
1276 2467 1660 2533 sacrificaretur,
1707 2466 1788 2515 alii
1826 2481 1942 2515 vero

171 2547 230 2587 30
262 2536 310 2585 id
350 2543 595 2603 vetarent,
644 2536 730 2585 sed
778 2539 864 2586 uni
912 2545 1102 2587 tantum
1141 2538 1372 2589 iuberent
1410 2539 1534 2590 Deo:
1581 2541 1698 2589 satis
1739 2538 1943 2589 deberet

260 2612 416 2675 pietas
470 2611 574 2674 ipsa
629 2609 935 2676 discernere,
989 2612 1105 2676 quid
1152 2612 1331 2661 horum
1383 2613 1441 2661 de
1490 2613 1618 2662 fastu
1667 2612 1943 2679 superbiae,

381 2723 453 2776 16)
486 2722 600 2765 Enn.
634 2726 674 2777 -1,
706 2727 747 2778 6,
782 2727 820 2768 7.

380 2888 437 2926 24
469 2883 592 2939 quod
624 2883 796 2935 AKF,·
828 2897 917 2938 quo
950 2897 974 2926 v
