<?xml version="1.0" encoding="UTF-8"?>
<!DOCTYPE html PUBLIC "-//W3C//DTD XHTML 1.0 Transitional//EN"
    "http://www.w3.org/TR/xhtml1/DTD/xhtml1-transitional.dtd">
<html xmlns="http://www.w3.org/1999/xhtml" xml:lang="en" lang="en">
 <head>
  <title>
</title>
<meta http-equiv="Content-Type" content="text/html;charset=utf-8" />
  <meta name='ocr-system' content='tesseract 3.04.00' />
  <meta name='ocr-capabilities' content='ocr_page ocr_carea ocr_par ocr_line ocrx_word'/>
</head>
<body>
  <div class='ocr_page' id='page_1' title='image "./decivitatedeilib01auguuoft_0350.png"; bbox 0 0 2020 3122; ppageno 0'>
   <div class='ocr_carea' id='block_1_1' title="bbox 144 937 197 976">
    <p class='ocr_par' dir='ltr' id='par_1_1' title="bbox 144 937 197 976">
     <span class='ocr_line' id='line_1_1' title="bbox 144 937 197 976; baseline 0.019 -1"><span class='ocrx_word' id='word_1_1' title='bbox 144 937 197 976; x_wconf 90' lang='grc'><strong>10</strong></span> 
     </span>
    </p>
   </div>
   <div class='ocr_carea' id='block_1_2' title="bbox 145 1305 196 1342">
    <p class='ocr_par' dir='ltr' id='par_1_2' title="bbox 145 1305 196 1342">
     <span class='ocr_line' id='line_1_2' title="bbox 145 1305 196 1342; baseline 0 0"><span class='ocrx_word' id='word_1_2' title='bbox 145 1305 196 1342; x_wconf 86' lang='grc'><strong>15</strong></span> 
     </span>
    </p>
   </div>
   <div class='ocr_carea' id='block_1_3' title="bbox 146 2228 201 2267">
    <p class='ocr_par' dir='ltr' id='par_1_3' title="bbox 146 2228 201 2267">
     <span class='ocr_line' id='line_1_3' title="bbox 146 2228 201 2267; baseline 0 0"><span class='ocrx_word' id='word_1_3' title='bbox 146 2228 201 2267; x_wconf 82' lang='grc'><strong>25</strong></span> 
     </span>
    </p>
   </div>
   <div class='ocr_carea' id='block_1_4' title="bbox 147 2596 201 2635">
    <p class='ocr_par' dir='ltr' id='par_1_4' title="bbox 147 2596 201 2635">
     <span class='ocr_line' id='line_1_4' title="bbox 147 2596 201 2635; baseline 0.019 -1"><span class='ocrx_word' id='word_1_4' title='bbox 147 2596 201 2635; x_wconf 84' lang='grc'><strong>30</strong></span> 
     </span>
    </p>
   </div>
   <div class='ocr_carea' id='block_1_5' title="bbox 225 138 1230 191">
    <p class='ocr_par' dir='ltr' id='par_1_5' title="bbox 225 138 1230 191">
     <span class='ocr_line' id='line_1_5' title="bbox 225 138 1230 191; baseline -0.015 1"><span class='ocrx_word' id='word_1_5' title='bbox 225 138 331 191; x_wconf 82' lang='lat'><strong>338</strong></span> <span class='ocrx_word' id='word_1_6' title='bbox 897 146 931 180; x_wconf 84' lang='lat' dir='ltr'><strong>s.</strong></span> <span class='ocrx_word' id='word_1_7' title='bbox 956 146 1230 180; x_wconf 70' lang='lat' dir='ltr'><strong>AUGUSTmI</strong></span> 
     </span>
    </p>
   </div>
   <div class='ocr_carea' id='block_1_6' title="bbox 225 259 1914 474">
    <p class='ocr_par' dir='ltr' id='par_1_6' title="bbox 225 259 1914 474">
     <span class='ocr_line' id='line_1_6' title="bbox 225 259 1908 327; baseline -0.002 -15"><span class='ocrx_word' id='word_1_8' title='bbox 225 272 330 314; x_wconf 88' lang='lat' dir='ltr'><strong>tum</strong></span> <span class='ocrx_word' id='word_1_9' title='bbox 369 261 472 327; x_wconf 89' lang='lat' dir='ltr'><strong>Dei,</strong></span> <span class='ocrx_word' id='word_1_10' title='bbox 513 262 743 324; x_wconf 89' lang='lat' dir='ltr'><strong>quoniam</strong></span> <span class='ocrx_word' id='word_1_11' title='bbox 776 266 826 308; x_wconf 90' lang='lat' dir='ltr'><strong>et</strong></span> <span class='ocrx_word' id='word_1_12' title='bbox 864 274 948 308; x_wconf 90' lang='lat' dir='ltr'><strong>aer</strong></span> <span class='ocrx_word' id='word_1_13' title='bbox 988 260 1192 324; x_wconf 87' lang='lat' dir='ltr'><strong>spiritus</strong></span> <span class='ocrx_word' id='word_1_14' title='bbox 1232 259 1429 324; x_wconf 88' lang='lat' dir='ltr'><strong>dicitur,</strong></span> <span class='ocrx_word' id='word_1_15' title='bbox 1469 263 1702 322; x_wconf 90' lang='lat' dir='ltr'><strong>quattuor</strong></span> <span class='ocrx_word' id='word_1_16' title='bbox 1741 260 1908 324; x_wconf 81' lang='lat' dir='ltr'><strong>opina·</strong></span> 
     </span>
     <span class='ocr_line' id='line_1_7' title="bbox 226 330 1910 396; baseline -0.001 -10"><span class='ocrx_word' id='word_1_17' title='bbox 226 345 306 386; x_wconf 87' lang='lat' dir='ltr'><strong>tus</strong></span> <span class='ocrx_word' id='word_1_18' title='bbox 340 335 582 384; x_wconf 84' lang='lat' dir='ltr'><strong>elementa</strong></span> <span class='ocrx_word' id='word_1_19' title='bbox 605 333 712 382; x_wconf 88' lang='lat' dir='ltr'><strong>loco</strong></span> <span class='ocrx_word' id='word_1_20' title='bbox 737 333 819 381; x_wconf 94' lang='lat' dir='ltr'><strong>illo</strong></span> <span class='ocrx_word' id='word_1_21' title='bbox 854 330 1235 382; x_wconf 88' lang='lat' dir='ltr'><strong>commemorata</strong></span> <span class='ocrx_word' id='word_1_22' title='bbox 1273 331 1430 380; x_wconf 86' lang='lat' dir='ltr'><strong>videri</strong></span> <span class='ocrx_word' id='word_1_23' title='bbox 1468 339 1646 396; x_wconf 87' lang='lat' dir='ltr'><strong>potest.</strong></span> <span class='ocrx_word' id='word_1_24' title='bbox 1723 331 1910 384; x_wconf 81' lang='lat' dir='ltr'><strong>Deinde</strong></span> 
     </span>
     <span class='ocr_line' id='line_1_8' title="bbox 227 404 1914 474; baseline -0.001 -16"><span class='ocrx_word' id='word_1_25' title='bbox 227 410 358 474; x_wconf 91' lang='lat' dir='ltr'><strong>quod</strong></span> <span class='ocrx_word' id='word_1_26' title='bbox 408 408 544 457; x_wconf 86' lang='lat' dir='ltr'><strong>Plato</strong></span> <span class='ocrx_word' id='word_1_27' title='bbox 597 407 717 456; x_wconf 89' lang='lat' dir='ltr'><strong>dicit</strong></span> <span class='ocrx_word' id='word_1_28' title='bbox 766 413 1033 456; x_wconf 83' lang='lat' dir='ltr'><strong>amatorem</strong></span> <span class='ocrx_word' id='word_1_29' title='bbox 1072 405 1162 455; x_wconf 92' lang='lat' dir='ltr'><strong>Dei</strong></span> <span class='ocrx_word' id='word_1_30' title='bbox 1213 420 1321 454; x_wconf 87' lang='lat' dir='ltr'><strong>esse</strong></span> <span class='ocrx_word' id='word_1_31' title='bbox 1374 404 1743 473; x_wconf 90' lang='lat' dir='ltr'><strong>philosophum,</strong></span> <span class='ocrx_word' id='word_1_32' title='bbox 1785 407 1914 457; x_wconf 79' lang='lat' dir='ltr'><strong>nihil</strong></span> 
     </span>
    </p>
   </div>
   <div class='ocr_carea' id='block_1_7' title="bbox 214 473 1914 545">
    <p class='ocr_par' dir='ltr' id='par_1_7' title="bbox 214 473 1914 545">
     <span class='ocr_line' id='line_1_9' title="bbox 214 473 1914 545; baseline -0.001 -13"><span class='ocrx_word' id='word_1_33' title='bbox 214 485 299 532; x_wconf 39' lang='lat' dir='ltr'><strong>&#39;sic</strong></span> <span class='ocrx_word' id='word_1_34' title='bbox 346 482 441 531; x_wconf 89' lang='lat' dir='ltr'><strong>illis</strong></span> <span class='ocrx_word' id='word_1_35' title='bbox 489 483 642 530; x_wconf 89' lang='lat' dir='ltr'><strong>sacris</strong></span> <span class='ocrx_word' id='word_1_36' title='bbox 688 480 866 530; x_wconf 89' lang='lat' dir='ltr'><strong>litteris</strong></span> <span class='ocrx_word' id='word_1_37' title='bbox 913 479 1106 544; x_wconf 83' lang='lat' dir='ltr'><strong>flagrat3</strong></span> <span class='ocrx_word' id='word_1_38' title='bbox 1159 486 1209 528; x_wconf 91' lang='lat' dir='ltr'><strong>et</strong></span> <span class='ocrx_word' id='word_1_39' title='bbox 1255 480 1465 527; x_wconf 83' lang='lat' dir='ltr'>maxime</span> <span class='ocrx_word' id='word_1_40' title='bbox 1505 478 1625 528; x_wconf 89' lang='lat' dir='ltr'><strong>illud</strong></span> <span class='ocrx_word' id='word_1_41' title='bbox 1665 473 1823 545; x_wconf 89' lang='lat' dir='ltr'><strong>(quod</strong></span> <span class='ocrx_word' id='word_1_42' title='bbox 1863 489 1914 531; x_wconf 90' lang='lat' dir='ltr'><strong>et</strong></span> 
     </span>
    </p>
   </div>
   <div class='ocr_carea' id='block_1_8' title="bbox 227 552 1922 1498">
    <p class='ocr_par' dir='ltr' id='par_1_8' title="bbox 227 552 1922 1498">
     <span class='ocr_line' id='line_1_10' title="bbox 227 552 1912 621; baseline -0.001 -16"><span class='ocrx_word' id='word_1_43' title='bbox 227 572 304 605; x_wconf 91' lang='lat' dir='ltr'><strong>me</strong></span> <span class='ocrx_word' id='word_1_44' title='bbox 352 556 621 621; x_wconf 89' lang='lat' dir='ltr'><strong>plurimum</strong></span> <span class='ocrx_word' id='word_1_45' title='bbox 674 554 893 620; x_wconf 85' lang='lat' dir='ltr'>adducit,</span> <span class='ocrx_word' id='word_1_46' title='bbox 939 561 995 602; x_wconf 91' lang='lat' dir='ltr'><strong>ut</strong></span> <span class='ocrx_word' id='word_1_47' title='bbox 1041 568 1195 618; x_wconf 90' lang='lat' dir='ltr'><strong>paene</strong></span> <span class='ocrx_word' id='word_1_48' title='bbox 1237 553 1478 601; x_wconf 85' lang='lat' dir='ltr'><strong>assentiar</strong></span> <span class='ocrx_word' id='word_1_49' title='bbox 1515 552 1769 602; x_wconf 84' lang='lat' dir='ltr'>Platonem</span> <span class='ocrx_word' id='word_1_50' title='bbox 1808 553 1912 603; x_wconf 87' lang='lat' dir='ltr'><strong>illo-</strong></span> 
     </span>
     <span class='ocr_line' id='line_1_11' title="bbox 228 620 1912 695; baseline -0.001 -16"><span class='ocrx_word' id='word_1_51' title='bbox 228 646 339 680; x_wconf 91' lang='lat' dir='ltr'><strong>rum</strong></span> <span class='ocrx_word' id='word_1_52' title='bbox 386 629 628 678; x_wconf 87' lang='lat' dir='ltr'><strong>librorum</strong></span> <span class='ocrx_word' id='word_1_53' title='bbox 677 634 930 695; x_wconf 88' lang='lat' dir='ltr'><strong>expertem</strong></span> <span class='ocrx_word' id='word_1_54' title='bbox 978 642 1075 674; x_wconf 92' lang='lat' dir='ltr'><strong>non</strong></span> <span class='ocrx_word' id='word_1_55' title='bbox 1118 620 1319 693; x_wconf 86' lang='lat' dir='ltr'><strong>fuisse),</strong></span> <span class='ocrx_word' id='word_1_56' title='bbox 1360 625 1513 692; x_wconf 84' lang='lat' dir='ltr'><strong>quod,</strong></span> <span class='ocrx_word' id='word_1_57' title='bbox 1553 641 1667 675; x_wconf 91' lang='lat' dir='ltr'><strong>cum</strong></span> <span class='ocrx_word' id='word_1_58' title='bbox 1705 626 1764 675; x_wconf 92' lang='lat' dir='ltr'><strong>ad</strong></span> <span class='ocrx_word' id='word_1_59' title='bbox 1804 643 1912 678; x_wconf 90' lang='lat' dir='ltr'><strong>san·</strong></span> 
     </span>
     <span class='ocr_line' id='line_1_12' title="bbox 229 698 1914 767; baseline -0.001 -14"><span class='ocrx_word' id='word_1_60' title='bbox 229 711 364 753; x_wconf 79' lang='lat' dir='ltr'><strong>ctum</strong></span> <span class='ocrx_word' id='word_1_61' title='bbox 402 703 602 767; x_wconf 83' lang='lat' dir='ltr'>Moysen</span> <span class='ocrx_word' id='word_1_62' title='bbox 651 704 718 750; x_wconf 88' lang='lat' dir='ltr'><strong>ita</strong></span> <span class='ocrx_word' id='word_1_63' title='bbox 764 701 913 750; x_wconf 88' lang='lat' dir='ltr'><strong>verba</strong></span> <span class='ocrx_word' id='word_1_64' title='bbox 951 699 1040 748; x_wconf 91' lang='lat' dir='ltr'><strong>Dei</strong></span> <span class='ocrx_word' id='word_1_65' title='bbox 1086 714 1176 764; x_wconf 90' lang='lat' dir='ltr'><strong>per</strong></span> <span class='ocrx_word' id='word_1_66' title='bbox 1215 698 1443 763; x_wconf 84' lang='lat' dir='ltr'>angelum</span> <span class='ocrx_word' id='word_1_67' title='bbox 1481 701 1819 767; x_wconf 82' lang='lat' dir='ltr'><strong>perferantur,</strong></span> <span class='ocrx_word' id='word_1_68' title='bbox 1858 699 1914 752; x_wconf 84' lang='lat' dir='ltr'><strong>ut</strong></span> 
     </span>
     <span class='ocr_line' id='line_1_13' title="bbox 230 774 1913 841; baseline -0.001 -15"><span class='ocrx_word' id='word_1_69' title='bbox 230 778 487 841; x_wconf 84' lang='lat' dir='ltr'><strong>quaerenti</strong></span> <span class='ocrx_word' id='word_1_70' title='bbox 526 776 761 840; x_wconf 83' lang='lat' dir='ltr'><strong>quod‘sit</strong></span> <span class='ocrx_word' id='word_1_71' title='bbox 800 789 980 823; x_wconf 90' lang='lat' dir='ltr'><strong>nomen</strong></span> <span class='ocrx_word' id='word_1_72' title='bbox 1020 775 1150 839; x_wconf 83' lang='lat' dir='ltr'><strong>eiuS,</strong></span> <span class='ocrx_word' id='word_1_73' title='bbox 1201 774 1286 837; x_wconf 90' lang='lat' dir='ltr'><strong>qui</strong></span> <span class='ocrx_word' id='word_1_74' title='bbox 1326 788 1439 822; x_wconf 92' lang='lat' dir='ltr'><strong>eum</strong></span> <span class='ocrx_word' id='word_1_75' title='bbox 1478 788 1687 838; x_wconf 85' lang='lat' dir='ltr'><strong>pergere</strong></span> <span class='ocrx_word' id='word_1_76' title='bbox 1726 777 1913 839; x_wconf 87' lang='lat' dir='ltr'><strong>praeci-</strong></span> 
     </span>
     <span class='ocr_line' id='line_1_14' title="bbox 227 846 1912 916; baseline -0.001 -17"><span class='ocrx_word' id='word_1_77' title='bbox 227 850 392 916; x_wconf 89' lang='lat' dir='ltr'><strong>piebat</strong></span> <span class='ocrx_word' id='word_1_78' title='bbox 455 849 513 898; x_wconf 91' lang='lat' dir='ltr'><strong>ad</strong></span> <span class='ocrx_word' id='word_1_79' title='bbox 575 848 811 914; x_wconf 89' lang='lat' dir='ltr'><strong>populum</strong></span> <span class='ocrx_word' id='word_1_80' title='bbox 862 846 1143 896; x_wconf 84' lang='lat' dir='ltr'><strong>Hebraeum</strong></span> <span class='ocrx_word' id='word_1_81' title='bbox 1199 861 1258 895; x_wconf 86' lang='lat' dir='ltr'><strong>ex</strong></span> <span class='ocrx_word' id='word_1_82' title='bbox 1311 846 1530 911; x_wconf 84' lang='lat' dir='ltr'><strong>Aegypto</strong></span> <span class='ocrx_word' id='word_1_83' title='bbox 1585 847 1912 916; x_wconf 89' lang='lat' dir='ltr'><strong>liberandum,</strong></span> 
     </span>
     <span class='ocr_line' id='line_1_15' title="bbox 230 922 1915 988; baseline 0.001 -16"><span class='ocrx_word' id='word_1_84' title='bbox 230 923 612 988; x_wconf 87' lang='lat' dir='ltr'><strong>respondeatur:</strong></span> <span class='ocrx_word' id='word_1_85' title='bbox 663 923 772 982; x_wconf 72' lang='lat' dir='ltr'><strong>Eyo</strong></span> <span class='ocrx_word' id='word_1_86' title='bbox 826 935 935 970; x_wconf 80' lang='lat' dir='ltr'><strong>sum</strong></span> <span class='ocrx_word' id='word_1_87' title='bbox 983 924 1071 982; x_wconf 78' lang='lat' dir='ltr'><strong>qui</strong></span> <span class='ocrx_word' id='word_1_88' title='bbox 1113 935 1243 980; x_wconf 84' lang='lat' dir='ltr'><strong>sum,</strong></span> <span class='ocrx_word' id='word_1_89' title='bbox 1295 926 1344 969; x_wconf 84' lang='lat' dir='ltr'><strong>et</strong></span> <span class='ocrx_word' id='word_1_90' title='bbox 1389 922 1527 970; x_wconf 77' lang='lat' dir='ltr'><strong>dices</strong></span> <span class='ocrx_word' id='word_1_91' title='bbox 1560 923 1683 981; x_wconf 74' lang='lat' dir='ltr'><strong>filiis</strong></span> <span class='ocrx_word' id='word_1_92' title='bbox 1723 923 1915 973; x_wconf 82' lang='lat' dir='ltr'><strong>Israel:</strong></span> 
     </span>
     <span class='ocr_line' id='line_1_16' title="bbox 239 995 1915 1063; baseline -0.001 -17"><span class='ocrx_word' id='word_1_93' title='bbox 239 1000 338 1056; x_wconf 73' lang='lat' dir='ltr'><strong>Qui</strong></span> <span class='ocrx_word' id='word_1_94' title='bbox 367 1003 453 1058; x_wconf 79' lang='lat' dir='ltr'><strong>est,</strong></span> <span class='ocrx_word' id='word_1_95' title='bbox 493 999 627 1045; x_wconf 75' lang='lat' dir='ltr'><strong>misit</strong></span> <span class='ocrx_word' id='word_1_96' title='bbox 656 1010 733 1044; x_wconf 81' lang='lat' dir='ltr'><strong>me</strong></span> <span class='ocrx_word' id='word_1_97' title='bbox 772 997 844 1044; x_wconf 82' lang='lat' dir='ltr'><strong>ad</strong></span> <span class='ocrx_word' id='word_1_98' title='bbox 872 1009 970 1056; x_wconf 81' lang='lat' dir='ltr'><strong>vos,</strong></span> <span class='ocrx_word' id='word_1_99' title='bbox 1010 1000 1256 1063; x_wconf 78' lang='lat' dir='ltr'><strong>tamquam</strong></span> <span class='ocrx_word' id='word_1_100' title='bbox 1297 995 1348 1042; x_wconf 92' lang='lat' dir='ltr'><strong>in</strong></span> <span class='ocrx_word' id='word_1_101' title='bbox 1389 995 1495 1043; x_wconf 91' lang='lat' dir='ltr'><strong>eius</strong></span> <span class='ocrx_word' id='word_1_102' title='bbox 1534 997 1915 1063; x_wconf 80' lang='lat' dir='ltr'><strong>comparatione,</strong></span> 
     </span>
     <span class='ocr_line' id='line_1_17' title="bbox 232 1067 1916 1135; baseline 0 -16"><span class='ocrx_word' id='word_1_103' title='bbox 232 1073 316 1135; x_wconf 89' lang='lat' dir='ltr'><strong>qui</strong></span> <span class='ocrx_word' id='word_1_104' title='bbox 355 1085 468 1118; x_wconf 85' lang='lat' dir='ltr'><strong>vere</strong></span> <span class='ocrx_word' id='word_1_105' title='bbox 525 1076 600 1118; x_wconf 88' lang='lat' dir='ltr'><strong>est</strong></span> <span class='ocrx_word' id='word_1_106' title='bbox 647 1070 761 1133; x_wconf 90' lang='lat' dir='ltr'><strong>quia</strong></span> <span class='ocrx_word' id='word_1_107' title='bbox 806 1067 1221 1117; x_wconf 88' lang='lat' dir='ltr'><strong>incommutabilis</strong></span> <span class='ocrx_word' id='word_1_108' title='bbox 1261 1074 1356 1133; x_wconf 91' lang='lat' dir='ltr'><strong>est,</strong></span> <span class='ocrx_word' id='word_1_109' title='bbox 1405 1082 1460 1116; x_wconf 88' lang='lat' dir='ltr'><strong>ea</strong></span> <span class='ocrx_word' id='word_1_110' title='bbox 1501 1083 1625 1132; x_wconf 92' lang='lat' dir='ltr'><strong>quae</strong></span> <span class='ocrx_word' id='word_1_111' title='bbox 1664 1069 1916 1119; x_wconf 89' lang='lat' dir='ltr'><strong>mutabilia</strong></span> 
     </span>
     <span class='ocr_line' id='line_1_18' title="bbox 232 1141 1914 1208; baseline 0 -16"><span class='ocrx_word' id='word_1_112' title='bbox 232 1145 358 1193; x_wconf 87' lang='lat' dir='ltr'><strong>sacta</strong></span> <span class='ocrx_word' id='word_1_113' title='bbox 398 1149 514 1192; x_wconf 89' lang='lat' dir='ltr'><strong>sunt</strong></span> <span class='ocrx_word' id='word_1_114' title='bbox 551 1158 651 1191; x_wconf 91' lang='lat' dir='ltr'><strong>non</strong></span> <span class='ocrx_word' id='word_1_115' title='bbox 692 1144 811 1208; x_wconf 87' lang='lat' dir='ltr'><strong>sint,</strong></span> <span class='ocrx_word' id='word_1_116' title='bbox 851 1141 1169 1190; x_wconf 90' lang='lat' dir='ltr'><strong>vehementer</strong></span> <span class='ocrx_word' id='word_1_117' title='bbox 1208 1141 1302 1190; x_wconf 92' lang='lat' dir='ltr'><strong>hoc</strong></span> <span class='ocrx_word' id='word_1_118' title='bbox 1342 1141 1480 1190; x_wconf 91' lang='lat' dir='ltr'><strong>Plato</strong></span> <span class='ocrx_word' id='word_1_119' title='bbox 1520 1144 1681 1191; x_wconf 86' lang='lat' dir='ltr'><strong>tenuit</strong></span> <span class='ocrx_word' id='word_1_120' title='bbox 1721 1149 1770 1193; x_wconf 90' lang='lat' dir='ltr'><strong>et</strong></span> <span class='ocrx_word' id='word_1_121' title='bbox 1808 1143 1914 1192; x_wconf 91' lang='lat' dir='ltr'><strong>dili-</strong></span> 
     </span>
     <span class='ocr_line' id='line_1_19' title="bbox 232 1215 1916 1282; baseline 0 -16"><span class='ocrx_word' id='word_1_122' title='bbox 232 1218 517 1282; x_wconf 85' lang='lat' dir='ltr'><strong>gentissime</strong></span> <span class='ocrx_word' id='word_1_123' title='bbox 566 1216 938 1265; x_wconf 89' lang='lat' dir='ltr'><strong>commendavit.</strong></span> <span class='ocrx_word' id='word_1_124' title='bbox 1022 1215 1085 1264; x_wconf 92' lang='lat' dir='ltr'><strong>Et</strong></span> <span class='ocrx_word' id='word_1_125' title='bbox 1135 1216 1302 1263; x_wconf 86' lang='lat' dir='ltr'><strong>nescio</strong></span> <span class='ocrx_word' id='word_1_126' title='bbox 1354 1224 1523 1264; x_wconf 91' lang='lat' dir='ltr'><strong>utrum</strong></span> <span class='ocrx_word' id='word_1_127' title='bbox 1577 1215 1670 1264; x_wconf 93' lang='lat' dir='ltr'><strong>hoc</strong></span> <span class='ocrx_word' id='word_1_128' title='bbox 1723 1219 1916 1282; x_wconf 88' lang='lat' dir='ltr'><strong>uspiam</strong></span> 
     </span>
     <span class='ocr_line' id='line_1_20' title="bbox 229 1288 1916 1356; baseline 0.001 -17"><span class='ocrx_word' id='word_1_129' title='bbox 229 1292 507 1356; x_wconf 88' lang='lat' dir='ltr'><strong>reperiatur</strong></span> <span class='ocrx_word' id='word_1_130' title='bbox 553 1291 604 1338; x_wconf 91' lang='lat' dir='ltr'><strong>in</strong></span> <span class='ocrx_word' id='word_1_131' title='bbox 661 1289 801 1338; x_wconf 87' lang='lat' dir='ltr'><strong>libris</strong></span> <span class='ocrx_word' id='word_1_132' title='bbox 848 1304 1043 1354; x_wconf 89' lang='lat' dir='ltr'><strong>eorum,</strong></span> <span class='ocrx_word' id='word_1_133' title='bbox 1098 1290 1183 1352; x_wconf 89' lang='lat' dir='ltr'><strong>qui</strong></span> <span class='ocrx_word' id='word_1_134' title='bbox 1229 1295 1341 1338; x_wconf 88' lang='lat' dir='ltr'><strong>ante</strong></span> <span class='ocrx_word' id='word_1_135' title='bbox 1395 1288 1651 1338; x_wconf 88' lang='lat' dir='ltr'><strong>Platonem</strong></span> <span class='ocrx_word' id='word_1_136' title='bbox 1698 1290 1916 1356; x_wconf 84' lang='lat' dir='ltr'><strong>fuerunt,</strong></span> 
     </span>
     <span class='ocr_line' id='line_1_21' title="bbox 232 1363 1922 1424; baseline 0.001 -12"><span class='ocrx_word' id='word_1_137' title='bbox 232 1366 326 1413; x_wconf 87' lang='lat' dir='ltr'><strong>nisi</strong></span> <span class='ocrx_word' id='word_1_138' title='bbox 358 1363 444 1412; x_wconf 89' lang='lat' dir='ltr'><strong>ubi</strong></span> <span class='ocrx_word' id='word_1_139' title='bbox 475 1364 661 1412; x_wconf 86' lang='lat' dir='ltr'><strong>dictum</strong></span> <span class='ocrx_word' id='word_1_140' title='bbox 695 1370 791 1411; x_wconf 86' lang='lat' dir='ltr'><strong>est:</strong></span> <span class='ocrx_word' id='word_1_141' title='bbox 831 1363 940 1424; x_wconf 68' lang='lat' dir='ltr'><strong>Eyo</strong></span> <span class='ocrx_word' id='word_1_142' title='bbox 979 1377 1087 1411; x_wconf 83' lang='lat' dir='ltr'><strong>sum</strong></span> <span class='ocrx_word' id='word_1_143' title='bbox 1127 1365 1216 1423; x_wconf 78' lang='lat' dir='ltr'><strong>qm·</strong></span> <span class='ocrx_word' id='word_1_144' title='bbox 1252 1377 1373 1423; x_wconf 83' lang='lat' dir='ltr'><strong>sum,</strong></span> <span class='ocrx_word' id='word_1_145' title='bbox 1415 1369 1465 1412; x_wconf 84' lang='lat' dir='ltr'><strong>et</strong></span> <span class='ocrx_word' id='word_1_146' title='bbox 1503 1365 1641 1412; x_wconf 77' lang='lat' dir='ltr'><strong>dices</strong></span> <span class='ocrx_word' id='word_1_147' title='bbox 1680 1367 1774 1414; x_wconf 76' lang='lat' dir='ltr'><strong>eis:</strong></span> <span class='ocrx_word' id='word_1_148' title='bbox 1821 1366 1922 1424; x_wconf 73' lang='lat' dir='ltr'><strong>Qui</strong></span> 
     </span>
     <span class='ocr_line' id='line_1_22' title="bbox 232 1438 863 1498; baseline -0.003 -12"><span class='ocrx_word' id='word_1_149' title='bbox 232 1444 331 1498; x_wconf 80' lang='lat' dir='ltr'><strong>est,</strong></span> <span class='ocrx_word' id='word_1_150' title='bbox 372 1440 506 1486; x_wconf 75' lang='lat' dir='ltr'><strong>misit</strong></span> <span class='ocrx_word' id='word_1_151' title='bbox 542 1451 619 1486; x_wconf 84' lang='lat' dir='ltr'><strong>me</strong></span> <span class='ocrx_word' id='word_1_152' title='bbox 658 1438 730 1485; x_wconf 82' lang='lat' dir='ltr'><strong>ad</strong></span> <span class='ocrx_word' id='word_1_153' title='bbox 766 1451 863 1486; x_wconf 82' lang='lat' dir='ltr'><strong>vos,</strong></span> 
     </span>
    </p>
   </div>
   <div class='ocr_carea' id='block_1_9' title="bbox 897 1637 1250 1691">
    <p class='ocr_par' dir='ltr' id='par_1_9' title="bbox 897 1637 1250 1691">
     <span class='ocr_line' id='line_1_23' title="bbox 897 1637 1250 1691; baseline -0.003 0"><span class='ocrx_word' id='word_1_154' title='bbox 897 1637 1095 1691; x_wconf 81' lang='lat' dir='ltr'><strong>CAPUT</strong></span> <span class='ocrx_word' id='word_1_155' title='bbox 1129 1638 1250 1691; x_wconf 88' lang='lat' dir='ltr'><strong>XII.</strong></span> 
     </span>
    </p>
   </div>
   <div class='ocr_carea' id='block_1_10' title="bbox 241 1746 1916 1879">
    <p class='ocr_par' dir='ltr' id='par_1_10' title="bbox 241 1746 1916 1879">
     <span class='ocr_line' id='line_1_24' title="bbox 241 1746 1916 1806; baseline 0.001 -11"><span class='ocrx_word' id='word_1_156' title='bbox 241 1747 385 1806; x_wconf 69' lang='lat' dir='ltr'><strong>Quod</strong></span> <span class='ocrx_word' id='word_1_157' title='bbox 424 1748 574 1795; x_wconf 77' lang='lat' dir='ltr'><strong>etiam</strong></span> <span class='ocrx_word' id='word_1_158' title='bbox 615 1747 888 1806; x_wconf 77' lang='lat' dir='ltr'><strong>Platonici,</strong></span> <span class='ocrx_word' id='word_1_159' title='bbox 937 1748 1055 1794; x_wconf 79' lang='lat' dir='ltr'><strong>licet</strong></span> <span class='ocrx_word' id='word_1_160' title='bbox 1102 1747 1163 1794; x_wconf 83' lang='lat' dir='ltr'><strong>de</strong></span> <span class='ocrx_word' id='word_1_161' title='bbox 1201 1759 1302 1794; x_wconf 80' lang='lat' dir='ltr'><strong>uno</strong></span> <span class='ocrx_word' id='word_1_162' title='bbox 1341 1759 1460 1794; x_wconf 82' lang='lat' dir='ltr'><strong>vero</strong></span> <span class='ocrx_word' id='word_1_163' title='bbox 1500 1746 1605 1795; x_wconf 85' lang='lat' dir='ltr'><strong>Deo</strong></span> <span class='ocrx_word' id='word_1_164' title='bbox 1646 1748 1769 1796; x_wconf 82' lang='lat' dir='ltr'><strong>bene</strong></span> <span class='ocrx_word' id='word_1_165' title='bbox 1806 1763 1916 1797; x_wconf 84' lang='lat' dir='ltr'><strong>sen-</strong></span> 
     </span>
     <span class='ocr_line' id='line_1_25' title="bbox 304 1818 1843 1879; baseline 0.001 -10"><span class='ocrx_word' id='word_1_166' title='bbox 304 1823 479 1878; x_wconf 75' lang='lat' dir='ltr'><strong>serint,</strong></span> <span class='ocrx_word' id='word_1_167' title='bbox 518 1822 684 1869; x_wconf 74' lang='lat' dir='ltr'><strong>multis</strong></span> <span class='ocrx_word' id='word_1_168' title='bbox 724 1826 888 1868; x_wconf 84' lang='lat' dir='ltr'><strong>tamen</strong></span> <span class='ocrx_word' id='word_1_169' title='bbox 928 1821 1025 1868; x_wconf 71' lang='lat' dir='ltr'><strong>diis</strong></span> <span class='ocrx_word' id='word_1_170' title='bbox 1063 1834 1219 1868; x_wconf 80' lang='lat' dir='ltr'><strong>sacra</strong></span> <span class='ocrx_word' id='word_1_171' title='bbox 1254 1818 1500 1879; x_wconf 77' lang='lat' dir='ltr'><strong>facienda</strong></span> <span class='ocrx_word' id='word_1_172' title='bbox 1540 1823 1843 1870; x_wconf 73' lang='lat' dir='ltr'><strong>censuerint.</strong></span> 
     </span>
    </p>
   </div>
   <div class='ocr_carea' id='block_1_11' title="bbox 232 1921 1966 2650">
    <p class='ocr_par' dir='ltr' id='par_1_11' title="bbox 232 1921 1966 2650">
     <span class='ocr_line' id='line_1_26' title="bbox 381 1921 1966 1988; baseline 0.001 -17"><span class='ocrx_word' id='word_1_173' title='bbox 381 1922 477 1971; x_wconf 85' lang='lat' dir='ltr'><strong>Sed</strong></span> <span class='ocrx_word' id='word_1_174' title='bbox 518 1922 863 1986; x_wconf 85' lang='lat' dir='ltr'><strong>undecumque</strong></span> <span class='ocrx_word' id='word_1_175' title='bbox 903 1924 997 1971; x_wconf 86' lang='lat' dir='ltr'><strong>ista</strong></span> <span class='ocrx_word' id='word_1_176' title='bbox 1035 1921 1116 1970; x_wconf 93' lang='lat' dir='ltr'><strong>ille</strong></span> <span class='ocrx_word' id='word_1_177' title='bbox 1158 1921 1399 1988; x_wconf 76' lang='lat' dir='ltr'><strong>didicerit,</strong></span> <span class='ocrx_word' id='word_1_178' title='bbox 1439 1924 1539 1971; x_wconf 85' lang='lat' dir='ltr'><strong>sive</strong></span> <span class='ocrx_word' id='word_1_179' title='bbox 1579 1923 1918 1987; x_wconf 85' lang='lat' dir='ltr'><strong>praecedenti·</strong></span> <span class='ocrx_word' id='word_1_180' title='bbox 1963 1935 1966 1938; x_wconf 79' lang='grc'><em>·</em></span> 
     </span>
     <span class='ocr_line' id='line_1_27' title="bbox 232 1995 1916 2062; baseline 0.001 -18"><span class='ocrx_word' id='word_1_181' title='bbox 232 1996 325 2045; x_wconf 86' lang='lat' dir='ltr'><strong>hus</strong></span> <span class='ocrx_word' id='word_1_182' title='bbox 367 2012 478 2045; x_wconf 92' lang='lat' dir='ltr'><strong>eum</strong></span> <span class='ocrx_word' id='word_1_183' title='bbox 518 2002 742 2044; x_wconf 88' lang='lat' dir='ltr'><strong>veterum</strong></span> <span class='ocrx_word' id='word_1_184' title='bbox 781 1995 920 2045; x_wconf 87' lang='lat' dir='ltr'><strong>libris</strong></span> <span class='ocrx_word' id='word_1_185' title='bbox 962 1997 1061 2044; x_wconf 88' lang='lat' dir='ltr'><strong>sive</strong></span> <span class='ocrx_word' id='word_1_186' title='bbox 1100 1997 1282 2062; x_wconf 80' lang='lat' dir='ltr'><strong>potiUS,</strong></span> <span class='ocrx_word' id='word_1_187' title='bbox 1322 2011 1419 2060; x_wconf 92' lang='lat' dir='ltr'><strong>quo</strong></span> <span class='ocrx_word' id='word_1_188' title='bbox 1459 1996 1603 2044; x_wconf 88' lang='lat' dir='ltr'><strong>modo</strong></span> <span class='ocrx_word' id='word_1_189' title='bbox 1647 1997 1766 2046; x_wconf 92' lang='lat' dir='ltr'><strong>dicit</strong></span> <span class='ocrx_word' id='word_1_190' title='bbox 1803 2012 1916 2062; x_wconf 91' lang='lat' dir='ltr'><strong>apo-</strong></span> 
     </span>
     <span class='ocr_line' id='line_1_28' title="bbox 234 2069 1917 2135; baseline 0.001 -17"><span class='ocrx_word' id='word_1_191' title='bbox 234 2069 403 2135; x_wconf 79' lang='lat' dir='ltr'><strong>stolUS,</strong></span> <span class='ocrx_word' id='word_1_192' title='bbox 443 2072 563 2130; x_wconf 77' lang='lat' dir='ltr'><strong>quia</strong></span> <span class='ocrx_word' id='word_1_193' title='bbox 603 2071 739 2130; x_wconf 79' lang='lat' dir='ltr'><strong>quod</strong></span> <span class='ocrx_word' id='word_1_194' title='bbox 775 2074 945 2118; x_wconf 79' lang='lat' dir='ltr'><strong>notum</strong></span> <span class='ocrx_word' id='word_1_195' title='bbox 985 2075 1059 2118; x_wconf 82' lang='lat' dir='ltr'><strong>est</strong></span> <span class='ocrx_word' id='word_1_196' title='bbox 1097 2070 1196 2118; x_wconf 79' lang='lat' dir='ltr'><strong>Dei</strong></span> <span class='ocrx_word' id='word_1_197' title='bbox 1230 2069 1550 2131; x_wconf 75' lang='lat' dir='ltr'><strong>manifestum</strong></span> <span class='ocrx_word' id='word_1_198' title='bbox 1590 2076 1664 2120; x_wconf 82' lang='lat' dir='ltr'><strong>est</strong></span> <span class='ocrx_word' id='word_1_199' title='bbox 1702 2073 1753 2120; x_wconf 75' lang='lat' dir='ltr'><strong>in</strong></span> <span class='ocrx_word' id='word_1_200' title='bbox 1794 2073 1917 2128; x_wconf 74' lang='lat' dir='ltr'><strong>illis;</strong></span> 
     </span>
     <span class='ocr_line' id='line_1_29' title="bbox 233 2142 1915 2204; baseline 0.002 -13"><span class='ocrx_word' id='word_1_201' title='bbox 233 2144 371 2193; x_wconf 80' lang='lat' dir='ltr'><strong>Deus</strong></span> <span class='ocrx_word' id='word_1_202' title='bbox 403 2146 534 2192; x_wconf 78' lang='lat' dir='ltr'><strong>enim</strong></span> <span class='ocrx_word' id='word_1_203' title='bbox 566 2146 662 2191; x_wconf 74' lang='lat' dir='ltr'><em>illis</em></span> <span class='ocrx_word' id='word_1_204' title='bbox 694 2142 1038 2204; x_wconf 72' lang='lat' dir='ltr'><strong>manifestavit</strong></span> <span class='ocrx_word' id='word_1_205' title='bbox 1047 2160 1067 2200; x_wconf 88' lang='lat'><em>;</em></span> <span class='ocrx_word' id='word_1_206' title='bbox 1107 2145 1378 2192; x_wconf 74' lang='lat' dir='ltr'><strong>invisibilia</strong></span> <span class='ocrx_word' id='word_1_207' title='bbox 1411 2146 1541 2192; x_wconf 78' lang='lat' dir='ltr'><strong>enim</strong></span> <span class='ocrx_word' id='word_1_208' title='bbox 1580 2146 1688 2193; x_wconf 81' lang='lat' dir='ltr'><strong>eius</strong></span> <span class='ocrx_word' id='word_1_209' title='bbox 1728 2159 1759 2193; x_wconf 83' lang='lat' dir='ltr'><em>a</em></span> <span class='ocrx_word' id='word_1_210' title='bbox 1800 2159 1915 2194; x_wconf 83' lang='lat' dir='ltr'><strong>con-</strong></span> 
     </span>
     <span class='ocr_line' id='line_1_30' title="bbox 233 2215 1916 2278; baseline 0.001 -13"><span class='ocrx_word' id='word_1_211' title='bbox 233 2219 489 2266; x_wconf 73' lang='lat' dir='ltr'><strong>stitutione</strong></span> <span class='ocrx_word' id='word_1_212' title='bbox 528 2218 704 2264; x_wconf 74' lang='lat' dir='ltr'><strong>mundi</strong></span> <span class='ocrx_word' id='word_1_213' title='bbox 735 2231 832 2277; x_wconf 75' lang='lat' dir='ltr'><strong>per</strong></span> <span class='ocrx_word' id='word_1_214' title='bbox 871 2232 946 2277; x_wconf 79' lang='lat' dir='ltr'><strong>ea,</strong></span> <span class='ocrx_word' id='word_1_215' title='bbox 987 2231 1118 2277; x_wconf 79' lang='lat' dir='ltr'><strong>quae</strong></span> <span class='ocrx_word' id='word_1_216' title='bbox 1152 2215 1299 2278; x_wconf 80' lang='lat' dir='ltr'><strong>facta</strong></span> <span class='ocrx_word' id='word_1_217' title='bbox 1337 2223 1466 2277; x_wconf 82' lang='lat' dir='ltr'><strong>sunt,</strong></span> <span class='ocrx_word' id='word_1_218' title='bbox 1508 2220 1761 2267; x_wconf 74' lang='lat' dir='ltr'><strong>intellecta</strong></span> <span class='ocrx_word' id='word_1_219' title='bbox 1801 2233 1916 2267; x_wconf 82' lang='lat' dir='ltr'><strong>con-</strong></span> 
     </span>
     <span class='ocr_line' id='line_1_31' title="bbox 233 2292 1918 2352; baseline 0.001 -13"><span class='ocrx_word' id='word_1_220' title='bbox 233 2292 544 2352; x_wconf 77' lang='lat' dir='ltr'><strong>spiciuntur,</strong></span> <span class='ocrx_word' id='word_1_221' title='bbox 589 2293 893 2351; x_wconf 77' lang='lat' dir='ltr'><strong>sempiterna</strong></span> <span class='ocrx_word' id='word_1_222' title='bbox 948 2304 1144 2350; x_wconf 81' lang='lat' dir='ltr'><strong>quoque</strong></span> <span class='ocrx_word' id='word_1_223' title='bbox 1198 2292 1359 2339; x_wconf 77' lang='lat' dir='ltr'><strong>virtus</strong></span> <span class='ocrx_word' id='word_1_224' title='bbox 1406 2293 1513 2340; x_wconf 75' lang='lat' dir='ltr'><strong>eius</strong></span> <span class='ocrx_word' id='word_1_225' title='bbox 1560 2296 1610 2340; x_wconf 84' lang='lat' dir='ltr'><strong>et</strong></span> <span class='ocrx_word' id='word_1_226' title='bbox 1655 2293 1918 2341; x_wconf 76' lang='lat' dir='ltr'><strong>divinitas:</strong></span> 
     </span>
     <span class='ocr_line' id='line_1_32' title="bbox 233 2362 1915 2429; baseline 0.001 -17"><span class='ocrx_word' id='word_1_227' title='bbox 233 2378 366 2412; x_wconf 90' lang='lat' dir='ltr'><strong>nunc</strong></span> <span class='ocrx_word' id='word_1_228' title='bbox 421 2378 520 2411; x_wconf 91' lang='lat' dir='ltr'><strong>non</strong></span> <span class='ocrx_word' id='word_1_229' title='bbox 575 2364 805 2412; x_wconf 86' lang='lat' dir='ltr'><strong>inmerito</strong></span> <span class='ocrx_word' id='word_1_230' title='bbox 869 2377 946 2410; x_wconf 90' lang='lat' dir='ltr'><strong>me</strong></span> <span class='ocrx_word' id='word_1_231' title='bbox 1000 2362 1279 2415; x_wconf 84' lang='lat' dir='ltr'><strong>Platonicos</strong></span> <span class='ocrx_word' id='word_1_232' title='bbox 1333 2363 1654 2429; x_wconf 87' lang='lat' dir='ltr'><strong>philosophos</strong></span> <span class='ocrx_word' id='word_1_233' title='bbox 1709 2365 1915 2429; x_wconf 83' lang='lat' dir='ltr'><strong>elegisse</strong></span> 
     </span>
     <span class='ocr_line' id='line_1_33' title="bbox 234 2436 1917 2504; baseline 0 -18"><span class='ocrx_word' id='word_1_234' title='bbox 234 2452 347 2486; x_wconf 90' lang='lat' dir='ltr'><strong>cum</strong></span> <span class='ocrx_word' id='word_1_235' title='bbox 388 2436 566 2501; x_wconf 87' lang='lat' dir='ltr'><strong>quibus</strong></span> <span class='ocrx_word' id='word_1_236' title='bbox 616 2451 779 2502; x_wconf 90' lang='lat' dir='ltr'><strong>agam,</strong></span> <span class='ocrx_word' id='word_1_237' title='bbox 831 2437 960 2500; x_wconf 91' lang='lat' dir='ltr'><strong>quod</strong></span> <span class='ocrx_word' id='word_1_238' title='bbox 1001 2438 1051 2484; x_wconf 90' lang='lat' dir='ltr'><strong>in</strong></span> <span class='ocrx_word' id='word_1_239' title='bbox 1091 2438 1183 2485; x_wconf 89' lang='lat' dir='ltr'><strong>ista</strong></span> <span class='ocrx_word' id='word_1_240' title='bbox 1223 2439 1536 2504; x_wconf 82' lang='lat' dir='ltr'><strong>quaestione,</strong></span> <span class='ocrx_word' id='word_1_241' title='bbox 1588 2453 1734 2502; x_wconf 90' lang='lat' dir='ltr'><strong>quam</strong></span> <span class='ocrx_word' id='word_1_242' title='bbox 1771 2438 1917 2486; x_wconf 91' lang='lat' dir='ltr'><strong>modo</strong></span> 
     </span>
     <span class='ocr_line' id='line_1_34' title="bbox 234 2509 1914 2577; baseline 0.001 -18"><span class='ocrx_word' id='word_1_243' title='bbox 234 2512 571 2576; x_wconf 81' lang='lat' dir='ltr'><strong>suscepimuS,</strong></span> <span class='ocrx_word' id='word_1_244' title='bbox 621 2511 780 2574; x_wconf 88' lang='lat' dir='ltr'><strong>agitur</strong></span> <span class='ocrx_word' id='word_1_245' title='bbox 827 2509 886 2557; x_wconf 90' lang='lat' dir='ltr'><strong>de</strong></span> <span class='ocrx_word' id='word_1_246' title='bbox 934 2510 1143 2558; x_wconf 85' lang='lat' dir='ltr'><strong>naturali</strong></span> <span class='ocrx_word' id='word_1_247' title='bbox 1182 2510 1452 2577; x_wconf 87' lang='lat' dir='ltr'><strong>theologia,</strong></span> <span class='ocrx_word' id='word_1_248' title='bbox 1503 2517 1672 2560; x_wconf 89' lang='lat' dir='ltr'><strong>utrum</strong></span> <span class='ocrx_word' id='word_1_249' title='bbox 1710 2518 1914 2576; x_wconf 88' lang='lat' dir='ltr'><strong>propter</strong></span> 
     </span>
     <span class='ocr_line' id='line_1_35' title="bbox 235 2584 1915 2650; baseline 0.001 -18"><span class='ocrx_word' id='word_1_250' title='bbox 235 2584 541 2650; x_wconf 81' lang='lat' dir='ltr'><strong>felicitatem,</strong></span> <span class='ocrx_word' id='word_1_251' title='bbox 597 2599 719 2647; x_wconf 90' lang='lat' dir='ltr'><strong>quae</strong></span> <span class='ocrx_word' id='word_1_252' title='bbox 775 2589 887 2647; x_wconf 86' lang='lat' dir='ltr'><strong>post</strong></span> <span class='ocrx_word' id='word_1_253' title='bbox 942 2590 1151 2632; x_wconf 90' lang='lat' dir='ltr'><strong>mortem</strong></span> <span class='ocrx_word' id='word_1_254' title='bbox 1206 2584 1372 2633; x_wconf 86' lang='lat' dir='ltr'><strong>sutura</strong></span> <span class='ocrx_word' id='word_1_255' title='bbox 1429 2591 1527 2650; x_wconf 87' lang='lat' dir='ltr'><strong>est,</strong></span> <span class='ocrx_word' id='word_1_256' title='bbox 1582 2587 1667 2633; x_wconf 90' lang='lat' dir='ltr'><strong>uni</strong></span> <span class='ocrx_word' id='word_1_257' title='bbox 1706 2585 1807 2634; x_wconf 90' lang='lat' dir='ltr'><strong>Deo</strong></span> <span class='ocrx_word' id='word_1_258' title='bbox 1855 2600 1915 2633; x_wconf 90' lang='lat' dir='ltr'><strong>an</strong></span> 
     </span>
    </p>
   </div>
   <div class='ocr_carea' id='block_1_12' title="bbox 356 2709 777 2765">
    <p class='ocr_par' dir='ltr' id='par_1_12' title="bbox 356 2709 777 2765">
     <span class='ocr_line' id='line_1_36' title="bbox 356 2709 777 2765; baseline 0.002 -12"><span class='ocrx_word' id='word_1_259' title='bbox 356 2713 426 2765; x_wconf 84' lang='grc'><strong>11)</strong></span> <span class='ocrx_word' id='word_1_260' title='bbox 458 2709 598 2754; x_wconf 82' lang='lat' dir='ltr'><strong>Exod.</strong></span> <span class='ocrx_word' id='word_1_261' title='bbox 634 2714 675 2764; x_wconf 87' lang='lat'><strong>3,</strong></span> <span class='ocrx_word' id='word_1_262' title='bbox 712 2715 777 2754; x_wconf 82' lang='lat'><strong>14.</strong></span> 
     </span>
    </p>
   </div>
   <div class='ocr_carea' id='block_1_13' title="bbox 354 2871 918 2926">
    <p class='ocr_par' dir='ltr' id='par_1_13' title="bbox 354 2871 918 2926">
     <span class='ocr_line' id='line_1_37' title="bbox 354 2871 918 2926; baseline -0.004 -10"><span class='ocrx_word' id='word_1_263' title='bbox 354 2878 380 2916; x_wconf 83' lang='lat'><strong>4</strong></span> <span class='ocrx_word' id='word_1_264' title='bbox 412 2872 505 2916; x_wconf 82' lang='lat' dir='ltr'><strong>illis</strong></span> <span class='ocrx_word' id='word_1_265' title='bbox 537 2885 626 2916; x_wconf 81' lang='lat' dir='ltr'><strong>mss</strong></span> <span class='ocrx_word' id='word_1_266' title='bbox 643 2889 659 2926; x_wconf 86' lang='lat'><strong>‚·</strong></span> <span class='ocrx_word' id='word_1_267' title='bbox 689 2871 736 2915; x_wconf 88' lang='lat' dir='ltr'><strong>in</strong></span> <span class='ocrx_word' id='word_1_268' title='bbox 767 2871 861 2915; x_wconf 83' lang='lat' dir='ltr'><strong>illis</strong></span> <span class='ocrx_word' id='word_1_269' title='bbox 896 2885 918 2915; x_wconf 86' lang='lat' dir='ltr'><em>v</em></span> 
     </span>
    </p>
   </div>
  </div>
 </body>
</html>
