2020 3122
550 157 616 189 DE
640 156 880 190 civa'rn
904 159 992 191 DEI
1015 159 1058 191 L.
1084 160 1155 191 111.
1181 159 1218 192 c.
1244 161 1297 194 17.
1676 151 1781 203 123

101 286 225 335 quae
265 269 864 336 dice1·emus·accepimuS,
904 276 954 320 et
993 270 1127 320 nullo
1167 272 1311 321 modo
1351 273 1514 322 dicere
1555 273 1631 322 vel
1671 274 1782 323 talia

101 345 174 394 vel
215 351 392 394 cuncta
433 343 720 393 sufficimus,

247 417 342 467 Ubi
365 424 508 466 erant
532 432 648 482 ergo
680 416 751 466 illi
790 417 872 483 dii,
911 420 995 482 qui
1033 425 1238 484 propter
1278 422 1502 485 exiguam
1539 420 1782 470 fallacem-

99 508 196 557 que
251 492 421 541 mundi
474 491 621 541 huius
676 491 961 540 felicitatem
1015 492 1207 541 colendi
1255 496 1619 561 existimantur,
1669 510 1782 545 cum

97 566 320 630 Romani,
359 565 538 630 quibus
578 580 631 614 se
663 565 894 614 colendos
933 566 1308 616 mendacissima
1346 571 1524 617 astutia
1563 569 1777 618 vendita-

94 639 228 706 bant,
267 642 418 689 tantis
457 638 813 688 calamitatibus
845 637 1178 690 vexarentur?
1254 640 1348 690 Ubi
1389 648 1543 707 erant,
1584 642 1779 706 quando

95 713 318 764 Valerius
343 713 516 763 consul
555 712 614 762 ab
640 712 869 763 exulibus
902 719 951 763 et
982 716 1137 763 servis
1177 716 1462 764 inscensum
1487 714 1778 779 Capitolium

96 804 211 838 cum
235 788 515 837 defensaret
539 789 733 837 occisus
773 794 849 836 est
872 787 1161 853 faciliusque
1200 790 1306 853 ipse
1346 789 1581 854 prodesse
1622 791 1782 853 potuit

96 863 204 912 aedi
243 862 384 928 loviS,
425 877 572 926 quam
610 861 680 910 illi
704 860 850 911 turba
874 867 948 911 tot
986 864 1246 912 numinum
1286 878 1400 912 cum
1440 879 1529 912 suo
1571 865 1780 911 maximo

95 943 243 1001 atque
284 937 468 1001 optimo
509 951 641 1001 rege,
680 937 822 985 cuius
862 935 1101 1001 templum
1138 936 1445 1003 liberaverat,
1484 934 1782 986 subvenire?

95 1010 190 1059 Ubi
221 1015 384 1076 erant,
431 1010 625 1073 quando
673 1010 979 1058 densissimis
1027 1010 1224 1074 fatigata
1273 1012 1444 1060 civitas
1484 1010 1779 1060 seditionum

95 1083 267 1149 malis,
322 1098 435 1132 cum
485 1083 674 1147 legatos
720 1082 937 1132 Athenas
983 1086 1161 1133 missos
1208 1084 1267 1133 ad
1314 1084 1448 1149 leges
1486 1084 1780 1133 mutuandas

93 1157 348 1223 paululum
405 1152 575 1220 quieta
624 1159 965 1223 opperiretur,
1026 1160 1162 1222 gravi
1223 1159 1350 1206 fame
1404 1158 1779 1222 pestilentiaque

94 1237 278 1281 vastata
318 1227 428 1279 est?
475 1230 568 1279 Ubi
594 1237 748 1296 erant,
789 1231 983 1295 quando
1016 1246 1193 1280 rursus
1232 1231 1461 1298 popuIUS,
1501 1247 1614 1300 cum
1654 1232 1779 1280 fame

93 1305 366 1370 laboraret,
405 1305 712 1369 praefectum
752 1319 973 1353 annonae
1012 1307 1229 1369 primum
1269 1307 1474 1370 creavit,
1514 1311 1660 1369 atque
1699 1305 1781 1354 illa

93 1379 220 1435 fame
267 1378 596 1427 invalescente
638 1378 852 1443 Spurius
890 1378 1117 1444 MaeliUS,
1169 1380 1281 1443 quia
1328 1381 1567 1428 esurienti
1617 1378 1779 1428 multi-

93 1453 253 1502 tudini
306 1453 554 1501 frumenta
607 1452 814 1516 largitus
867 1459 968 1517 est,
1022 1455 1164 1516 regni
1210 1452 1441 1502 adfectati
1480 1454 1668 1501 crimen
1707 1454 1779 1501 in-

94 1528 253 1576 currit
301 1532 352 1575 et
403 1525 624 1575 eiusdem
673 1526 912 1591 praefecti
962 1528 1197 1575 instantia
1246 1542 1337 1591 per
1384 1527 1676 1576 dictatorem
1726 1526 1778 1574 L.

93 1601 351 1659 Quintium
401 1606 558 1650 aetate
610 1600 919 1665 decrepitum
966 1615 994 1648 a
1045 1600 1229 1658 Quinto
1285 1600 1490 1649 Servilio
1542 1601 1775 1664 magistro

93 1676 317 1739 equitum
356 1689 469 1723 cum
508 1676 718 1723 maximo
766 1680 815 1723 et
853 1673 1273 1738 periculosissimo
1314 1674 1529 1723 tumultu
1569 1675 1778 1722 civitatis

92 1749 290 1797 occisus
315 1745 426 1797 est?
487 1747 582 1796 Ubi
614 1755 769 1815 erant,
809 1749 1003 1812 quando
1043 1747 1323 1812 pestilentia
1362 1749 1571 1796 maxima
1610 1754 1779 1796 exorta

94 1822 190 1871 diis
230 1820 489 1871 inutilibus
537 1821 750 1886 populus
797 1822 883 1870 diu
930 1821 1240 1885 multumque
1281 1822 1510 1884 fatigatus
1549 1835 1672 1869 nova
1711 1821 1777 1869 le-

95 1897 369 1960 ctisternia,
395 1896 540 1959 -quod
573 1911 842 1960 numquam
868 1901 1011 1944 antea
1043 1896 1242 1961 fecerat,
1274 1894 1546 1944 exhibenda
1573 1894 1777 1943 arbitra·

92 1977 173 2019 tus
214 1966 324 2018 est‘?
380 1968 519 2018 Lecti
565 1975 731 2018 autem
778 1968 1129 2018 sternebantur
1174 1970 1224 2017 in
1270 1968 1510 2017 honorem
1557 1968 1778 2032 deorum,

73 2042 227 2095 ,unde
273 2043 367 2091 hoc
415 2057 611 2092 sacrum
658 2042 734 2091 vel
779 2044 944 2107 potius
993 2042 1306 2106 sacrilegium
1353 2056 1534 2091 nomen
1574 2043 1778 2106 accepit.

93 2116 188 2165 Ubi
227 2123 389 2182 erant,
438 2116 632 2180 quando
679 2131 770 2181 per
817 2117 987 2166 decem
1029 2118 1291 2165 continuos
1331 2131 1486 2165 annos
1524 2115 1650 2164 male
1688 2131 1776 2180 pu-

90 2190 285 2255 gnando
341 2189 541 2238 crebras
596 2197 646 2239 et
699 2205 898 2254 magnas
953 2190 1115 2239 clades
1162 2190 1291 2254 apud
1337 2189 1482 2238 Veios
1531 2191 1778 2238 exercitus

92 2263 342 2313 Romanus
397 2270 677 2329 acceperat,
732 2266 828 2313 nisi
881 2279 971 2329 per
1017 2264 1222 2313 Furium
1271 2263 1526 2312 Camillum
1581 2262 1776 2312 tandem

91 2335 455 2403 subveniretur,
494 2353 642 2402 quem
680 2345 851 2402 postea
890 2339 1059 2387 civitas
1098 2339 1289 2402 ingrata
1329 2333 1608 2386 damnavit?
1684 2334 1777 2383 Ubi

1811 579 1837 619 5

1817 947 1869 987 10

1815 1316 1868 1356 15

1810 1685 1867 1723 20

1810 2053 1865 2092 25

92 2418 255 2477 erant,
295 2411 489 2475 quando
530 2410 651 2460 Galli
691 2411 896 2460 Romam
936 2419 1178 2476 ceperunt
1217 2411 1571 2476 spoliaverunt,
1610 2411 1774 2458 incen-
1808 2420 1863 2458 30

93 2484 274 2534 derunt
312 2484 543 2534 caedibus
568 2482 936 2550 impleverunt?
981 2485 1076 2534 Ubi
1107 2491 1262 2550 erant,
1301 2499 1413 2533 cum
1452 2483 1532 2531 illa
1570 2483 1774 2545 insignis

93 2558 372 2622 pestilentia
405 2565 502 2607 tam
534 2560 786 2623 ingentem
817 2566 1031 2624 stragem
1063 2559 1213 2622 dedit,
1253 2573 1348 2622 qua
1389 2563 1437 2605 et
1474 2556 1554 2604 ille
1594 2555 1773 2603 Furius

93 2629 325 2680 Camillus
370 2633 618 2681 extinctus
667 2639 765 2699 est,
812 2634 897 2697 qui
945 2647 1051 2681 rem
1098 2631 1343 2696 publicam
1382 2632 1620 2693 ingratam
1661 2633 1710 2675 et
1747 2641 1773 2674 a

212 2777 236 2815 7
269 2772 532 2817 inscensum
562 2774 683 2818 [sud.
726 2774 856 2819 Vives
863 2790 882 2827 ;
911 2773 1152 2817 incensum
1183 2785 1271 2815 mss
1301 2785 1326 2814 v
1358 2773 1374 2826 ΙΙ
1407 2775 1460 2813 16
1493 2768 1601 2823 quja
1632 2766 1773 2819 AK¹;

81 2830 175 2885 *qui
210 2831 359 2875 K2Fv
406 2834 421 2888 ΙΙ
467 2838 522 2876 22
562 2833 677 2876 inut.
717 2847 824 2890 pop.
868 2832 988 2885 Cam
1040 2832 1154 2876 inut.
1196 2830 1333 2874 inane
1373 2826 1627 2872 remedium
1665 2839 1770 2881 pop.

92 2889 304 2943 A¹K²F‚·
334 2890 450 2934 inut.
482 2891 580 2936 sine
611 2891 816 2936 remedio
847 2905 956 2948 pop.
989 2889 1127 2934 A2K¹
