2020 3122
200 149 303 201 166
865 153 901 188 S.
925 152 1201 189 Aueus‘rm

198 278 335 323 ceret
359 271 596 336 quietum,
635 283 749 319 cum
781 266 952 318 aedem
988 265 1194 315 haberet
1233 270 1372 315 extra
1408 269 1603 329 portam
1627 261 1879 329 Collinam,

198 345 394 412 publice
441 343 574 393 illam
620 344 872 408 suscipere
921 340 1202 390 noluerunt.
1278 338 1457 388 Utrum
1503 337 1740 387 indicium
1787 336 1880 385 fuit

200 420 350 469 animi
395 419 624 484 inquieti,
672 432 734 466 an
778 417 942 482 potius
989 416 1056 464 ita
1104 413 1432 479 significatum
1480 417 1577 478 est,
1626 412 1712 476 qui
1749 409 1882 460 illam

199 492 396 543 turbam
428 491 590 541 colere
615 496 957 557 perseveraret
988 503 1086 537 non
1117 487 1259 552 plane
1300 487 1522 551 deorum,
1561 485 1647 534 sed
1687 484 1880 534 daemo-

142 578 168 617 5
202 569 412 631 niorum,
452 580 566 627 eum
606 567 823 630 quietem
861 562 1042 612 habere
1083 576 1183 610 non
1221 557 1407 626 posse?
1458 559 1518 608 ad
1558 573 1706 624 quam
1742 565 1883 608 vocat

198 655 347 690 verus
386 639 606 689 medicus
646 638 837 689 dicens:
884 638 1076 687 Discite
1115 651 1147 685 α
1186 649 1284 695 me,
1331 637 1567 696 quoniam
1604 635 1737 683 mitis
1774 646 1883 683 sum
1910 645 1923 656 *

200 720 249 764 et
284 715 485 764 humilis
524 714 694 775 corde,
733 718 784 763 et
820 712 1082 761 invenietis
1121 710 1346 770 requiem
1385 709 1650 758 animabus
1689 709 1880 758 vestris,

842 912 1041 967 CAPUT
1074 908 1247 964 XVII.

261 1023 352 1085 An,
391 1023 438 1087 sp·
476 1022 608 1072 Iovis
645 1034 839 1071 summa
871 1022 1096 1082 potestas
1133 1025 1220 1080 est,
1261 1018 1411 1067 etiam
1462 1014 1687 1068 Victoria
1727 1017 1824 1067 dea

115 1107 169 1147 10
756 1095 989 1144 debuerit
1025 1093 1323 1142 existimari.

349 1198 422 1248 An
461 1198 588 1249 forte
628 1195 814 1264 dicunt,
854 1195 986 1261 quod
1026 1195 1167 1246 deam
1205 1193 1471 1245 Victoriam
1509 1193 1731 1260 Iuppiter
1770 1195 1881 1244 mit-

202 1281 270 1323 tat
303 1280 448 1338 atque
481 1272 562 1322 illa
594 1278 843 1337 tamquam
882 1271 987 1335 regi
1027 1269 1235 1320 deorum
1273 1267 1620 1335 obtemperans
1660 1267 1719 1318 ad
1759 1283 1884 1334 quos

201 1349 403 1397 iusserit
440 1348 602 1396 veniat
642 1352 690 1396 et
728 1347 780 1395 in
823 1359 995 1394 eorum
1033 1350 1174 1409 parte
1208 1340 1467 1394 considat?
1517 1342 1621 1392 Hoc
1661 1357 1775 1392 vere
1815 1342 1886 1393 di-

203 1423 332 1471 citur
385 1435 485 1470 non
535 1419 595 1469 de
651 1419 734 1469 illo
790 1418 928 1486 Iove,
982 1433 1131 1483 quem
1184 1417 1392 1468 deorum
1441 1432 1608 1482 regem
1654 1432 1745 1483 pro
1800 1432 1889 1466 sua

117 1503 171 1543 15
203 1497 432 1560 opinione
488 1494 801 1560 confingunt,
856 1493 942 1542 sed
996 1492 1056 1542 de
1102 1491 1185 1542 illo
1231 1507 1349 1542 vero
1395 1506 1512 1557 rege
1562 1490 1890 1556 saeculorum,

204 1568 335 1633 quod
375 1570 535 1618 mittat
575 1583 674 1617 non
699 1566 978 1633 Victoriam,
1018 1581 1143 1632 quae
1183 1566 1316 1615 nulla
1355 1565 1627 1616 substantia
1669 1573 1762 1634 est,
1801 1565 1889 1615 sed

202 1642 431 1707 angelum
455 1657 601 1691 suum
632 1648 682 1691 et
713 1641 857 1691 saciat
893 1642 1091 1690 vincere
1132 1655 1279 1705 quem
1318 1639 1550 1706 voluerit;
1591 1642 1733 1690 cuius
1773 1655 1888 1690 con·

204 1716 367 1765 silium
414 1715 663 1765 occultum
710 1731 818 1764 esse
865 1721 1051 1780 potest,
1098 1716 1322 1778 iniquum
1373 1729 1471 1763 non
1510 1720 1689 1779 potest.
1766 1714 1890 1764 Nam

204 1792 245 1838 si
292 1791 496 1838 victoria
543 1789 632 1839 dea
684 1795 785 1855 est,
841 1803 932 1838 cur
971 1803 1071 1837 non
1110 1788 1232 1838 deus
1273 1794 1348 1837 est
1388 1794 1437 1837 et
1475 1787 1784 1855 triumphus,
1841 1795 1890 1838 et

115 1873 172 1912 20
204 1864 438 1913 victoriae
477 1865 699 1928 iungitur
736 1862 813 1912 vel
851 1863 1057 1912 maritus
1097 1861 1173 1912 vel
1211 1862 1366 1911 frater
1405 1861 1481 1911 vel
1519 1859 1685 1912 filius?
1754 1862 1889 1912 Talia

205 1938 385 2001 quippe
417 1938 500 1986 isti
531 1936 590 1986 de
623 1936 716 1986 diis
755 1937 940 2002 opinati
980 1942 1112 2003 sunt,
1151 1935 1312 2001 qualia
1352 1938 1393 1986 si
1431 1942 1605 2002 poetae
1645 1936 1889 2002 fingerent

204 2016 349 2074 atque
405 2025 431 2058 a
485 2010 627 2060 nobis
683 2012 1075 2077 exagitarentur,
1130 2010 1493 2076 responderent
1546 2011 1629 2060 isti
1683 2009 1890 2060 ridenda

205 2098 312 2132 esse
345 2083 576 2147 figmenta
599 2091 873 2150 poetarum,
912 2099 1013 2133 non
1043 2086 1172 2133 veris
1213 2084 1538 2134 adtribuenda
1577 2083 1888 2149 numinibus;

205 2164 254 2206 et
285 2163 449 2206 tamen
482 2172 535 2206 se
567 2159 663 2222 ipsi
702 2173 802 2206 non
840 2157 1082 2224 ridebant,
1122 2172 1236 2207 cum
1274 2157 1388 2208 talia
1427 2157 1748 2207 deliramenta
1786 2172 1888 2206 non

110 2237 173 2280 ⁴25
204 2229 333 2295 apud
386 2236 557 2295 poetas
610 2230 862 2296 legebant,
917 2231 1004 2281 sed
1057 2233 1109 2281 in
1164 2231 1361 2297 templis
1409 2230 1648 2282 colebant.
1724 2230 1889 2280 Iovem

203 2305 356 2368 igitur
395 2303 454 2353 de
503 2303 732 2354 omnibus
785 2311 1041 2372 rogarent,
1087 2307 1133 2355 ei
1187 2308 1275 2355 uni
1322 2304 1660 2355 tantummodo
1702 2304 1887 2370 suppli-

205 2384 388 2427 carent.
464 2377 571 2427 Non
613 2380 759 2446 enim,
799 2393 895 2443 quo
936 2380 1152 2428 misisset
1190 2377 1472 2446 Victoriam,
1511 2379 1554 2428 si
1593 2378 1683 2428 dea
1723 2384 1799 2428 est
1838 2385 1887 2428 et

205 2450 298 2500 sub
337 2450 420 2500 illo
469 2467 584 2517 rege
633 2458 731 2518 est,
780 2459 949 2518 posset
1010 2455 1056 2502 ei
1118 2451 1298 2503 audere
1354 2454 1587 2503 resistere
1645 2458 1694 2502 et
1748 2467 1888 2502 suam

203 2526 369 2589 potius
410 2525 571 2575 facere
611 2525 924 2576 voluntatem.

325 2669 368 2723 7)
401 2667 484 2712 Mt.
518 2671 587 2723 11,
620 2672 688 2712 29.

323 2834 348 2872 3
383 2843 443 2873 an
475 2829 617 2874 etiam
647 2830 802 2887 potius
836 2829 909 2887 011
935 2835 959 2875 6
985 2830 1094 2887 quia.
1117 2844 1142 2875 v
1166 2833 1181 2888 ΙΙ
1208 2835 1261 2875 19
1297 2830 1408 2876 deus
1441 2831 1529 2890 est]
1565 2832 1636 2875 est
1666 2844 1750 2876 om.
1783 2829 1851 2873 ΑΙ
1874 2829 1890 2888 Η

207 2891 263 2930 20
295 2887 513 2944 iungatur
544 2888 589 2934 A
