2020 3122
144 1038 198 1078 10

145 1406 198 1445 15

143 1776 200 1814 20

92 2143 202 2182 ’25

145 2512 202 2552 30

226 125 296 177 48
912 137 947 168 S.
971 136 1249 170 Auensnm

857 303 1052 357 CAPUT
1086 303 1281 357 XXXI.

237 411 428 469 Quibus
475 413 710 460 vitiorum
754 412 1006 472 aradibus
1059 417 1214 460 aucta
1252 414 1318 460 sit
1357 413 1409 459 in
1450 411 1692 460 Romanis
1731 412 1914 473 cupido

938 487 1204 545 remeandi.

376 586 497 636 Nam
539 587 732 651 quando
778 587 859 636 illa
905 589 1185 651 quiesceret
1231 589 1282 636 in
1331 587 1699 652 superbissimis
1739 589 1914 636 menti-

229 660 337 726 bus,
376 660 532 710 donec
558 663 857 710 continuatis
887 660 1159 710 honoribus
1184 661 1243 710 ad
1267 667 1562 726 potestatem
1587 663 1773 726 regiam
1803 676 1914 726 per-

228 731 455 783 veniret?
529 734 784 784 Honorum
845 750 994 799 porro
1050 735 1497 784 continuandorum
1551 734 1756 784 facultas
1817 750 1915 783 non

230 813 377 874 esset,
414 810 510 857 nisi
550 808 748 857 ambitio
788 808 1106 873 praevaleret.
1170 809 1367 857 Minime
1409 815 1573 857 autem
1611 808 1916 873 praevaleret

230 881 446 948 ambitio,
485 884 581 931 nisi
619 884 671 930 in
702 882 884 946 populo
910 883 1110 930 avaritia
1147 881 1440 945 luxuriaque
1484 889 1734 946 corrupto,
1797 881 1914 930 Ava-

229 971 316 1004 rus
367 971 483 1004 vero
530 955 912 1019 luxuriosusque
964 954 1178 1019 populus
1229 954 1460 1004 secundis
1511 954 1662 1004 rebus
1711 955 1916 1004 effectus

230 1035 320 1094 est,
359 1044 480 1092 quas
511 1028 686 1077 Nasica
724 1028 804 1077 ille
844 1028 1273 1093 providentissime
1315 1028 1553 1083 cavendas
1593 1043 1702 1077 esse
1743 1043 1911 1078 cense-

229 1101 327 1168 bat,
366 1102 561 1166 quando
602 1103 852 1151 civitatem
890 1102 1107 1151 hostium
1149 1104 1406 1151 maximam
1437 1103 1755 1151 fortissimam
1795 1118 1917 1168 opu-

230 1176 551 1225 lentissimam
600 1175 797 1225 nolebat
835 1177 1043 1242 auferri,
1089 1182 1146 1225 ut
1183 1178 1359 1225 timore
1400 1175 1550 1224 libido
1588 1183 1918 1242 premeretur,

229 1249 432 1298 libidine
478 1265 650 1314 pressa
696 1265 797 1298 non
843 1250 1179 1299 luxuriaretur
1225 1249 1517 1314 luxuriaque
1570 1249 1784 1298 cohibita
1823 1265 1915 1299 nec

231 1324 431 1372 avaritia
476 1330 807 1388 grassaretur3
855 1322 1035 1387 quibus
1080 1325 1211 1372 vitiis
1260 1322 1502 1371 obseratis
1549 1325 1733 1372 civitati
1781 1323 1915 1372 utilis

231 1398 387 1445 virtus
426 1396 629 1445 floreret
675 1403 724 1446 et
777 1402 1026 1445 cresceret
1064 1398 1207 1461 eique
1248 1398 1420 1445 virtuti
1457 1395 1658 1446 libertas
1699 1412 1915 1462 congrua

231 1477 557 1535 permaneret.
635 1469 763 1519 Hinc
812 1471 957 1519 etiam
1007 1477 1113 1519 erat
1160 1477 1209 1519 et
1257 1485 1316 1518 ex
1355 1470 1446 1518 hac
1485 1469 1915 1535 providentissima

230 1546 417 1609 patriae
458 1545 659 1593 caritate
706 1543 954 1609 veniebat,
1006 1543 1137 1608 quod
1175 1543 1307 1592 idem
1334 1543 1452 1608 ipse
1490 1550 1656 1593 vester
1695 1545 1916 1609 pontifex

232 1620 495 1683 maximUS,
542 1633 568 1666 a
608 1624 781 1666 senatu
820 1617 952 1666 illius
992 1619 1229 1682 temporis
1270 1612 1427 1684 (quod
1467 1632 1612 1682 saepe
1652 1617 1917 1667 dicendum

233 1686 332 1759 est)
373 1691 560 1740 electus
610 1693 714 1740 sine
763 1690 859 1739 ulla
906 1692 1262 1740 sententiarum
1313 1690 1641 1755 discrepantia
1679 1693 1753 1740 vir
1792 1693 1914 1756 opti-

233 1780 359 1831 m11S,
399 1780 594 1814 caveam
618 1764 799 1814 theatri
824 1771 1049 1813 senatum
1081 1771 1370 1813 construere
1404 1764 1688 1814 molientem
1727 1763 1785 1813 ab
1826 1765 1915 1814 hac

232 1838 553 1904 dispositione
587 1845 635 1888 et
667 1838 933 1903 cupiditate
967 1839 1271 1903 compescuit
1308 1839 1653 1902 persuasitque
1694 1840 1914 1888 oratione

232 1914 538 1978 gravissima,
585 1927 646 1961 ne
688 1911 920 1961 Graecam
971 1911 1216 1961 luxuriam
1269 1911 1490 1960 virilibus
1543 1913 1728 1976 patriae
1767 1915 1914 1961 mori-

232 1985 325 2035 bus
379 1991 669 2051 paterentur
722 1985 963 2050 obrepere
1018 1992 1067 2034 et
1121 1985 1179 2033 ad
1242 1987 1474 2034 virtutem
1528 1985 1915 2035 labefactandam

233 2059 656 2124 enervandamque
697 2058 964 2107 Romanam
1003 2060 1291 2123 peregrinae
1333 2060 1612 2108 consentire
1651 2061 1915 2124 nequitiae,

234 2139 523 2197 tantumque
550 2134 839 2182 auctoritate
864 2132 1030 2197 valuit,
1067 2139 1123 2181 ut
1153 2132 1317 2181 verbis
1349 2134 1455 2181 eius
1496 2139 1737 2182 commota
1777 2148 1913 2182 sena-

233 2209 358 2256 toria
404 2206 711 2272 providentia
764 2207 909 2254 etiam
957 2205 1208 2272 subsellia,
1256 2205 1436 2270 quibus
1482 2205 1540 2254 ad
1588 2206 1759 2255 horam
1799 2222 1913 2255 con·

234 2282 384 2346 gestis
438 2282 489 2328 in
549 2280 779 2329 ludorum
834 2279 1113 2344 spectaculo
1168 2281 1265 2327 iam
1318 2281 1391 2328 uti
1447 2281 1615 2328 civitas
1671 2286 1914 2345 coeperat,

234 2354 467 2419 deinceps
512 2353 800 2419 prohiberet
846 2352 1038 2417 adponi.
1116 2352 1308 2410 Quanto
1357 2352 1518 2402 studio
1558 2355 1650 2402 iste
1691 2353 1750 2402 ab
1790 2353 1913 2402 urbe

234 2427 389 2476 Roma
412 2427 554 2476 ludos
579 2428 714 2492 ipsos
739 2428 991 2475 scaenicos
1017 2425 1315 2492 abstulisset,
1356 2428 1397 2474 si
1422 2428 1702 2475 auctoritati
1727 2441 1914 2492 eorum,

235 2516 359 2566 quos
405 2501 524 2550 deos
569 2499 795 2566 putabat,
849 2501 1082 2548 resistere
1134 2499 1357 2565 auderet,
1413 2515 1536 2564 quos
1584 2515 1691 2548 esse
1740 2501 1913 2549 noxios

235 2576 498 2624 daemones
550 2590 648 2623 non
695 2573 1009 2638 intellegebat
1047 2579 1151 2639 aut,
1200 2575 1242 2622 si
1279 2572 1614 2639 intellegebat,
1651 2572 1913 2638 placandos

235 2651 381 2698 etiam
426 2651 530 2714 ipse
579 2649 743 2713 potius
783 2662 929 2711 quam
968 2645 1353 2696 contemnendos
1393 2645 1720 2696 existimabat!
1782 2646 1912 2696 Non·

235 2723 352 2771 dum
378 2725 508 2771 eniam
532 2723 692 2771 fuerat
716 2721 958 2770 declarata
990 2720 1219 2785 gentibus
1259 2735 1472 2784 superna
1511 2719 1748 2787 doctrina,
1787 2735 1910 2784 quae

357 2873 408 2909 13
441 2864 634 2908 libidine
668 2863 774 2916 CA;
803 2861 950 2907 libido
984 2861 1108 2906 KFv
1131 2863 1146 2918 ΙΙ
1170 2866 1227 2906 24
1256 2862 1412 2905 malim
1442 2861 1693 2906 consentiri
