2020 3122
239 131 347 183 420
908 138 943 172 s.
967 138 1243 172 AUGUSTINI

239 259 500 319 praecepta
539 252 749 300 hominis
789 257 1144 316 exsequantur3
1186 266 1275 299 cur
1315 249 1639 298 adtrectatum
1681 263 1732 297 re
1764 247 1918 298 ‘Vene-

240 329 311 376 ria
345 342 441 375 non
474 326 734 374 exaudiant
772 326 1124 390 inprecantem,
1166 339 1278 373 cum
1317 324 1411 388 ipsi
1451 322 1509 370 ad
1548 324 1764 371 incestos
1801 337 1919 386 quo-

242 416 336 464 que
378 399 667 448 concubitus
718 397 963 463 quoslibet
1002 398 1183 447 ducere
1223 412 1323 445 non
1362 403 1641 461 morentur3
1691 411 1780 445 cur
1820 397 1919 444 ani-

240 472 487 521 mantibus
527 488 642 522 suos
684 474 928 521 antistites
962 478 1191 536 oportere
1226 470 1472 518 abstinere
1514 468 1820 535 denuntient,
1859 484 1920 518 ne

153 534 207 595 ‘5
242 545 502 610 vaporibus
541 547 765 611 profecto
806 547 1059 610 corporeis
1098 544 1403 610 polluantur,
1443 544 1537 608 ipsi
1576 558 1692 591 vero
1727 549 1775 591 et
1815 542 1920 592 aliis

239 619 499 683 vaporibus
553 620 834 669 inliciantur
882 625 930 668 et
977 618 1230 666 nidoribus
1289 617 1583 683 hostiarum,
1637 631 1847 680 cumque
1896 631 1932 683 a·

239 693 487 742 cadaveris
535 699 763 742 contactu
810 691 1129 757 prohibeatur
1176 693 1451 756 inspector,
1501 690 1794 755 plerumque
1841 690 1923 739 illa

240 766 557 816 cadaveribus
598 767 931 831 celebrentur3
981 765 1097 828 quid
1138 766 1221 830 sit,
1270 764 1401 828 quod
1442 779 1539 812 non
1582 764 1807 813 daemoni
1845 763 1922 813 vel

241 840 384 889 alicui
414 842 600 889 animae
642 840 883 905 defuncti,
924 838 1009 887 sed
1048 840 1144 903 ipsi
1184 838 1275 887 soli
1315 845 1363 887 et
1400 837 1544 887 lunae
1578 843 1664 887 aut
1703 839 1919 887 cuicum-

156 921 211 964 10
244 929 339 978 que
373 913 655 962 caelestium
688 913 833 961 homo
867 914 982 961 vitio
1018 911 1220 961 cuilibet
1251 911 1491 961 obnoxius
1522 911 1734 962 intendit
1765 913 1921 962 minas

244 1002 425 1050 eosque
473 989 666 1035 territat
713 986 855 1052 salso,
903 992 958 1034 ut
1006 988 1076 1034 eis
1126 992 1415 1050 extorqueat
1453 988 1723 1035 veritatem.
1800 985 1924 1035 Nam

244 1066 291 1108 et
323 1059 511 1107 caelum
546 1075 596 1108 se
631 1059 877 1108 conlidere
905 1062 1232 1108 comminatur
1258 1066 1306 1108 et
1339 1066 1502 1108 cetera
1537 1059 1711 1108 similia
1736 1059 1947 1108 homini.

241 1132 563 1199 inpossibilia,
605 1140 658 1182 ut
696 1133 765 1181 illi
798 1133 865 1181 dii
904 1139 1152 1197 tamquam
1185 1135 1576 1198 insipientissimi
1615 1135 1758 1198 pueri
1790 1132 1922 1182 falsis

241 1213 290 1255 et
336 1206 556 1254 ridiculis
605 1206 1067 1255 comminationibus
1115 1209 1277 1256 territi
1324 1207 1454 1271 qnod
1502 1209 1774 1271 imperatur
1819 1206 1923 1270 effi-

159 1289 210 1328 15
245 1281 387 1328 ciant.
465 1279 591 1328 Dicit
631 1282 778 1329 etiam
819 1282 1075 1344 scripsisse
1118 1280 1503 1329 Chaeremonem
1544 1279 1811 1346 quendam,
1857 1287 1922 1329 ta-

243 1352 363 1401 lium
396 1368 650 1402 sacrorum
681 1354 756 1402 vel
793 1356 960 1418 potius
994 1354 1363 1419 sacrilegiorum
1402 1356 1641 1420 peritum,
1681 1369 1758 1419 ea,
1799 1368 1921 1417 quae

244 1427 369 1490 apud
405 1427 665 1491 Aegyptios
706 1434 820 1476 sunt
860 1427 1104 1477 celebrata
1143 1427 1426 1477 rumoribus
1466 1427 1541 1476 vel
1580 1427 1639 1476 de
1680 1427 1807 1476 Iside
1847 1427 1924 1477 vel

244 1499 302 1548 de
337 1499 529 1548 Osiride
563 1502 737 1549 marito
772 1503 892 1565 eius,
925 1503 1182 1550 maximam
1215 1503 1313 1550 vim
1343 1500 1524 1549 habere
1559 1501 1765 1565 cogendi
1790 1501 1923 1567 deos,

243 1579 299 1622 ut
338 1574 515 1622 faciant
546 1575 805 1641 imperata,
847 1575 1039 1638 quando
1079 1575 1181 1642 ille,
1220 1577 1305 1639 qui
1338 1574 1637 1624 carminibus
1670 1577 1829 1639 cogit,
1869 1589 1925 1623 ea
1989 1595 1991 1598 ⁴

158 1655 213 1694 20
247 1661 298 1694 se
338 1646 547 1710 prodere
580 1647 654 1695 vel
694 1655 915 1697 evertere
950 1651 1292 1714 comminatur,
1332 1648 1417 1697 ubi
1450 1664 1501 1697 se
1535 1650 1681 1697 etiam
1715 1647 1923 1697 Osiridis
1967 1656 1991 1699 s

243 1719 462 1768 membra
494 1720 847 1785 dissipaturum
878 1722 1167 1771 terribiliter
1200 1722 1331 1782 dicit,
1372 1724 1414 1770 si
1452 1722 1613 1770 facere
1646 1724 1778 1770 iussa
1809 1737 1924 1786 neg·

243 1793 464 1842 lexerint.
532 1793 662 1842 Haec
697 1802 841 1859 atque
882 1795 1029 1845 huius
1063 1796 1194 1845 modi
1225 1811 1346 1844 vana
1379 1802 1427 1844 et
1464 1797 1635 1844 insana
1675 1795 1922 1843 hominem
1960 1803 1970 1812 ‘

245 1866 336 1914 diis
369 1869 557 1933 minari,
592 1883 682 1917 nec
716 1868 1031 1936 quibuslibet,
1065 1870 1151 1918 sed
1184 1871 1304 1934 ipsis
1338 1868 1634 1918 caelestibus
1660 1875 1708 1917 et
1733 1868 1924 1918 siderea

244 1939 351 1988 luce
402 1940 724 2007 fulgentibuS,
772 1958 862 1991 nec
903 1945 1007 1991 sine
1050 1944 1250 2009 effectil,
1299 1943 1385 1991 sed
1425 1941 1636 1991 violenta
1681 1948 1923 2006 potestate

163 2021 217 2060 25
251 2020 505 2076 cogentem
554 2020 699 2077 atque
748 2015 822 2063 his
862 2016 1138 2065 terroribus
1178 2016 1237 2065 ad
1284 2015 1504 2065 facienda
1551 2031 1675 2080 quae
1715 2015 1924 2065 voluerit

248 2085 621 2152 perducentem,
677 2090 852 2137 merito
900 2089 1203 2155 Porphyrius
1259 2090 1550 2155 admiratur,
1604 2091 1752 2138 immo
1806 2104 1922 2138 vero

248 2158 338 2207 sub
372 2161 534 2222 specie
568 2163 790 2210 mirantis
823 2168 872 2210 et
904 2178 1074 2211 causas
1107 2179 1275 2212 rerum
1307 2163 1475 2212 talium
1507 2164 1808 2226 requirentis
1844 2162 1924 2211 dat

247 2231 464 2295 intellegi
503 2232 610 2280 illos
650 2233 768 2282 haec
802 2250 945 2298 agere
987 2239 1213 2303 spirituS,
1254 2251 1466 2300 quorum
1506 2251 1661 2300 genus
1694 2238 1923 2304 superius

249 2304 339 2353 sub
373 2305 577 2353 aliorum
611 2309 890 2370 opinatione
923 2309 1199 2375 descripsit,
1239 2326 1352 2376 non,
1392 2318 1447 2358 ut
1478 2312 1582 2374 ipse
1622 2311 1800 2374 posuit,
1840 2324 1922 2358 na-

159 2387 215 2427 30
248 2384 379 2443 tura,
432 2378 515 2427 sed
557 2380 673 2427 vitio
714 2380 930 2445 fallaceS,
979 2385 1063 2445 qui
1103 2383 1333 2432 simulant
1372 2384 1489 2431 deos
1530 2390 1578 2431 et
1618 2384 1802 2431 animas
1842 2382 1922 2430 de·

248 2452 545 2517 functorum,
585 2451 847 2502 daemones
880 2462 1042 2503 autem
1076 2471 1188 2522 non,
1221 2463 1275 2505 ut
1308 2459 1373 2505 ait
1405 2458 1525 2522 ipse,
1559 2456 1804 2522 simulant,
1837 2455 1922 2504 sed

245 2524 387 2588 plane
420 2532 548 2573 sunt.
614 2525 673 2574 Et
705 2526 833 2590 quod
867 2529 912 2575 ei
944 2528 1136 2577 videtur
1176 2529 1343 2578 herbis
1376 2537 1424 2578 et
1463 2529 1708 2594 lapidibus
1742 2537 1790 2578 et
1822 2531 1921 2578 ani-

247 2598 491 2647 mantibus
532 2605 579 2647 et
620 2601 752 2648 sonis
793 2602 940 2648 certis
981 2602 1272 2664 quibusdam
1311 2618 1365 2650 ac
1406 2603 1607 2651 vocibus
1647 2609 1696 2651 et
1747 2603 1921 2667 figura-

246 2671 462 2720 tionibus
509 2679 654 2736 atque
702 2673 966 2739 figmentis,
1023 2674 1314 2738 quibusdam
1363 2677 1508 2724 etiam
1555 2675 1825 2724 observatis
1871 2677 1923 2725 in
1963 2693 1980 2698 “

366 2862 388 2900 1
423 2858 631 2903 Venerea
662 2873 686 2903 v
710 2861 726 2916 fl
751 2865 774 2903 2
808 2874 989 2916 quoque
1022 2860 1139 2914 AF;
1170 2874 1375 2916 quosque
1407 2861 1481 2905 Kv
1506 2863 1520 2917 ΙΙ
1548 2867 1600 2906 18
1634 2861 1743 2906 osiri
1774 2861 1842 2905 A²
