2020 3122
569 125 637 157 DE
661 124 899 158 currum
923 126 1011 158 DEI
1035 126 1076 159 L.
1100 127 1145 159 v.
1170 126 1209 160 c.
1236 128 1288 160 19.
1313 128 1366 160 20.
1704 114 1810 166 231

133 235 457 300 comparanda
513 243 612 304 est,
676 252 886 301 quorum
943 252 1055 302 spes
1109 240 1266 303 posita
1322 245 1396 288 est
1450 239 1502 287 in
1556 239 1711 303 gratia
1766 246 1815 286 et

130 309 468 359 misericordia
506 312 610 359 veri
648 309 750 360 Dei.

800 468 997 523 CAPUT
1029 468 1147 522 XX.

192 561 311 610 Tam
350 563 568 624 turpiter
606 565 801 611 servire
840 564 1050 612 virtutes
1088 563 1341 610 humanae
1376 565 1576 622 yloriae
1614 577 1764 624 quam

711 638 955 723 eorporis·
983 637 1239 698 voluptati.
1848 643 1874 683 5

282 736 450 786 Solent
499 737 804 803 philosophi,
852 740 937 802 qui
993 739 1142 787 finem
1191 737 1309 786 boni
1359 737 1560 786 humani
1611 739 1662 785 in
1709 740 1814 802 ipsa

130 812 310 860 virtute
363 813 692 878 constituunt,
741 811 800 860 ad
851 812 1177 877 ingerendum
1226 811 1469 876 pudorem
1520 811 1813 875 quibusdam

129 883 455 950 philosophis,
504 886 588 950 qui
633 887 842 935 virtutes
890 886 1089 950 quidem
1134 885 1367 952 probant,
1419 885 1505 935 sed
1552 900 1633 934 eas
1680 884 1813 933 volu-

130 960 277 1023 ptatis
308 958 577 1023 corporalis
608 960 703 1008 fine
736 961 1009 1009 metiuntur
1049 966 1098 1008 et
1135 958 1266 1008 illam
1305 975 1395 1024 per
1435 974 1487 1007 se
1526 961 1683 1024 ipsam
1722 974 1810 1023 pu-

132 1038 236 1080 tant
286 1031 629 1099 adpetendam,
675 1035 793 1083 istas
839 1040 1044 1098 propter
1089 1035 1268 1099 ipsam,
1313 1033 1528 1082 tabulam
1568 1031 1810 1096 quandam
1846 1042 1900 1080 10

131 1104 294 1153 verbis
332 1107 563 1173 pingere,
602 1105 689 1156 ubi
727 1107 950 1172 voluptas
990 1109 1040 1156 in
1080 1107 1197 1156 sella
1235 1107 1387 1172 regali
1428 1108 1567 1171 quasi
1607 1105 1812 1155 delicata

130 1178 369 1243 quaedam
407 1181 577 1244 regina
617 1181 851 1246 considat,
891 1183 1034 1245 eique
1075 1182 1282 1230 virtutes
1323 1179 1528 1229 famulae
1570 1178 1813 1228 subician-

131 1260 229 1318 tur,
267 1252 583 1302 observantes
623 1255 730 1302 eius
770 1261 961 1320 nutum,
1000 1261 1055 1303 ut
1094 1255 1273 1303 faciant
1313 1253 1443 1318 quod
1483 1253 1564 1302 illa
1603 1254 1810 1318 impera-

131 1327 277 1392 verit,
317 1342 441 1391 quae
480 1326 770 1391 prudentiae
811 1327 997 1394 iubeat,
1038 1335 1093 1377 ut
1131 1327 1388 1392 vigilanter
1427 1328 1666 1391 inquirat,
1718 1341 1815 1390 quo

131 1399 276 1450 modo
327 1399 550 1465 voluptas
605 1408 779 1466 regnet
833 1409 882 1451 et
937 1402 1064 1451 salva
1120 1403 1207 1467 sit3
1261 1402 1476 1450 iustitiae
1524 1399 1711 1460 iubeat,
1765 1406 1822 1448 ut
1854 1409 1908 1448 15

131 1480 350 1538 praestet
394 1473 631 1524 beneficia
682 1490 806 1539 quae
853 1482 1019 1541 potest
1066 1475 1126 1524 ad
1177 1473 1530 1540 comparandas
1581 1474 1818 1522 amicitias

134 1547 471 1612 corporalibus
519 1549 788 1598 commodis
834 1551 1137 1599 necessarias
1149 1589 1164 1616 ,
1214 1548 1337 1598 nulli
1381 1549 1527 1597 faciat
1575 1549 1820 1612 iniuriam,

134 1636 197 1670 ne
251 1622 451 1671 offensis
504 1621 696 1686 legibus
750 1623 974 1688 voluptas
1036 1625 1199 1672 vivere
1257 1637 1433 1672 secura
1486 1636 1585 1670 non
1639 1622 1818 1686 possit3

134 1695 410 1744 fortitudini
446 1695 635 1762 iubeat,
674 1704 750 1757 ut,
799 1699 841 1746 si
880 1697 1019 1746 dolor
1059 1698 1255 1761 corpori
1295 1695 1550 1760 acciderit,
1592 1696 1676 1758 qui
1715 1709 1815 1742 non

135 1768 393 1833 compellat
430 1770 482 1817 in
521 1777 756 1835 mortem,
795 1777 962 1820 teneat
1001 1770 1246 1819 dominam
1287 1784 1439 1835 suam,
1478 1768 1527 1817 id
1568 1775 1643 1816 est
1682 1767 1814 1815 volu-
1850 1776 1906 1816 20

133 1847 339 1908 ptatem,
390 1843 587 1892 fortiter
633 1845 685 1892 in
725 1846 873 1893 animi
914 1845 1231 1909 cogitatione,
1277 1850 1334 1892 ut
1371 1857 1461 1907 per
1498 1843 1819 1906 pristinarum

135 1915 423 1964 deliciarum
463 1931 666 1966 suarum
704 1917 1098 1967 recordationem
1145 1918 1336 1981 mitiget
1373 1917 1647 1981 praesentis
1687 1914 1819 1963 dolo-

135 1991 206 2037 ris
257 1988 479 2055 aculeos;
533 1993 886 2055 temperantiae
938 1990 1131 2057 iubeat,
1181 1997 1237 2040 ut
1286 1996 1477 2039 tantum
1529 1990 1687 2053 capiat
1737 1987 1819 2036 ali-

137 2069 518 2112 mentorum‘et
565 2066 607 2112 si
657 2079 752 2128 qua
802 2064 1077 2131 delectant,
1130 2079 1191 2113 ne
1242 2079 1331 2128 per
1377 2062 1818 2112 inmoderationem

136 2138 338 2186 noxium
362 2135 543 2200 aliquid
570 2137 896 2186 valetudinem
930 2138 1097 2187 turbet
1130 2145 1178 2187 et
1207 2138 1448 2203 voluptaS,
1487 2151 1632 2200 quam
1674 2137 1818 2184 etiam
1851 2146 1905 2185 25

135 2211 187 2257 in
238 2211 460 2274 corporis
509 2212 714 2260 sanitate
753 2210 988 2276 Epicurei
1035 2213 1292 2260 maximam
1339 2216 1556 2276 ponunt,
1610 2210 1822 2273 graviter

138 2283 428 2333 offendatur.
513 2283 585 2333 Ita
635 2286 844 2334 virtutes
894 2300 1008 2334 cum
1056 2292 1159 2335 tota
1208 2300 1324 2334 suae
1375 2284 1528 2349 gloria
1576 2283 1823 2346 dignitatis

138 2364 386 2422 tamquam
446 2359 740 2422 imperiosae
801 2359 994 2408 cuidam
1061 2366 1110 2408 et
1163 2358 1451 2408 inhonestae
1507 2355 1822 2405 mulierculae

140 2432 355 2479 servient
407 2431 658 2496 voluptati.
735 2431 866 2481 Nihil
919 2432 1010 2481 hac
1056 2434 1251 2497 pictura
1302 2432 1473 2482 dicunt
1520 2445 1627 2478 esse
1680 2431 1815 2493 igno-

137 2504 392 2553 miniosius
448 2511 496 2554 et
550 2504 819 2555 deformius
875 2513 922 2555 et
977 2506 1108 2570 quod
1157 2508 1321 2555 minus
1381 2506 1509 2555 ferre
1572 2502 1815 2550 bonorum
1849 2512 1904 2550 30

257 2632 301 2687 6)
335 2629 425 2674 Cio.
458 2631 534 2677 fin.
569 2637 610 2689 2,
643 2637 711 2676 21.

176 2821 186 2826 ,
259 2798 314 2836 18
349 2807 509 2838 secura,
548 2807 631 2838 om.
670 2794 834 2850 A1127
867 2794 1019 2851 gloria
1050 2792 1291 2850 dignitatis
1328 2790 1507 2845 GAK¹;
1545 2788 1721 2846 gloriae
1754 2788 1822 2831 di-

136 2849 315 2906 gnitate
346 2851 493 2896 K2Fv
1873 2875 1876 2877 ·
