2020 3122
139 909 193 950 10

138 1279 191 1319 15

138 1648 192 1687 20

139 2015 195 2055 25

135 2383 192 2422 30

232 111 338 163 174
899 117 934 154 s.
958 119 1233 156 Auonsrnu

228 230 340 284 tas?
415 233 578 283 Pietas
627 239 702 282 est
748 234 879 282 enim
921 248 1064 283 verax
1102 235 1208 282 veri
1245 232 1335 282 Dei
1374 232 1560 301 cultuS,
1608 249 1709 284 non
1748 237 1911 288 cultus

230 307 466 357 salsorum
505 313 578 356 tot
617 306 845 373 deormn,
894 314 1014 372 quot
1052 307 1437 356 daemoniorum.
1517 307 1615 357 Sed
1654 315 1704 359 et
1739 317 1913 375 postea

228 384 324 430 iam
362 383 413 429 in
453 380 660 430 deorum
692 394 956 430 numerum
986 380 1236 430 Felicitate
1278 387 1507 445 suscepta
1546 397 1721 447 magna
1758 383 1910 435 bello·

227 471 340 504 rum
380 454 596 504 civilium
627 453 887 504 infelicitas
919 454 1184 505 subsecuta
1223 462 1311 504 est.
1388 455 1462 503 An
1502 455 1629 506 forte
1667 458 1796 508 iuste
1837 466 1914 510 est

227 529 477 594 indignata
506 527 749 595 FelicitaS,
788 528 919 593 quod
953 535 1003 578 et
1040 535 1140 578 tam
1179 543 1290 578 sero
1331 535 1382 579 et
1419 544 1518 578 non
1558 531 1618 580 ad
1655 529 1917 601 honorem,

228 602 315 652 sed
346 603 406 652 ad
438 602 785 652 contumeliam
815 604 982 667 potius
1013 604 1214 652 invitata
1252 609 1343 669 est,
1381 610 1439 652 ut
1477 618 1590 654 cum
1631 618 1687 653 ea
1727 605 1912 656 colere-

227 684 309 726 tur
347 676 557 742 Priapus
604 685 654 726 et
693 675 924 726 Cluacina
971 683 1020 726 et
1057 676 1215 725 Pavor
1263 684 1313 726 et
1350 677 1513 726 Pallor
1561 684 1610 727 et
1647 677 1822 728 Febris
1861 686 1913 730 et

228 758 394 801 cetera
438 766 538 800 non
583 752 785 800 numina
833 750 1174 816 colendorum,
1222 750 1308 799 sed
1357 752 1563 800 crimina
1603 749 1912 803 colentium?

373 824 446 874 Ad
493 831 767 875 extremum
820 826 862 873 si
909 839 1023 874 cum
1068 823 1214 874 turba
1260 824 1600 889 indignissima
1645 832 1780 875 tanta
1819 826 1911 876 dea

227 898 431 948 colenda
461 900 564 948 visa
595 905 685 965 est,
724 913 814 947 cur
845 913 945 947 non
984 897 1061 947 vel
1098 897 1360 948 inlustrius
1401 900 1582 948 ceteris
1621 897 1912 950 colebatur?

227 972 349 1031 Quis
388 974 519 1022 enim
557 972 706 1038 ferat,
754 971 885 1036 quod
924 986 1086 1036 neque
1125 973 1256 1021 inter
1295 972 1413 1021 deos
1454 971 1748 1041 ConsenteS,
1787 990 1911 1039 quos

226 1047 398 1097 dicunt
417 1048 487 1096 ·in
527 1045 788 1095 consilium
826 1045 953 1094 Iovis
993 1044 1243 1113 adhiberi,
1288 1061 1382 1095 nec
1420 1047 1551 1096 inter
1591 1047 1709 1096 deos
1721 1087 1735 1113 ,
1782 1063 1908 1113 quos

226 1121 435 1170 selectos
466 1126 658 1186 vocant,
695 1118 923 1170 Felicitas
956 1121 1224 1169 constituta
1264 1117 1375 1169 est?
1414 1119 1674 1186 Templum
1713 1121 1909 1187 aliquod

227 1198 271 1245 ei
303 1196 459 1261 fieret,
498 1194 630 1259 quod
663 1200 713 1243 et
743 1193 840 1244 loci
871 1193 1170 1243 sublimitate
1203 1200 1253 1243 et
1291 1196 1455 1258 operis
1496 1194 1730 1259 dignitate
1769 1211 1910 1260 prae-

226 1271 451 1318 mineret.
529 1267 629 1317 Cur
678 1269 809 1317 enim
855 1283 955 1316 non
1002 1267 1186 1331 aliquid
1231 1268 1408 1316 melius
1455 1283 1602 1332 quam
1639 1270 1735 1334 ipsi
1772 1266 1911 1318 Iovi?

223 1343 347 1392 Nam
379 1357 504 1407 quae
536 1343 684 1391 etiam
707 1341 809 1390 Iovi
832 1356 1043 1406 regnum
1074 1343 1172 1390 nisi
1201 1340 1432 1393 Felicitas
1462 1338 1632 1391 dedit?
1672 1335 1713 1393 si
1745 1350 1909 1392 tamen

226 1431 340 1467 cum
392 1421 625 1481 regnaret
677 1415 794 1464 felix
847 1415 954 1465 fuit.
1030 1414 1094 1464 Et
1146 1416 1311 1480 potior
1359 1422 1435 1464 est
1480 1415 1706 1482 felicitas,
1738 1432 1908 1481 regn0.

223 1490 378 1540 Nemo
413 1491 544 1539 enim
576 1487 768 1538 dubitat
799 1489 939 1538 facile
977 1489 1189 1538 inveniri
1226 1489 1492 1557 hominem,
1532 1491 1618 1554 qui
1657 1505 1709 1539 se
1740 1492 1912 1541 timeat

225 1565 334 1613 fieri
357 1578 547 1629 regem3
587 1562 751 1612 nullus
784 1569 949 1612 autem
980 1564 1245 1630 invenitur,
1286 1565 1370 1627 qui
1403 1578 1455 1612 se
1494 1563 1618 1612 nolit
1656 1579 1765 1614 esse
1805 1564 1909 1614 fcli-

226 1653 347 1687 cem.
424 1637 524 1702 Ipsi
557 1651 674 1701 ergo
708 1637 775 1685 dii
810 1638 852 1685 si
890 1651 980 1702 per
1019 1638 1224 1701 auguria
1262 1636 1338 1685 vel
1378 1636 1599 1701 quolibet
1637 1638 1782 1687 modo
1823 1653 1908 1688 eos

223 1727 369 1777 posse
403 1710 595 1760 consuli
623 1717 814 1777 putant,
854 1709 1037 1759 dehac
1075 1725 1130 1759 re
1171 1710 1565 1778 consulerentur,
1603 1718 1774 1761 utrum
1811 1712 1909 1761 vel·

223 1786 328 1834 lent
373 1783 617 1834 Felicitati
662 1784 769 1833 loco
826 1784 1026 1850 cedere,
1074 1785 1115 1833 si
1162 1784 1290 1835 forte
1338 1784 1547 1833 aliorum
1586 1784 1790 1834 aedibus
1829 1785 1905 1835 vel

224 1858 459 1908 altaribus
498 1860 594 1907 iam
626 1857 804 1907 fuisset
833 1857 972 1908 locus
1011 1864 1296 1924 occupatUS,
1335 1857 1422 1908 ubi
1461 1858 1606 1907 aedes
1644 1861 1800 1908 maior
1839 1866 1908 1909 at-

230 1948 325 1997 que
367 1931 623 1982 sublimior
646 1931 890 1981 Felicitati
929 1938 1327 1998 construeretur3
1367 1934 1513 1982 etiam
1551 1934 1658 1997 ipse
1688 1932 1910 1998 Iuppiter

231 2005 445 2071 cederet,
477 2013 533 2055 ut
562 2007 725 2069 ipsum
757 2007 994 2055 verticem
1026 2005 1163 2054 collis
1196 2004 1456 2071 Capitolini
1486 2005 1712 2056 Felicitas
1743 2008 1910 2071 potius

225 2078 486 2128 obtineret.
562 2078 673 2128 Non
719 2081 851 2128 enim
900 2081 1143 2144 quispiam
1189 2081 1448 2130 resisteret
1486 2079 1749 2147 Felicitati,
1796 2081 1908 2146 nisi,

227 2153 357 2218 quod
396 2153 505 2201 fieri
543 2167 643 2201 non
681 2159 868 2218 potest,
908 2154 992 2218 qui
1032 2168 1140 2202 esse
1180 2153 1326 2203 vellet
1363 2153 1547 2203 infelix.
1623 2153 1767 2202 Nullo
1806 2169 1909 2203 mo-

226 2227 287 2275 do
350 2227 574 2293 omnino,
630 2228 672 2275 si
726 2225 1094 2287 consuleretur,
1148 2227 1334 2277 faceret
1383 2227 1625 2293 Iuppiter,
1681 2227 1811 2291 quod
1862 2229 1909 2276 ei

226 2300 454 2348 fecerunt
492 2306 595 2348 tres
635 2299 718 2362 dii,
755 2299 900 2365 Mars,
939 2299 1202 2349 Terminus
1242 2307 1292 2350 et
1329 2301 1571 2365 IuventaS,
1610 2302 1696 2365 qui
1734 2302 1909 2350 maiori

226 2380 276 2423 et
329 2374 435 2437 regi
489 2388 578 2421 suo
634 2372 769 2422 nullo
823 2373 968 2422 modo
1025 2373 1201 2423 cedere
1254 2373 1363 2423 loco
1418 2374 1693 2423 voluerunt.
1785 2374 1908 2423 Nam

226 2449 354 2496 sicut
391 2445 575 2495 babent
622 2461 795 2496 eorum
832 2445 1047 2513 litterae,
1095 2462 1209 2496 cum
1246 2463 1335 2496 rex
1374 2447 1674 2511 Tarquinius
1714 2446 1906 2512 Capito·

224 2520 346 2570 lium
370 2519 612 2569 fabricare
635 2519 782 2569 vellet
814 2534 1025 2584 eumque
1064 2520 1243 2587 locum,
1282 2523 1365 2586 qui
1406 2523 1451 2570 ei
1490 2521 1683 2586 dignior
1723 2523 1903 2587 aptior-

226 2610 322 2660 que
361 2593 643 2659 videbatur,
683 2592 742 2642 ab
782 2593 875 2643 diis
914 2593 1020 2644 aliis
1060 2601 1289 2644 cerneret
1325 2601 1766 2661 praeoccupatum,
1805 2609 1907 2644 non

226 2667 412 2718 audens
451 2666 634 2732 aliquid
686 2674 856 2717 contra
896 2682 1068 2717 eorum
1108 2668 1270 2717 facere
1311 2667 1571 2719 arbitrium
1609 2675 1659 2719 et
1698 2667 1905 2718 credens

345 2859 399 2897 13
431 2854 603 2898 electos
634 2853 783 2897 ΛΚΕ
