2020 3122
561 167 628 199 DE
654 165 892 200 cm'rArn
915 167 1004 199 Dm
1026 167 1071 202 L.
1095 168 1167 201 m.
1191 169 1228 202 0.
1255 171 1305 203 14.
1669 162 1772 213 113

91 276 318 326 viluerat!
397 278 554 335 Quam
601 278 804 327 crebrae
852 285 1040 343 strages
1080 278 1286 330 Romani
1324 281 1594 348 Albanique
1635 298 1771 333 exer-

91 351 222 400 citus
246 351 450 401 fuerunt
474 359 524 401 et
556 354 818 416 utriusque
859 354 1180 402 comminutio
1220 354 1450 405 civitatis!
1489 356 1608 405 Alba
1640 372 1773 406 nam·

91 438 188 488 que
220 424 316 490 illa,
346 440 494 489 quam
524 425 654 474 filius
679 425 870 474 Aeneae
905 427 1088 474 creavit
1118 426 1372 494 AscaniuS,
1403 429 1584 479 Romae
1618 437 1774 480 mater

90 500 294 563 propior
332 500 438 563 ipsa
477 514 623 563 quam
662 498 824 564 Troia,
864 514 890 547 a
930 499 1070 548 Tullo
1110 499 1318 550 Hostilio
1358 518 1472 567 rege
1513 511 1774 567 provocata

90 572 326 638 conflixit,
366 572 634 637 confligens
660 579 825 622 autem
863 579 913 621 et
952 573 1145 622 adflicta
1178 582 1253 623 est
1293 581 1342 624 et
1380 576 1580 642 adflixit,
1618 577 1773 626 donec
1807 588 1832 627 5

91 645 360 695 multorum
423 646 646 695 taederet
710 648 818 711 pari
880 646 1155 696 desectione
1219 651 1558 698 certaminum.
1635 651 1774 700 Tunc

91 726 324 768 eventum
362 719 478 768 belli
502 719 562 768 de
588 721 876 784 tergeminis
915 720 1030 769 hinc
1071 726 1217 785 atque
1248 721 1362 770 inde
1403 721 1637 772 fratribus
1676 724 1774 788 pla-

90 794 196 842 cuit
242 795 480 858 experiri:
527 809 554 842 a
592 793 826 843 Romanis
872 801 977 843 tres
1015 793 1228 860 Horatii,
1276 795 1335 843 ab
1375 795 1572 845 Albanis
1613 804 1777 846 autern

90 873 195 915 tres
236 866 441 916 Curiatii
479 874 855 933 processerunt3
896 883 922 916 a
963 866 1195 917 Curiatiis
1234 868 1394 918 tribus
1434 869 1624 919 Horatii
1664 870 1776 936 du0,

89 938 151 988 ab
197 956 296 989 uno
345 948 509 990 autem
555 940 757 990 Horatio
804 948 908 990 tres
957 940 1160 991 Curiatii
1209 945 1428 1007 superati
1476 950 1525 992 et
1573 946 1776 993 extincti
1810 955 1863 995 10

91 1021 223 1063 sunt.
298 1013 370 1064 Ita
394 1014 548 1063 Roma
573 1017 734 1064 extitit
757 1016 934 1064 victrix
958 1030 1014 1064 ea
1054 1015 1189 1064 clade
1232 1018 1378 1065 etiam
1417 1019 1468 1065 in
1508 1020 1774 1066 certamine

90 1091 339 1154 extremo,
385 1094 442 1137 ut
481 1088 539 1136 de
589 1103 675 1137 sex
721 1089 841 1138 vivis
880 1103 1011 1137 unus
1050 1089 1234 1139 rediret
1275 1089 1488 1139 domum.
1566 1090 1656 1140 Cui
1695 1091 1774 1140 da-

89 1176 261 1211 mnum
284 1163 335 1210 in
359 1163 601 1227 utrisque,
642 1164 723 1211 cui
745 1161 924 1226 luctUS,
964 1164 1058 1211 nisi
1090 1163 1281 1212 Aeneae
1315 1166 1458 1228 stirpi
1496 1166 1593 1213 nisi
1631 1165 1774 1213 Asca-

90 1236 162 1284 nii
199 1237 428 1300 posteriS,
467 1237 563 1283 nisi
600 1235 729 1300 proli
767 1234 972 1284 Veneris
1012 1238 1108 1284 nisi
1146 1236 1410 1301 nepotibus
1450 1234 1615 1286 Iovis?
1653 1238 1775 1287 Nam

91 1315 141 1358 et
179 1308 272 1358 hoc
311 1309 422 1373 plus
472 1324 618 1373 quam
658 1308 798 1358 civile
849 1308 1031 1358 bellum
1072 1310 1186 1375 fuit,
1237 1311 1430 1374 quando
1471 1310 1567 1359 filia
1607 1313 1775 1360 civitas
1810 1321 1862 1361 15

91 1397 205 1432 cum
238 1384 432 1431 civitate
458 1389 614 1432 matre
638 1384 885 1447 pugnavit.
962 1383 1183 1432 Accessit
1223 1383 1352 1432 aliud
1392 1384 1507 1433 huic
1547 1387 1774 1449 tergemi-

90 1471 268 1505 norum
318 1471 510 1521 pugnae
571 1456 770 1505 ultimae
830 1462 971 1505 atrox
1027 1463 1173 1521 atque
1224 1457 1529 1507 horrendum
1579 1458 1774 1507 malum.

91 1529 214 1578 Nam
251 1536 308 1579 ut
347 1537 488 1579 erant
528 1529 668 1578 ambo
708 1530 878 1595 populi
908 1531 1048 1594 prius
1089 1532 1232 1580 amici
1271 1527 1445 1598 (vicini
1485 1533 1666 1596 quippe
1708 1539 1775 1581 at-

90 1618 186 1668 que
213 1598 448 1671 cognati),
486 1605 574 1653 uni
598 1602 932 1653 Curiatiorum
956 1603 1251 1669 desponsata
1275 1605 1436 1654 fuerat
1460 1604 1776 1655 Horatiorum

92 1692 258 1743 soror3
304 1677 425 1726 haec
471 1675 836 1743 posteaquam
885 1680 1054 1742 sponsi
1102 1678 1255 1743 spolia
1302 1680 1352 1726 in
1398 1680 1582 1727 victore
1624 1680 1774 1728 fratre
1810 1690 1863 1729 20

90 1753 372 1816 conspexit,
429 1751 488 1800 ab
544 1751 717 1800 eodem
767 1751 941 1816 fratre,
997 1753 1227 1818 quoniam
1274 1751 1431 1812 flevit,
1486 1754 1647 1801 occisa
1687 1760 1776 1801 est.

91 1823 364 1874 Humanior
402 1825 551 1874 huius
591 1827 740 1874 unius
780 1826 990 1874 feminae
1031 1840 1177 1889 quam
1217 1827 1435 1874 universi
1472 1825 1643 1891 populi
1681 1825 1775 1874 Ro-

92 1900 225 1951 mani
262 1898 383 1948 mihi
431 1899 584 1947 fuisse
630 1899 826 1948 videtur
874 1899 1092 1947 affectus
1170 1898 1254 1947 Illa
1295 1914 1442 1963 quem
1481 1901 1641 1948 virum
1680 1902 1777 1948 iam

89 1971 184 2020 fide
217 1972 377 2021 media
409 1971 671 2038 retinebat,
703 1979 787 2021 aut
819 1973 946 2021 forte
981 1974 1127 2021 etiam
1159 1974 1322 2037 ipsum
1354 1973 1558 2022 fratrem
1590 1973 1775 2038 dolenS,

91 2047 177 2109 qui
216 2061 330 2094 eum
355 2046 603 2094 occiderat
627 2047 707 2095 cui
736 2061 958 2095 sororem
996 2048 1307 2112 promiserat,
1344 2054 1464 2111 puto
1506 2047 1637 2111 quod
1677 2062 1776 2095 non
1809 2056 1863 2096 25

92 2119 401 2184 culpabiliter
439 2119 644 2168 fleverit.
722 2118 861 2168 Unde
902 2121 1034 2168 enim
1074 2119 1202 2185 apud
1227 2119 1494 2184 Vergilium
1533 2122 1645 2185 pius
1685 2120 1775 2168 Ae-

90 2195 208 2242 nea's
232 2192 542 2242 laudabiliter
567 2192 698 2242 dolet
722 2192 916 2242 hostem
947 2195 1094 2242 etiam
1128 2209 1215 2242 sua
1246 2200 1558 2258 peremptum
1589 2190 1776 2242 manu‘?

91 2265 229 2315 Unde
254 2266 513 2316 Marcellus
542 2266 898 2331 Syracusanam
934 2269 1181 2316 civitatem
1221 2267 1446 2316 recolens
1485 2269 1591 2316 eius
1630 2266 1773 2331 paulo

92 2346 203 2389 ante
243 2340 440 2389 culmen
479 2347 529 2390 et
568 2340 770 2405 gloriam
797 2340 888 2390 sub
928 2356 1102 2390 manus
1143 2356 1256 2390 suas
1297 2340 1460 2390 subito
1500 2340 1772 2390 concidisse

93 2427 405 2463 communem
459 2416 678 2479 cogitans
734 2414 1075 2463 condicionem
1128 2414 1290 2464 flendo
1348 2416 1609 2463 miseratus
1661 2409 1773 2462 est?
1806 2423 1861 2462 30

94 2485 286 2544 Quaeso
334 2487 393 2536 ab
440 2487 653 2537 humano
701 2490 1023 2553 impetremus
1064 2489 1264 2552 affectu,
1315 2496 1371 2537 ut
1410 2489 1589 2536 femina
1629 2501 1772 2550 spon-

94 2573 203 2610 sum
242 2576 388 2610 suum
427 2577 454 2609 a
492 2562 643 2611 fratre
692 2577 782 2610 suo
829 2568 1142 2627 peremptum
1182 2564 1285 2611 sine
1327 2563 1530 2610 crimine
1570 2559 1771 2621 fleverit,

94 2634 138 2682 si
159 2636 252 2682 viri
275 2634 443 2683 hostes
483 2650 510 2683 a
549 2651 601 2684 se
625 2637 781 2684 victos
821 2637 967 2684 etiam
993 2651 1106 2685 cum
1144 2635 1285 2684 laude
1325 2635 1578 2682 fleverunt.
1640 2631 1769 2694 Ergo

210 2762 284 2816 26)
316 2761 428 2805 Aen.
465 2766 535 2818 10,
567 2766 652 2806 821
685 2777 782 2817 sqq.

214 2897 268 2935 12
299 2893 438 2951 vivis]
473 2906 556 2939 om.
588 2895 736 2938 ΛΚΕ

183 2981 278 3007 Atro.
301 2983 354 3007 nn
379 2983 445 3008 σιν
469 2984 549 3009 Dm.
584 2976 614 3007 L
1393 2969 1418 3008 8
