2020 3122
553 150 619 183 DE
644 149 885 184 cm'rmn
907 151 998 183 :om
1021 151 1064 184 L.
1090 150 1160 183 111.
1184 151 1222 184 c.
1247 152 1300 185 20.
1676 140 1778 194 131

98 277 240 329 grave
274 261 334 311 ab
366 277 422 311 ea
447 263 634 311 crimen
661 261 958 327 Saguntinae
992 262 1278 312 calamitatis
1311 271 1615 331 averterent3
1648 281 1780 315 nunc

97 351 212 385 vero
253 351 398 400 quam
446 335 594 385 stulte
635 336 879 403 creditur,
925 335 1019 385 diis
1057 336 1152 385 illis
1193 338 1536 388 defensoribus
1576 339 1781 388 Romam

93 411 281 460 victore
328 408 596 459 Hannibale
644 425 743 459 non
790 411 1004 477 perisse,
1051 412 1135 475 qui
1177 410 1473 475 Saguntinae
1522 411 1634 462 urbi
1680 428 1779 462 non

97 490 393 550 potuerunt,
449 498 510 532 ne
561 499 651 549 pro
705 485 811 533 eius
857 486 1046 549 periret
1092 486 1325 550 amicitia,
1379 484 1663 536 subvenire!
1728 486 1780 535 Si

100 556 481 622 Saguntinorum
535 556 843 607 Christianus
898 557 1111 623 populus
1165 565 1298 607 esset
1352 565 1400 608 et
1449 559 1596 608 huius
1648 560 1781 610 modi

98 630 278 696 aliquid
325 646 415 696 pro
464 631 557 680 fide
606 631 882 696 evangelica
929 638 1206 699 pateretur,
1246 647 1540 697 quamquam
1583 649 1634 682 se
1674 636 1779 699 ipse

93 704 188 754 'nec
228 705 361 754 ferro
400 719 492 754 nec
540 703 737 770 ignibus
778 707 1104 773 corrupisset,
1152 704 1237 755 sed
1277 713 1442 755 tamen
1482 708 1523 755 si
1555 723 1645 771 pro
1686 708 1780 756 fide

99 777 375 844 evangelica
422 777 668 827 excidium
713 785 990 845 pateretur:
1039 795 1094 828 ea
1142 794 1228 844 spe
1267 786 1545 846 pateretur,
1596 796 1691 846 qua
1730 782 1780 829 in

98 850 348 902 Christum
373 851 664 920 crediderat,
702 868 800 902 non
826 852 1053 902 mercede
1087 852 1364 902 brevissimi
1403 856 1655 920 temporiS,
1696 853 1779 903 sed

98 927 402 976 aeternitatis
452 928 759 976 interminae.
836 926 932 975 Pro
984 929 1092 976 istis
1144 932 1307 976 autem
1359 926 1477 995 diis,
1533 929 1618 992 qui
1666 943 1779 994 pro-

96 1006 267 1065 pterea
300 999 393 1048 coli
431 999 773 1068 perhibentur,
811 1008 1074 1067 propterea
1114 1000 1307 1050 colendi
1347 1003 1688 1069 requiruntur,
1727 1008 1782 1051 ut

95 1073 272 1123 harum
312 1072 582 1122 labentium
634 1081 778 1139 atque
819 1076 1182 1124 transeuntium
1223 1089 1391 1124 rerum
1433 1074 1638 1124 felicitas
1678 1082 1781 1125 tuta

99 1148 177 1213 sit,
217 1146 335 1212 quid
366 1146 508 1196 nobis
534 1147 822 1198 defensores
862 1156 912 1197 et
951 1155 1269 1197 excusatores
1294 1163 1467 1198 eorum
1508 1148 1568 1198 de
1596 1148 1781 1214 Sagun-

94 1221 212 1270 tinis
251 1220 578 1286 pereuntibus
624 1221 1018 1288 respondebunt,
1065 1223 1160 1270 nisi
1201 1222 1332 1286 quod
1373 1222 1431 1271 de
1472 1221 1553 1271 illo
1594 1222 1782 1286 Regulo

99 1291 355 1345 extincto?
392 1293 496 1343 Hoc
523 1296 702 1360 quippe
731 1297 955 1361 interest,
995 1295 1126 1360 quod
1168 1295 1247 1343 ille
1289 1311 1418 1344 unus
1458 1295 1620 1363 horn0,
1659 1296 1780 1345 haec

97 1374 223 1418 tota·
247 1369 437 1435 civitas3
485 1370 745 1434 utriusque
795 1375 957 1419 tamen
1005 1370 1238 1418 interitus
1287 1378 1432 1418 causa
1474 1372 1780 1419 conservatio

97 1441 211 1491 fidei
261 1442 367 1491 fuit.
443 1441 655 1507 Propter
705 1442 830 1492 hanc
883 1445 1013 1492 enim
1065 1442 1124 1492 ad
1174 1442 1343 1492 hostes
1392 1449 1441 1492 et
1487 1443 1650 1492 redire
1701 1443 1782 1493 ille

97 1515 270 1583 voluit,
318 1522 367 1564 et
413 1516 571 1565 noluit
618 1518 711 1566 ista
748 1518 977 1566 transire.
1056 1515 1352 1566 Conservata
1392 1532 1509 1581 ergo
1548 1524 1784 1582 provocat

98 1589 303 1639 deorum
327 1591 450 1638 iram
477 1586 635 1639 fides?
673 1605 732 1639 an
757 1597 967 1656 possunt
1000 1597 1049 1639 et
1080 1589 1174 1639 diis
1212 1592 1440 1655 propitiis
1479 1593 1642 1656 perire
1683 1607 1782 1640 non

99 1663 257 1712 solum
306 1665 488 1728 quique
541 1664 792 1732 homines,
843 1679 1015 1714 verum
1063 1666 1210 1714 etiarn
1256 1666 1476 1728 integrae
1526 1661 1783 1715 civitates?

98 1736 272 1787 Utrum
313 1736 505 1804 volunt,
554 1737 747 1803 eligant.
827 1737 878 1787 Si
918 1740 1049 1787 enim
1088 1737 1201 1787 fidei
1241 1745 1459 1787 servatae
1499 1740 1784 1788 irascuntur

97 1810 166 1859 illi
214 1809 301 1877 dii,
349 1817 588 1875 quaerant
632 1812 869 1877 perfidos,
921 1827 946 1861 a
986 1811 1166 1876 quibus
1218 1811 1471 1878 colantur3
1526 1813 1568 1860 si
1618 1819 1783 1862 autem

99 1885 243 1934 etiam
282 1883 382 1934 illis
420 1887 647 1951 propitiis
680 1885 847 1934 multis
887 1885 1217 1951 gravibusque
1259 1884 1560 1934 cruciatibus
1601 1885 1783 1935 adflicti

98 1954 302 2007 interire
342 1957 566 2007 homines
615 1961 934 2024 civitatesque
973 1965 1208 2025 possunt,
1247 1957 1382 2007 nullo
1423 1959 1590 2008 fructu
1630 1958 1780 2008 felici-

98 2033 211 2081 tatis
272 2031 421 2080 huius
485 2032 728 2082 coluntur.
806 2032 1042 2082 Desinant
1101 2034 1252 2097 igitur
1316 2031 1634 2100 suscensere,
1698 2032 1782 2097 qui

101 2107 251 2153 sacris
303 2104 509 2154 deorum
566 2121 770 2156 suorum
823 2107 1030 2171 perditis
1085 2121 1136 2155 se
1192 2105 1416 2155 infelices
1468 2121 1577 2155 esse
1628 2107 1782 2156 factos

100 2185 287 2244 putant.
364 2177 575 2228 Possent
609 2182 738 2228 enim
770 2180 864 2229 illis
904 2196 1004 2230 non
1044 2179 1203 2229 solum
1243 2177 1570 2246 manentibUS,
1610 2195 1780 2229 verum

101 2252 246 2301 etiam
286 2252 563 2302 faventibus
609 2269 708 2302 non
757 2255 885 2303 sicut
935 2254 1079 2303 modo
1120 2253 1178 2302 de
1219 2254 1416 2302 miseria
1457 2268 1783 2321 murmurare,

88 2325 187 2374 ’sed
227 2327 356 2375 sicut
392 2333 511 2376 tunc
535 2325 754 2392 Regulus
794 2335 842 2378 et
875 2327 1134 2393 Saguntini
1174 2328 1441 2375 excruciati
1479 2326 1783 2376 horribiliter

102 2399 244 2448 etiam
283 2401 481 2465 penitus
521 2402 740 2450 interire.

218 2606 244 2644 4
267 2601 505 2657 potuerint
522 2601 586 2644 A¹
611 2603 625 2658 Η
651 2607 669 2644 1
682 2608 702 2645 1
722 2604 968 2658 propterea
987 2601 1076 2646 GK
1076 2591 1123 2644 F
1138 2601 1245 2657 (coli
1262 2627 1312 2633 —-
1327 2602 1576 2658 propterea
1593 2613 1674 2644 om.
1692 2600 1759 2655 A)
1766 2615 1783 2653 ;

102 2658 181 2713 qui
210 2662 457 2716 propterea
488 2674 512 2704 v
537 2662 551 2716 ΙΙ
576 2665 631 2704 27
663 2660 844 2717 possint
873 2662 916 2704 A

1816 938 1870 978 10

1815 1306 1870 1345 15

1815 1675 1871 1714 20

1815 2042 1870 2081 25

1815 2410 1870 2448 30
