2020 3122
212 146 283 199 84
890 155 926 190 s,
951 154 1226 190 Auensrm

211 277 443 320 curantes
484 276 539 319 ut
565 271 711 318 etiam
735 268 927 334 perdite
967 270 1203 335 viverent,
1243 268 1361 318 dum
1386 275 1550 318 tamen
1589 267 1766 318 honori
1805 283 1894 319 suo

208 344 290 393 illa
337 345 500 393 omnia
546 350 683 393 metu
731 342 916 392 subditi
963 344 1316 392 ministrarent.
1401 342 1498 391 Aut
1549 343 1591 391 si
1637 342 1897 409 dederunt,

207 418 490 483 proferatur
530 416 818 466 ostendatur
849 416 1055 483 legatur,
1095 431 1215 480 quas
1256 416 1461 465 deorum
1501 415 1635 480 leges
1673 415 1742 465 illi
1781 418 1896 465 civi-

210 494 299 542 tati
330 492 480 548 ‚datas
529 492 920 556 contempserint
967 489 1197 556 Gracchi,
1244 496 1299 539 ut
1347 489 1671 538 seditionibus
1719 496 1898 539 cuncta

155 573 182 614 5
214 565 499 632 turbarent,
555 580 677 630 quas
728 564 910 614 Marius
959 570 1008 612 et
1056 563 1210 613 Cinna
1258 570 1307 613 et
1347 562 1529 630 Carbo,
1580 570 1636 612 ut
1681 565 1733 612 in
1771 563 1898 612 bella

215 641 364 689 etiam
410 638 834 704 progrederentur
883 637 1041 686 civilia
1088 639 1250 686 causis
1305 638 1628 701 iniquissimis
1669 645 1899 702 suscepta

214 720 263 762 et
303 713 572 762 crudeliter
607 719 744 777 gesta
783 710 1132 775 crudeliusque
1173 711 1323 777 finita,
1363 726 1484 775 quas
1525 710 1738 776 denique
1766 711 1899 760 Sulla

210 789 334 854 ipse,
373 789 515 836 cuius
539 788 689 836 vitam
720 801 883 834 mores
924 785 1050 834 facta
1075 784 1386 834 describente
1422 784 1651 834 Sallustio
1692 785 1898 849 aliisque

211 860 538 926 scriptoribus
577 860 813 909 historiae
847 861 957 923 quis
997 873 1096 906 non
1137 855 1434 907 exhorreat?
1474 861 1584 922 quis
1623 859 1770 908 illam
1794 874 1901 908 rem

124 943 180 985 10
210 933 455 999 publicam
496 949 597 983 non
635 940 756 982 tunc
793 934 984 997 perisse
1024 928 1272 981 fateatur?

358 1008 434 1057 An
472 1008 599 1057 forte
639 1013 845 1072 propter
882 1005 1089 1055 huiusce
1138 1005 1271 1054 modi
1311 1007 1489 1054 civium
1530 1020 1694 1055 mores
1733 1005 1899 1071 Vergi-

211 1077 559 1131 lianam'illam
599 1082 909 1146 sententiam,
950 1081 1078 1129 sicut
1118 1079 1292 1146 solent,
1331 1095 1421 1144 pro
1463 1079 1748 1129 defensione
1790 1095 1901 1129 suo-

213 1170 324 1205 rum
365 1155 573 1205 deorum
613 1169 865 1220 opponere
905 1152 1179 1203 audebunt:

359 1259 646 1308 Discessere
686 1273 855 1308 omnes
895 1258 1059 1320 adytis
1099 1258 1297 1319 arisque
1335 1257 1525 1307 relictis

126 1342 181 1382 15
361 1333 436 1393 Di,
477 1332 656 1394 quibus
695 1331 961 1395 imperium
999 1332 1092 1380 hoc
1131 1331 1376 1380 steterat?

215 1435 438 1484 Primum
478 1435 520 1483 si
558 1435 625 1483 ita
658 1441 747 1500 est,
786 1449 886 1482 non
910 1432 1093 1483 habent
1133 1448 1222 1482 cur
1254 1440 1527 1498 querantur
1566 1433 1626 1482 de
1665 1432 1902 1498 religione

219 1508 510 1574 Christiana,
552 1507 684 1572 quod
722 1507 813 1556 hac
853 1507 1028 1556 offensi
1068 1522 1153 1556 eos
1194 1507 1261 1556 dii
1300 1509 1378 1556 sui
1417 1507 1744 1572 deseruerint,
1785 1522 1902 1571 quo-

217 1584 347 1631 niam
375 1582 574 1646 quidem
609 1582 821 1630 maiores
862 1595 1035 1630 eorum
1074 1583 1170 1629 iam
1209 1581 1401 1645 pridem
1439 1580 1663 1630 moribus
1703 1582 1805 1630 suis
1845 1579 1904 1629 ab

215 1655 362 1705 Urbis
402 1655 637 1705 altaribus
661 1661 762 1704 tam
786 1654 967 1704 multos
1000 1669 1054 1703 ac
1095 1657 1311 1704 minutos
1351 1654 1471 1704 deos
1509 1661 1760 1719 tamquam
1797 1669 1902 1703 mu-

129 1741 185 1782 20
217 1745 324 1779 scas
359 1729 644 1794 abegerunt.
694 1728 791 1777 Sed
816 1734 979 1778 tamen
1018 1728 1139 1777 haec
1178 1731 1438 1778 numinum
1476 1728 1623 1778 turba
1660 1728 1747 1777 ubi
1786 1735 1906 1795 erat,

217 1818 330 1853 cum
384 1803 528 1868 longe
589 1808 852 1867 antequam
913 1817 1077 1851 mores
1141 1808 1582 1867 corrumperentur
1636 1803 1826 1867 antiqui
1879 1817 1906 1851 a

217 1876 364 1926 Gallis
410 1876 565 1926 Roma
613 1883 753 1942 capta
803 1883 852 1925 et
898 1877 1100 1924 incensa
1151 1873 1261 1926 est‘?
1337 1876 1411 1925 An
1449 1882 1737 1941 praesentes
1777 1876 1905 1926 forte

216 1947 560 2000 dormiebant?
608 1950 748 2000 Tunc
789 1951 920 1998 enim
959 1956 1061 1998 tota
1091 1949 1224 1998 Urbe
1264 1952 1316 1998 in
1354 1950 1572 2000 hostium
1610 1955 1906 2015 potestatem

219 2024 416 2073 redacta
449 2023 582 2073 solus
615 2024 752 2073 collis
787 2022 1091 2088 Capitolinus
1130 2030 1451 2091 remanserat,
1491 2026 1577 2088 qui
1616 2025 1763 2073 etiam
1800 2025 1906 2089 ipse

134 2106 189 2148 25
222 2104 497 2163 caperetur,
537 2099 634 2146 nisi
666 2097 838 2146 saltem
864 2112 1064 2146 anseres
1104 2097 1198 2146 diis
1238 2092 1597 2146 dormientibus
1637 2097 1906 2162 vigilarent.

222 2170 360 2220 Unde
386 2186 540 2236 paene
577 2173 626 2219 in
666 2171 1071 2235 superstitionem
1095 2170 1447 2235 Aegyptiorum
1478 2170 1661 2220 bestias
1695 2185 1905 2236 avesque

224 2245 493 2294 colentium
532 2244 686 2292 Roma
726 2243 996 2309 deciderat,
1037 2259 1150 2292 cum
1190 2246 1353 2293 anseri
1392 2243 1646 2294 sollemnia
1692 2245 1906 2294 celebra-

223 2318 354 2367 bant.
431 2317 613 2366 Verum
655 2317 714 2366 de
754 2317 831 2366 his
871 2316 1157 2366 adventiciis
1205 2324 1254 2366 et
1293 2319 1516 2382 corporis
1554 2319 1721 2382 potius
1762 2334 1906 2383 quam

223 2393 373 2441 animi
411 2391 566 2458 malis,
606 2406 729 2455 quae
764 2390 839 2439 vel
878 2389 937 2439 ab
976 2390 1203 2440 hostibus
1242 2391 1318 2440 vel
1357 2391 1447 2439 alia
1488 2390 1623 2440 clade
1663 2393 1908 2459 accidunt,

135 2477 191 2517 30
223 2466 444 2515 nondum
482 2466 684 2514 interim
723 2464 942 2528 disputo:
989 2479 1122 2513 nunc
1162 2480 1250 2529 ago
1291 2465 1350 2513 de
1389 2464 1496 2513 labe
1536 2479 1754 2534 morum,
1801 2469 1906 2531 qui·

223 2539 316 2589 bus
360 2541 579 2604 primum
631 2537 864 2603 paulatim
911 2537 1227 2605 decoloratiS,
1267 2537 1444 2587 deinde
1484 2542 1721 2590 torrentis
1760 2540 1905 2590 modo

341 2668 415 2721 15)
448 2666 561 2709 Aen,
596 2671 636 2721 2,
670 2669 752 2709 351
788 2679 854 2720 sq.

344 2834 396 2873 17
431 2828 738 2873 deseruerunt
768 2827 812 2870 A
836 2827 852 2883 ΙΙ
876 2832 929 2871 27
963 2827 1143 2872 romani
1177 2826 1445 2873 deciderant
1474 2828 1528 2872 K
1532 2844 1548 2882 ‚·
1578 2829 1760 2874 romani
1791 2828 1907 2873 didi-

224 2890 383 2932 cerant,
415 2887 550 2931 A2F2
