2020 3122
142 545 168 584 5

111 913 166 952 10

111 1279 167 1319 15

111 1650 167 1688 20

110 2016 166 2056 25

110 2384 170 2424 30

201 118 306 171 596
887 120 933 161 ss
946 127 1222 162 Auens'nm

199 244 412 307 πνεῦμα;
455 248 690 304 (plantum
732 247 895 290 autem
936 241 994 289 ad
1035 239 1256 307 LatinoS,
1298 255 1394 289 nou
1434 240 1619 306 ilatum,
1659 239 1743 289 sed
1785 240 1880 303 spi·

200 317 364 364 ritum.
444 314 755 379 Quapropter
794 317 844 363 in
885 330 959 380 eo,
999 314 1129 379 quod
1170 316 1408 379 scriptum
1449 321 1548 365 est:
1588 315 1880 376 Inspiravit‚

199 389 274 437 vel
315 390 355 436 si
396 389 547 452 magis
586 389 786 453 proprie
827 387 1089 438 dicendum
1130 395 1227 438 est:
1276 387 1565 449 Insufslavz't
1602 391 1655 437 in
1689 386 1882 449 faciem

201 466 308 512 eius
348 465 580 524 spiritum
620 465 765 522 vitae,
807 463 849 511 si
880 461 1096 511 Graecus
1136 477 1234 510 non
1273 458 1452 527 πνοήν,
1491 463 1620 511 sieut
1658 460 1726 510 ibi
1764 460 1881 525 legi·

203 542 306 601 tur,
354 535 439 584 sed
486 538 680 600 πνεῦμα
724 537 991 602 posuisset,
1038 551 1130 584 nec
1178 537 1252 584 sie
1290 541 1422 583 esset
1460 549 1796 599 consequenS,
1827 540 1883 583 ut

199 608 483 658 Creatorem
518 608 771 675 Spiritum,
811 611 897 674 qui
927 611 1127 674 proprie
1167 609 1348 658 dicitur
1386 610 1437 657 in
1476 610 1695 658 trinitate
1730 607 1882 672 Spiri-

197 689 279 731 tus
319 679 547 750 sanetus',
585 683 872 748 intellegere
913 697 1224 748 cogeremur3
1265 682 1459 747 quando
1500 682 1697 746 quidem
1735 683 1883 730 πνεῦ-

198 777 280 821 μα,
319 763 375 805 ut
414 756 599 806 dictum
639 763 739 822 est,
780 772 877 805 non
918 756 1078 805 solum
1117 756 1176 804 de
1218 755 1467 822 Creatore,
1507 756 1592 804 sed
1633 757 1779 805 etiam
1819 754 1879 803 de

199 836 425 879 ereatura
467 830 563 879 diei
602 830 760 879 solere
802 830 1116 879 manifestum
1156 837 1244 878 est.

349 903 443 952 Sed
493 919 605 952 eum
652 903 880 964 dixisset,
940 905 1197 970 inquiunt,
1236 906 1483 966 spiritum,
1531 919 1630 952 non
1682 901 1884 952 adderet

199 980 346 1034 vitae,
387 979 481 1025 nisi
512 977 650 1026 illum
690 984 915 1026 sanetum
949 977 1187 1042 Spiritum
1218 977 1364 1026 vellet
1402 977 1640 1043 intellegi3
1682 984 1731 1026 et
1770 991 1883 1025 eum

199 1051 443 1100 dixisset:‘
466 1052 655 1101 Factus
687 1057 761 1101 est
797 1053 940 1101 homo
973 1054 1024 1100 in
1065 1054 1298 1117 animam,
1338 1066 1437 1100 non
1477 1051 1680 1100 adderet
1718 1053 1882 1100 viven-

200 1132 309 1190 tem,
350 1126 444 1173 nisi
485 1127 673 1174 animae
713 1127 860 1174 vitam
901 1126 1225 1190 significaret,
1264 1140 1388 1189 quae
1429 1124 1498 1173 illi
1537 1125 1771 1174 divinitus
1811 1125 1882 1172 in-

198 1201 411 1263 pertitur
461 1197 590 1247 dono
631 1198 845 1263 Spiritus
886 1198 987 1248 Dei.
1065 1198 1186 1248 Cum
1235 1200 1365 1247 enim
1404 1200 1532 1248 vivat
1576 1200 1761 1263 anima,
1810 1199 1883 1246 in·

200 1274 397 1338 quiunt,
445 1274 649 1337 proprio
693 1287 810 1322 suae
851 1274 976 1322 vitae
1015 1273 1183 1338 modo,
1238 1272 1355 1337 quid
1395 1288 1519 1337 opus
1560 1279 1665 1322 erat
1703 1270 1883 1321 addere

199 1349 453 1406 viventem,
494 1348 590 1394 nisi
622 1353 677 1395 ut
716 1361 771 1395 ea
811 1348 907 1395 vita
947 1345 1333 1411 intellegeretur,
1373 1361 1498 1410 quae
1537 1346 1607 1395 illi
1646 1361 1736 1410 per
1775 1359 1882 1393 san-

200 1428 333 1468 ctum
375 1418 614 1484 Spiritum
655 1417 836 1469 datur?
903 1419 1008 1469 Hoc
1050 1419 1165 1484 quid
1207 1427 1282 1469 est
1322 1419 1450 1470 aliud
1491 1422 1586 1470 nisi
1624 1419 1885 1484 diligenter

198 1509 289 1558 pro
328 1493 543 1542 humana
590 1495 870 1558 suspicione
919 1493 1219 1542 contendere
1275 1501 1325 1542 et
1379 1495 1650 1558 scripturas
1690 1499 1884 1542 sanetas

201 1566 520 1631 neglegenter
560 1564 863 1616 adtendere?
926 1566 1053 1625 Quid
1094 1569 1224 1616 enim
1266 1581 1495 1632 magnum
1537 1574 1642 1616 erat
1680 1581 1779 1615 non
1810 1567 1883 1615 ire

200 1640 409 1705 longiuS,
450 1640 535 1689 sed
561 1638 682 1705 <in>
721 1640 894 1690 eodem
932 1642 1039 1706 ipso
1079 1639 1204 1689 libro
1243 1641 1389 1705 paulo
1429 1643 1658 1706 superius
1697 1641 1884 1705 legere:

200 1716 464 1763 Producat
502 1721 646 1764 terra
679 1710 900 1764 animam
938 1718 1193 1780 viventem,
1234 1714 1426 1778 quando
1467 1715 1691 1764 animalia
1729 1721 1883 1763 terre-

200 1790 319 1836 stria
373 1795 549 1836 euneta
597 1795 760 1837 creata
809 1785 960 1837 sunt‘?
1036 1787 1221 1836 Deinde
1262 1787 1522 1852 aliquantis
1562 1790 1884 1853 interpositiS,

199 1863 251 1910 in
292 1861 463 1910 eodem
513 1869 676 1910 tamen
723 1864 830 1927 ipso
879 1861 1004 1910 libro
1056 1861 1173 1926 quid
1214 1877 1444 1926 magnum
1484 1869 1589 1911 erat
1628 1862 1883 1911 advertere

202 1935 332 1999 quod
367 1937 605 2000 seriptum
640 1942 738 1984 est:
780 1937 845 1984 Et
875 1939 1056 2000 omnia,
1088 1951 1220 1996 quae
1250 1937 1437 1985 habent
1465 1939 1698 1998 spiritum
1737 1939 1884 1995 vitae,

203 2015 251 2058 et
289 2011 459 2068 omnis,
499 2011 590 2070 qui
624 2015 740 2058 erat
776 2025 930 2072 super
970 2011 1185 2070 aridam,
1225 2017 1451 2059 mortuus
1490 2016 1575 2069 est,
1615 2025 1726 2059 cum
1767 2012 1883 2058 insi-

202 2089 379 2130 nuaret
417 2084 578 2131 omnia
619 2097 743 2147 quae
786 2082 1010 2132 vivebant
1055 2084 1105 2131 in
1145 2089 1277 2131 terra
1317 2085 1506 2147 perisse
1547 2080 1770 2132 diluvio?
1833 2083 1885 2133 Si

202 2170 319 2219 ergo
354 2162 402 2204 et
434 2158 642 2205 animam
675 2158 918 2205 viventem
951 2164 1001 2205 et
1032 2158 1260 2220 spiritum
1300 2158 1424 2206 vitae
1466 2159 1612 2206 etiam
1650 2159 1701 2205 in
1739 2172 1883 2221 peeo-

203 2227 342 2277 ribus
374 2231 666 2294 invenimus,
707 2231 836 2279 sieut
868 2230 1002 2294 loqui
1041 2229 1200 2278 divina
1241 2231 1485 2294 scriptura
1527 2232 1797 2296 consuevit,
1837 2237 1884 2279 et

203 2317 315 2351 cum
363 2302 455 2350 hoe
505 2317 699 2367 quoque
750 2302 880 2367 loe0,
929 2302 1013 2352 ubi
1052 2303 1253 2367 legitur:
1315 2305 1492 2353 Omnia
1531 2319 1663 2365 quae
1700 2305 1887 2353 habent

202 2378 435 2438 spvritum
482 2379 641 2441 ω’,ΐαε
686 2391 785 2424 non
825 2375 1043 2425 Graecus
1088 2379 1304 2443 πνεῦμα,
1353 2377 1438 2425 sed
1483 2373 1647 2442 πνοὴν
1685 2377 1884 2426 dixerit:

202 2464 293 2497 eur
344 2465 442 2498 non
493 2449 726 2498 dicimus·
782 2449 908 2506 Quid
960 2465 1084 2514 opus
1133 2456 1238 2498 erat
1284 2458 1339 2499 ut
1390 2450 1590 2500 adderet
1629 2454 1883 2510 vwentem,

203 2538 316 2570 cum
350 2525 508 2571 anima
540 2524 635 2572 nisi
667 2525 793 2572 vivat
826 2537 933 2572 esse
967 2538 1066 2572 non
1105 2520 1298 2587 possit?
1337 2530 1420 2574 aut
1460 2523 1576 2588 quid
1617 2539 1741 2589 opus
1780 2531 1884 2573 erat

323 2637 396 2691 21)
431 2633 539 2678 Gen.
576 2640 616 2688 1,
649 2640 718 2682 24.
780 2638 855 2691 25)
887 2634 998 2679 Gen.
1034 2641 1072 2690 7,
1105 2640 1176 2681 22.

325 2800 377 2838 11
410 2794 545 2838 illum
576 2808 688 2848 mss‚·
725 2795 823 2840 illic
856 2810 880 2839 v
904 2797 920 2851 Π
945 2795 1166 2852 Spiritum
1199 2809 1278 2840 om.
1320 2796 1364 2840 V
1397 2799 1412 2854 ss
1454 2802 1506 2841 16
1540 2799 1682 2841 sanet.
1714 2811 1779 2853 sp.
1822 2796 1882 2851 V;

203 2869 272 2910 sp.
308 2856 450 2897 sanct.
483 2867 507 2898 v
531 2856 546 2910 ΙΙ
571 2859 626 2898 20
658 2854 707 2899 in
738 2867 819 2899 om.
863 2855 905 2899 V
924 2857 939 2911 ΙΙ
963 2859 1018 2899 26
1052 2854 1100 2899 Si
1131 2869 1213 2900 om..
1258 2855 1300 2899 V
