2020 3122
483 143 550 176 DE
575 142 814 176 CIVITATE
837 143 925 177 nm
948 145 990 178 L.
1015 146 1126 180 xm.
1149 146 1188 180 c,
1214 149 1247 181 7.
1271 150 1303 182 s.
1328 149 1362 182 9.
1655 140 1762 193 565

82 261 248 304 catum
306 257 719 323 committeretur,
773 272 905 307 nunc
959 260 1271 324 suscipienda
1323 270 1652 331 proponatur,
1710 273 1761 314 ut

80 335 340 393 peccatum
365 343 463 377 non
489 332 824 380 committatur
848 334 1262 398 commissumque
1288 334 1507 386 deleatur
1538 352 1760 403 magnae-

83 417 179 466 que
220 403 450 451 victoriae
492 402 656 452 debita
694 405 908 454 iustitiae
947 405 1105 469 palma
1145 407 1392 458 reddatur.

735 561 928 616 CAPUT
961 563 1108 617 VIII.

126 672 271 730 Quod
309 673 358 719 in
397 672 589 718 sanetis
620 671 823 731 primae
860 673 1035 719 mortis
1069 685 1166 732 pro
1206 673 1420 721 veritate
1457 677 1705 737 susceptio
1785 685 1811 723 5

500 745 756 792 secundae
792 745 859 792 sit
894 746 1068 792 mortis
1108 745 1325 794 abolitio.

223 845 275 894 Si
307 848 439 894 enim
471 845 752 910 diligentius
785 847 1171 914 consideremuS,
1210 849 1358 897 etiam
1390 864 1502 898 cum
1544 851 1753 914 quisque

71 936 161 986 pro
209 921 414 969 veritate
462 919 672 969 fideliter
719 926 768 969 et
814 919 1123 970 laudabiliter
1162 923 1396 988 moritur,
1442 938 1576 972 mors
1616 939 1752 972 cave-

70 1003 166 1043 tur.
243 993 359 1042 Ideo
392 995 572 1058 quippe
606 993 787 1058 aliquid
821 995 927 1043 eius
953 997 1235 1062 suscipitur,
1274 1011 1336 1044 ne
1370 1003 1470 1045 tota
1504 998 1753 1061 contingat

73 1075 121 1117 et
182 1067 399 1116 secunda
459 1069 686 1134 insuper,
748 1083 871 1132 quae
934 1083 1203 1133 numquam
1264 1070 1483 1137 finiatur,
1539 1070 1751 1119 accedat.
1788 1081 1843 1121 10

72 1142 351 1206 Suscipitur
399 1142 531 1190 enim
577 1142 765 1190 animae
806 1157 832 1190 a
871 1157 1078 1207 corpore
1131 1145 1403 1210 separatio,
1454 1159 1515 1193 ne
1555 1143 1655 1193 Deo
1696 1143 1754 1193 ab

71 1219 230 1266 anima
262 1222 486 1280 separato
519 1217 666 1264 etiam
704 1215 810 1280 ipsa
850 1223 1107 1280 separetur
1146 1232 1172 1264 a
1213 1231 1437 1281 corpore,
1478 1232 1532 1266 ac
1574 1219 1643 1266 sic
1683 1224 1755 1266 to-

70 1293 170 1340 tius
201 1289 416 1338 hominis
446 1291 604 1354 prima
642 1296 800 1338 morte
842 1290 1083 1355 completa
1123 1290 1338 1340 secunda
1378 1292 1588 1355 excipiat
1628 1306 1752 1340 sem-

70 1366 279 1429 piterna.
358 1362 600 1421 Quocirca
624 1378 757 1411 mors
783 1363 997 1430 quidem,
1036 1371 1091 1413 ut
1115 1364 1230 1429 dixi,
1271 1379 1384 1412 cum
1410 1379 1515 1414 eam
1540 1367 1751 1414 morien-

71 1446 146 1488 tes
192 1439 449 1503 patiuntur
496 1451 708 1500 cumque
755 1438 806 1485 in
855 1439 925 1485 eis
968 1444 1021 1485 ut
1058 1439 1334 1486 moriantur
1375 1437 1489 1486 facit
1501 1478 1515 1504 ,
1570 1439 1755 1487 nemini
1789 1446 1843 1486 15

69 1512 198 1561 hona
230 1518 318 1576 est,
359 1511 445 1559 sed
477 1509 788 1559 laudabiliter
826 1510 1067 1559 toleratur
1104 1526 1195 1575 pro
1235 1511 1449 1560 tenendo
1489 1511 1565 1560 vel
1605 1511 1754 1576 adipi-

71 1585 254 1635 scendo
293 1584 446 1650 hon03
487 1599 599 1634 cum
637 1598 754 1632 vero
794 1585 845 1632 in
885 1599 941 1633 ea
982 1591 1112 1651 sunt,
1153 1587 1238 1648 qui
1275 1586 1372 1633 iam
1411 1587 1593 1634 mortui
1631 1600 1757 1633 nun-

73 1665 340 1725 cupantur,
394 1673 493 1706 non
549 1657 761 1706 absurde
816 1658 998 1707 dicitur
1049 1665 1098 1707 et
1151 1657 1292 1706 malis
1340 1658 1463 1706 mala
1511 1665 1561 1706 et
1613 1658 1756 1706 bonis

69 1733 210 1782 bona.
296 1731 353 1780 In
406 1732 579 1796 requie
634 1738 749 1780 sunt
804 1733 935 1779 enim
989 1733 1176 1780 animae
1230 1733 1426 1795 piorum
1474 1746 1501 1779 a
1547 1746 1754 1796 corpore

71 1813 346 1871 separatae,
393 1806 658 1869 impiorum
706 1811 871 1853 autem
916 1819 1100 1868 poenas
1139 1804 1305 1870 luunt,
1352 1803 1508 1853 donec
1548 1806 1755 1853 istarum
1789 1813 1845 1854 20

71 1880 131 1929 ad
185 1886 435 1928 aeternam
488 1880 658 1943 vitam,
711 1877 906 1926 illarum
959 1893 1076 1926 vero
1125 1877 1185 1926 ad
1232 1885 1482 1926 aeternam
1531 1885 1756 1944 mortem,

72 1969 196 2018 quae
237 1951 452 2002 secunda
493 1951 688 2015 dicitur,
728 1965 936 2015 corpora
975 1953 1295 2000 revivescant.

749 2122 946 2176 CAPUT
979 2123 1071 2176 IX.

83 2231 290 2293 Tempus
320 2233 508 2290 mortiS,
549 2244 647 2290 quo
679 2232 812 2279 vitae
850 2245 1023 2279 sensus
1055 2228 1307 2291 aufertur,
1350 2231 1398 2278 in
1430 2229 1757 2278 morientibus

428 2319 493 2352 an
535 2306 586 2352 in
625 2306 836 2352 mortuis
875 2319 980 2353 esse
1019 2305 1287 2353 dicendum
1326 2306 1403 2351 sit.
1789 2309 1843 2349 25

176 2463 185 2471 ι
227 2406 324 2455 Sed
363 2406 412 2454 id
452 2413 664 2469 tempus,
705 2420 800 2469 quo
841 2407 1029 2454 animae
1069 2420 1096 2454 a
1135 2420 1342 2470 corpore
1384 2411 1634 2468 separatae
1674 2409 1758 2451 aut

74 2481 125 2527 in
158 2479 300 2527 bonis
333 2487 448 2528 sunt
481 2486 564 2527 aut
604 2480 654 2527 in
694 2470 849 2544 m‘aIiS,
887 2486 1057 2528 utrum
1094 2485 1207 2543 post
1245 2487 1455 2526 mortem
1493 2478 1656 2540 potius
1697 2490 1757 2523 an

72 2554 122 2600 in
163 2560 321 2601 morte
363 2551 626 2601 dicendum
665 2548 777 2600 est‘?
855 2551 907 2600 Si
947 2554 1078 2601 enim
1117 2559 1230 2616 post
1256 2557 1481 2599 -mortem
1522 2556 1622 2614 est,
1660 2550 1756 2596 iam

72 2641 172 2674 non
217 2627 322 2690 ipsa
369 2640 524 2691 morS,
572 2639 696 2688 quae
744 2632 991 2674 transacta
1039 2631 1184 2689 atque
1225 2626 1491 2689 praeterita
1530 2630 1628 2687 est,
1669 2621 1754 2669 sed

71 2706 184 2762 post
223 2714 330 2746 eam
368 2700 465 2746 vita
503 2713 739 2762 praesens
780 2700 967 2747 animae
1007 2697 1134 2747 hona
1174 2713 1261 2746 seu
1300 2696 1422 2745 mala
1464 2702 1551 2743 est.
1622 2694 1754 2742 Mors
1786 2703 1844 2743 30

193 2873 218 2910 6
254 2866 484 2911 absolutio
516 2881 542 2911 v
566 2870 660 2924 1122
693 2868 972 2912 reviviscant
1002 2882 1028 2911 υ
