2020 3122
111 1097 165 1138 10

111 1553 165 1593 15

110 1924 165 1964 20

111 2291 166 2332 25

112 2663 168 2702 30
203 2653 457 2716 contingit.
537 2650 665 2699 Satis
714 2656 762 2698 et
814 2648 986 2698 Cicero
1037 2649 1167 2698 illam
1218 2651 1347 2698 inter
1398 2650 1515 2698 deos
1564 2650 1761 2700 Romuli
1810 2667 1886 2699 re-
1956 2698 1959 2699 γ

207 151 310 204 116
893 163 929 198 a.
955 163 1230 199 mensum

199 276 477 326 miserabile
525 276 782 341 coagulum
828 276 1013 326 multus
1059 284 1170 326 ante
1204 277 1344 327 fusus
1384 277 1645 342 utriusque
1688 279 1886 343 sanguis

199 351 306 400 fuit.
385 351 512 408 Quid
575 352 670 399 iam
733 351 1014 416 singillatim
1075 351 1234 400 dicam
1296 349 1388 401 sub
1450 353 1630 400 ceteris
1685 351 1886 416 regibus

198 426 381 475 totiens
434 424 603 474 eadem
655 423 781 473 bella
830 432 1083 491 renovata,
1132 440 1254 489 quae
1304 426 1526 474 victoriis
1573 426 1709 474 finita
1756 425 1886 474 vide-

200 498 402 564 bantur,
454 506 503 548 et
556 499 707 548 tantis
763 498 1010 564 stragibus
1064 502 1246 548 iterum
1298 500 1579 563 iterumque
1645 499 1884 566 confecta,

199 574 381 622 iterum
422 574 701 637 iterumque
741 579 854 638 post
899 573 1074 622 foedus
1114 580 1162 622 et
1209 587 1381 638 pacem
1420 575 1550 622 inter
1589 588 1799 637 generos
1838 580 1888 622 et

198 661 399 696 soceros
439 654 488 696 et
520 661 690 695 eorum
725 649 928 712 stirpem
969 655 1294 712 posterosque
1335 644 1583 712 repetita?
1629 645 1739 695 Non
1777 662 1886 712 par-

197 735 313 770 vum
366 720 602 770 indicium
659 720 945 770 calamitatis
997 721 1144 771 huius
1197 722 1315 786 suit,
1371 720 1502 785 quod
1553 728 1720 786 portas
1770 720 1887 770 belli

198 794 363 844 nullus
412 794 586 844 clausit
632 794 845 844 illorum.
922 794 1096 844 Nullus
1145 809 1263 859 ergo
1311 794 1508 843 illorum
1549 794 1641 844 sub
1682 800 1755 844 tot
1794 794 1886 843 diis

198 868 507 933 praesidibus
547 870 598 917 in
637 883 756 933 pace
796 870 1031 933 regnavit.

868 1083 1064 1138 CAPUT
1098 1085 1215 1139 XV.

278 1208 453 1266 Qualis
493 1207 838 1255 Romanorum
878 1221 1059 1268 reyum
1100 1210 1203 1256 vica
1243 1212 1396 1269 atque
1435 1208 1812 1270 exitus·fueric.

345 1325 571 1389 Ipsorum
619 1332 783 1372 autem
835 1338 1008 1388 regum
1047 1326 1133 1389 qui
1173 1326 1333 1374 exitus
1373 1321 1620 1374 fuerunt?
1683 1325 1751 1375 De
1791 1326 1886 1376 Ro-

198 1398 330 1447 mulo
370 1398 546 1447 viderit
571 1397 782 1446 adulatio
824 1397 1058 1464 fabulosa,
1099 1413 1195 1462 qua
1233 1398 1525 1463 perhibetur
1564 1406 1797 1464 receptus
1835 1402 1887 1449 in

199 1472 410 1538 caelum3
451 1471 664 1520 viderint
704 1471 903 1535 quidam
945 1474 1214 1536 scriptores
1256 1488 1452 1538 eorum,
1493 1474 1578 1537 qui
1619 1488 1733 1522 eum
1771 1489 1885 1539 pro-

197 1551 309 1611 pter
349 1547 656 1594 ferocitatem
689 1561 714 1594 a
748 1552 921 1594 senatu
947 1545 1252 1610 discerptum
1291 1562 1400 1595 esse
1440 1546 1674 1596 dixerunt
1712 1547 1885 1596 subor-

197 1626 464 1684 natumque
516 1621 683 1668 nescio
735 1634 883 1683 quem
930 1619 1107 1669 lulium
1155 1619 1448 1686 Proculum,
1504 1622 1588 1684 qui
1639 1635 1754 1670 eum
1793 1620 1887 1670 sibi

198 1696 483 1758 apparuisse
533 1693 723 1742 diceret
770 1708 981 1758 eumque
1030 1709 1120 1758 per
1169 1709 1220 1743 se
1270 1694 1452 1758 populo
1494 1694 1749 1761 mandasse
1790 1694 1885 1743 Ro-

197 1783 362 1834 mano,
413 1773 469 1816 ut
514 1769 644 1816 inter
691 1768 893 1816 numina
932 1766 1203 1831 coleretur,
1252 1782 1409 1832 eoque
1449 1767 1594 1816 modo
1633 1768 1887 1835 populum,

198 1843 284 1905 qui
307 1848 480 1890 contra
505 1847 729 1890 senatum
754 1842 1086 1890 intumescere
1128 1848 1374 1907 coeperat,
1412 1856 1701 1906 repressum
1741 1849 1886 1906 atque

200 1915 438 1964 sedatum.
516 1914 774 1963 Acciderat
828 1916 958 1963 enim
1012 1922 1062 1964 et
1110 1915 1226 1964 solis
1273 1914 1515 1976 desectio,
1567 1930 1712 1980 quam
1753 1923 1888 1965 certa

199 1990 389 2038 ratione
443 1990 520 2037 sui
571 2004 748 2037 cursus
796 1989 1020 2037 effectam
1068 1990 1297 2053 imperita
1343 1990 1570 2038 nesciens
1621 1988 1886 2038 multitudo

199 2063 388 2110 meritis
429 2062 626 2110 Romuli
666 2061 927 2110 tribuebat.
1007 2062 1158 2119 Quasi
1206 2077 1322 2111 vero
1363 2063 1405 2111 si
1443 2062 1607 2112 luctus
1646 2062 1726 2112 ille
1769 2063 1885 2112 solis

199 2135 395 2201 fuisset,
443 2150 539 2183 non
589 2137 741 2199 magis
790 2135 899 2184 ideo
948 2136 1085 2185 credi
1132 2135 1336 2185 deberet
1382 2138 1575 2185 occisus
1626 2138 1886 2201 ipsumque

200 2208 363 2258 scelus
404 2210 658 2257 aversione
700 2210 846 2256 etiam
887 2209 1053 2257 diurni
1090 2208 1290 2258 luminis
1330 2210 1624 2274 indicatum3
1665 2211 1793 2259 sicut
1832 2225 1885 2258 re

200 2298 314 2331 vera
366 2283 547 2332 factum
587 2289 689 2346 est,
738 2297 850 2330 cum
891 2281 1127 2331 Dominus
1176 2283 1441 2331 crucifixus
1481 2290 1556 2331 est
1596 2282 1886 2332 crudelitate

201 2363 348 2421 atque
374 2357 623 2421 impietate
650 2355 958 2404 Iudaeorum.
1007 2356 1163 2413 Quam
1204 2355 1320 2404 solis
1347 2355 1748 2405 obscurationem
1787 2372 1886 2406 non

201 2446 260 2479 ex
300 2432 534 2479 canonico
584 2429 800 2478 siderum
850 2444 999 2478 cursu
1051 2431 1271 2478 evenisse
1313 2431 1429 2478 satis
1470 2430 1706 2495 ostendit,
1755 2431 1885 2494 quod

201 2510 320 2553 tunc
359 2510 465 2552 erat
504 2502 684 2567 pascha
723 2502 1039 2568 ludaeorum3
1089 2518 1199 2550 nam
1246 2502 1389 2567 plena
1428 2503 1543 2552 luna
1584 2503 1887 2554 sollemniter

201 2580 385 2643 agitur,
432 2576 673 2641 regularis
713 2582 877 2625 autem
917 2575 1033 2624 solis
1081 2576 1292 2624 desectio
1333 2591 1431 2624 non
1472 2578 1567 2625 nisi
1605 2577 1749 2626 lunae
1790 2579 1885 2626 fine

202 2727 479 2790 ceptionem
540 2730 758 2788 putatam
820 2725 973 2788 magis
1037 2724 1276 2788 significat
1332 2738 1439 2772 esse
1494 2739 1641 2788 quam
1695 2725 1887 2791 factam,

321 2901 375 2940 27
410 2895 614 2940 euenisse
649 2896 711 2948 O‚·
744 2894 965 2941 accidisse
998 2895 1168 2939 AKFv
