2020 3122
575 137 641 170 DE
666 137 903 171 01v1'rA'rE
927 139 1015 172 Dm
1037 141 1081 174 L.
1106 142 1173 174 1x.
1197 141 1234 174 e.
1260 142 1314 175 16.
1670 132 1775 184 391

101 250 234 314 piam
285 253 455 313 posset
506 248 714 297 invitum
768 255 969 313 tangere
1016 251 1163 300 deum
1211 253 1284 302 vel
1331 252 1639 319 daemonem,
1694 255 1780 319 qui

102 323 199 372 nisi
238 327 433 386 captum
472 336 571 369 non
610 328 774 386 potest
810 321 1096 386 passerem?

250 394 469 443 Videndo
517 395 668 458 igitur
714 394 996 460 visibusque
1037 412 1088 445 se
1129 398 1407 462 praebendo
1446 407 1495 448 et
1533 400 1776 465 loquendo

105 476 154 518 et
208 467 450 517 audiendo
506 468 573 516 dii
624 468 943 532 corporaliter
990 472 1189 519 misceri
1233 471 1513 522 hominibus
1563 481 1778 539 possent.

105 541 210 590 Hoc
250 548 414 590 autem
452 540 597 590 modo
638 541 901 590 daemones
941 543 983 590 si
1022 544 1308 610 miscentur,
1347 552 1401 594 ut
1441 546 1553 611 dixi,
1593 554 1641 595 et
1681 562 1778 595 non
1811 559 1836 597 5

102 616 515 680 contaminantur,
554 614 621 663 dii
652 621 816 664 autem
847 617 1314 683 contaminarentur,
1353 620 1394 666 si
1432 621 1781 670 miscerentur:

102 687 560 738 incontaminabiles
611 687 783 737 dicunt
822 687 1084 737 daemones
1125 698 1174 738 et
1213 691 1610 740 contaminabiles
1649 693 1778 742 deos.

109 762 161 810 Si
201 768 364 811 autem
397 763 794 811 contaminantur
834 768 884 811 et
923 762 1200 829 daemoneS,
1241 763 1357 827 quid
1398 765 1659 814 conserunt
1697 765 1779 814 ho-

108 835 323 885 minibus
363 835 422 884 ad
469 837 617 884 vitam
654 842 767 900 post
805 842 1014 885 mortem
1054 835 1266 902 beatam,
1307 853 1429 901 quos
1470 840 1783 886 contaminati

105 908 342 958 mundare
383 925 482 958 non
520 904 753 975 possuntJ,
793 915 848 958 ut
889 924 972 958 eos
1013 910 1221 959 mundos
1261 911 1352 960 diis
1392 913 1783 960 incontaminatis
1818 923 1870 962 10

104 984 296 1048 possint
356 982 649 1050 adiungere,
710 985 841 1031 inter
888 998 1012 1047 quos
1068 990 1116 1032 et
1169 984 1276 1033 illos
1331 984 1478 1033 medii
1529 986 1783 1034 constituti

104 1053 258 1105 sunt?
306 1056 402 1105 Aut
442 1058 483 1105 si
520 1056 614 1105 hoc
654 1058 725 1105 eis
765 1055 992 1105 beneficii
1031 1072 1129 1105 non
1169 1058 1446 1124 conferunt,
1485 1058 1601 1122 quid
1639 1058 1782 1122 prod-

106 1136 184 1179 est
236 1129 520 1179 hominihus
575 1130 869 1179 daemonum
924 1132 1078 1179 amica
1131 1129 1398 1180 mediatio?
1460 1131 1534 1180 An
1580 1139 1635 1180 ut
1673 1139 1785 1196 post

106 1209 318 1252 mortem
372 1219 471 1252 non
522 1203 581 1252 ad
634 1204 751 1253 deos
797 1203 1021 1252 homines
1067 1220 1157 1269 per
1206 1205 1467 1254 daemones
1518 1211 1786 1269 transeant,

105 1277 192 1326 sed
240 1277 384 1326 simul
432 1279 594 1327 vivant
639 1279 839 1342 utrique
889 1280 1205 1327 contaminati
1251 1294 1305 1327 ac
1353 1294 1442 1343 per
1488 1278 1581 1327 hoc
1622 1280 1785 1327 neutri
1819 1289 1872 1328 15

105 1347 271 1400 beati?
323 1350 429 1399 Nisi
454 1352 580 1400 forte
622 1353 732 1416 quis
765 1351 894 1400 dicat
935 1367 1069 1400 more
1114 1355 1429 1416 spongiarum
1467 1351 1542 1400 vel
1579 1351 1784 1400 huiusce

106 1424 239 1474 modi
271 1440 440 1474 rerum
465 1425 703 1474 mundare
737 1424 1000 1474 daemones
1033 1427 1215 1474 amicos
1256 1441 1386 1492 Suos,
1426 1432 1481 1474 ut
1519 1432 1653 1474 tanto
1693 1426 1787 1489 ipsi

106 1497 410 1547 sordidiores
434 1499 581 1565 fiant,
622 1505 804 1563 quanto
844 1499 969 1548 fiunt
1006 1498 1231 1548 homines
1273 1501 1343 1547 eis
1382 1498 1515 1548 velut
1553 1500 1785 1563 tergenti-

107 1571 200 1621 hus
256 1572 554 1621 mundiores.
633 1571 775 1630 Quod
831 1574 874 1621 si
921 1574 988 1621 ita
1036 1579 1132 1640 est,
1187 1571 1674 1622 contaminatioribus
1722 1571 1788 1619 dii

107 1647 380 1695 miscentur
434 1645 777 1712 daemonibus,
829 1648 939 1712 qui,
995 1661 1055 1695 ne
1113 1648 1580 1711 contaminarentur,
1634 1646 1786 1693 homi·
1820 1655 1875 1694 20

107 1735 226 1768 num
249 1720 670 1784 propinquitatem
695 1722 1231 1784 contrectationemque
1258 1721 1487 1768 vitarunt.
1550 1720 1622 1767 An
1663 1719 1787 1766 forte

107 1792 175 1842 dii
206 1799 416 1858 possunt
440 1792 499 1841 ab
532 1792 814 1842 hominibus
847 1795 1203 1842 contaminatos
1235 1793 1471 1842 mundare
1513 1792 1787 1851 daemoneS‚

109 1882 201 1915 nec
234 1865 293 1915 ab
326 1868 396 1915 eis
430 1869 767 1933 contaminari,
808 1874 856 1916 et
888 1883 946 1915 eo
976 1867 1131 1915 ‘modo
1172 1882 1269 1915 non
1308 1872 1510 1931 possent
1550 1872 1598 1914 et
1635 1864 1787 1912 homi·

111 1936 236 1988 nes‘?
313 1939 434 1997 Quis
473 1940 586 1989 talia
627 1942 829 2005 sentiat,
869 1942 964 1989 nisi
1004 1956 1150 2005 quem
1191 1939 1489 1988 fallacissimi
1528 1938 1788 1986 daemones

109 2010 450 2078 deceperunt?
528 2013 654 2071 Quid
697 2013 850 2079 quod,
900 2015 940 2062 si
988 2013 1144 2062 videri
1185 2020 1232 2062 et
1272 2013 1436 2061 videre
1479 2012 1790 2074 contaminat,
1822 2020 1877 2059 25

108 2087 336 2136 videntur
369 2086 428 2135 ab
459 2087 742 2137 hominihus
782 2087 864 2153 dii,
905 2103 1028 2152 quos
1068 2086 1283 2136 visibiles
1323 2086 1454 2152 dicit,
1493 2085 1791 2151 „clarissima

109 2159 280 2209 mundi
332 2156 555 2209 lumina“
609 2167 658 2210 et
706 2167 870 2210 cetera
919 2161 1102 2226 sidera,
1158 2162 1465 2224 tutioresque
1517 2165 1631 2207 sunt
1683 2157 1789 2205 dae-

117 2249 287 2282 mones
327 2233 387 2282 ab
425 2236 519 2283 ista
556 2234 812 2283 hominum
853 2236 1286 2300 contaminatione,
1327 2235 1411 2297 qui
1452 2248 1547 2281 non
1587 2237 1791 2296 possunt

115 2307 292 2372 videri,
340 2309 435 2356 nisi
476 2305 660 2356 velint?
721 2308 818 2357 Aut
857 2309 897 2356 si
937 2324 1036 2356 non
1077 2307 1252 2373 videri,
1300 2306 1386 2355 sed
1425 2305 1588 2354 videre
1631 2311 1790 2352 conta—

113 2381 286 2447 minat,
332 2388 512 2445 negent
564 2380 622 2429 ab
662 2383 770 2430 istis
810 2381 1095 2430 clarissimis
1135 2380 1305 2429 mundi
1343 2378 1631 2442 luminibUS,
1672 2390 1792 2439 quos
1825 2384 1879 2423 30

113 2453 232 2502 deos
280 2456 567 2521 opinantur,
612 2454 764 2503 videri
812 2453 1060 2521 homines,
1110 2470 1222 2502 cum
1269 2453 1431 2502 radios
1483 2466 1597 2500 suos
1638 2456 1792 2497 terras

119 2542 278 2591 usque
324 2527 632 2592 pertendant.
711 2527 806 2585 Qui
854 2534 1017 2576 tamen
1065 2542 1236 2576 eorum
1283 2526 1407 2575 radii
1445 2539 1533 2589 per
1574 2536 1792 2586 quaeque

119 2601 352 2649 inmunda
400 2601 564 2650 diffusi
611 2616 709 2650 non
750 2603 1166 2665 contaminantur,
1214 2607 1263 2649 et
1302 2599 1368 2646 dii
1409 2597 1791 2645 contaminaren-

238 2729 311 2780 26)
345 2727 412 2770 De
448 2727 534 2772 deo
569 2728 694 2771 Socr.
730 2743 774 2783 p.
808 2731 879 2770 42.
942 2730 1015 2782 27)
1049 2726 1190 2782 Vei-g.
1222 2725 1387 2780 Georg.
1426 2729 1462 2777 1,
1495 2726 1519 2765 5
1554 2735 1617 2774 sq.

233 2863 288 2901 22
320 2861 514 2915 possunt
548 2860 591 2902 A
