2020 3122
615 156 682 188 DE
707 156 944 189 CWITATE
968 158 1056 189 Dm
1080 158 1120 191 L.
1146 159 1190 190 x.
1215 159 1252 191 o.
1278 161 1307 191 1.
1684 150 1792 202 403

113 275 220 317 tum
259 266 458 331 quidem
490 282 590 315 non
629 266 800 316 deberi
839 269 934 316 nisi
973 268 1073 318 Deo
1114 273 1314 335 propria
1353 271 1560 335 quadam
1592 274 1793 322 notione

113 340 250 389 verbi
302 340 450 389 huius
489 341 688 389 omnino
728 341 1041 390 verissimum
1081 349 1176 408 est3
1224 343 1309 392 sed
1350 346 1463 408 quia
1503 352 1551 394 et
1590 345 1794 395 aliarum

109 429 281 464 rerum
326 414 508 463 dicitur
555 413 738 479 cultUS‚
793 413 903 462 ideo
951 413 1121 464 Latine
1176 432 1276 464 uno
1324 417 1472 466 verbo
1528 419 1794 483 significari

112 487 276 537 cultus
315 487 416 536 Deo
457 486 653 536 debitus
693 502 792 536 non
831 494 1009 552 potest.

258 560 380 609 Nam
419 567 469 610 et
513 563 620 625 ipsa
659 561 831 625 religio
880 564 1100 625 quamvis
1149 563 1429 612 distinctius
1476 580 1575 612 non
1623 580 1790 630 quem-

110 633 246 700 libet,
277 634 363 683 sed
387 633 476 683 Dei
508 634 696 683 cultum
729 635 1004 699 significare
1030 635 1251 684 videatur
1283 632 1435 701 (unde
1468 639 1562 686 isto
1595 641 1792 688 nomine

110 709 424 772 interpretati
469 714 587 757 sunt
625 710 784 757 nostri
824 724 952 774 eam,
1001 724 1124 774 quae
1167 708 1350 758 Graece
1388 712 1629 775 θρησκεία
1675 712 1792 761 dici-

111 776 244 847 tur):
291 787 454 830 tamen
496 783 609 846 quia
647 781 820 830 Latina
865 782 1100 846 loquendi
1147 783 1528 850 consuetudine,
1575 799 1675 832 non
1720 787 1792 833 in-

107 857 404 920 peritorum,
453 870 626 904 verum
666 858 814 904 etiam
862 855 1284 922 doctissimorum,
1332 863 1381 905 et
1421 857 1792 921 cognationibus

107 928 334 977 humanis
375 934 520 992 atque
561 928 895 978 adfinitatibus
936 937 984 979 et
1024 930 1303 994 quibusque
1343 931 1792 980 necessitudinibus

109 1001 290 1051 dicitur
339 1001 612 1050 exhibenda
651 1002 846 1069 religio,
893 1019 991 1051 non
1033 1019 1090 1052 eo
1144 1003 1375 1052 vocabulo
1415 1006 1597 1053 vitatur
1644 1004 1792 1053 ambi-

108 1090 284 1140 guum,
326 1090 439 1124 cum
472 1076 531 1124 de
566 1075 703 1125 cultu
744 1077 938 1126 deitatis
971 1079 1181 1126 vertitur
1214 1079 1459 1143 quaestiO,
1498 1085 1554 1127 ut
1586 1079 1794 1127 fidenter

107 1149 272 1198 dicere
323 1148 568 1198 valeamus
630 1149 920 1214 religionem
979 1166 1078 1199 non
1133 1166 1243 1199 esse
1308 1152 1404 1199 nisi
1465 1151 1653 1200 cultum
1706 1151 1795 1200 Dei

109 1224 340 1286 quoniam
387 1223 583 1272 videtur
637 1222 730 1272 hoc
778 1223 984 1272 verbum
1031 1239 1058 1272 a
1115 1224 1430 1288 significanda
1484 1225 1794 1274 observantia

107 1297 491 1361 propinquitatis
530 1295 770 1345 humanae
810 1297 1081 1346 insolenter
1121 1298 1318 1346 auferri.
1395 1297 1557 1347 Pietas
1598 1314 1793 1362 quoque

107 1371 309 1434 proprie
350 1369 438 1418 Dei
477 1369 640 1418 cultus
687 1370 906 1435 intellegi
949 1370 1094 1437 solet,
1143 1386 1289 1435 quam
1329 1370 1504 1420 Graeci
1543 1367 1795 1437 εὐσέβειαν

107 1449 296 1492 vocant.
366 1441 497 1491 Haec
537 1449 701 1492 tamen
742 1450 791 1492 et
830 1459 945 1508 erga
983 1450 1215 1509 parentes
1256 1445 1473 1494 officiose
1513 1444 1685 1494 haberi
1723 1445 1793 1494 di-

107 1518 250 1566 citur.
327 1515 462 1565 More
511 1523 676 1566 autem
726 1517 856 1581 vulgi
902 1517 995 1566 hoc
1042 1533 1222 1567 nomen
1270 1520 1417 1567 etiam
1463 1521 1515 1567 in
1561 1518 1794 1583 operibus

107 1589 473 1639 misericordiae
529 1590 896 1657 frequentatur3
952 1591 1083 1655 quod
1137 1591 1247 1640 ideo
1296 1591 1510 1641 arbitror
1558 1594 1794 1658 evenisse,

109 1665 222 1728 quia
260 1662 381 1712 haec
419 1664 527 1712 fieri
565 1666 830 1729 praecipue
863 1665 1060 1714 mandat
1091 1664 1223 1714 Deus
1264 1680 1418 1729 eaque
1460 1664 1553 1714 sibi
1591 1665 1667 1714 vel
1701 1681 1791 1730 pro

107 1737 364 1786 sacrificiis
395 1737 471 1785 vel
509 1752 627 1802 prae
669 1738 922 1787 sacrificiis
961 1737 1155 1803 pla‘cere
1197 1744 1421 1787 testatur.
1483 1737 1557 1787 Ex
1597 1754 1692 1803 qua
1723 1739 1791 1787 lo·

107 1810 290 1875 quendi
329 1811 686 1860 consuetudine
727 1812 912 1861 factum
951 1819 1054 1878 est,
1105 1818 1159 1861 ut
1198 1819 1248 1861 et
1286 1811 1416 1861 Deus
1455 1814 1560 1876 ipse
1601 1811 1793 1861 dicatur

105 1885 241 1949 pius;
288 1899 437 1948 quem
483 1899 599 1933 sane
649 1884 824 1933 Graeci
870 1885 1003 1934 nullo
1052 1901 1141 1934 suo
1189 1887 1432 1934 sermonis
1481 1901 1576 1934 usu
1617 1881 1792 1950 εὐσεβῆ

106 1964 295 2024 vocant,
335 1959 555 2021 quamvis
596 1953 847 2022 εὐσέβειαν
892 1973 983 2023 pro
1023 1959 1361 2007 misericordia
1407 1958 1604 2008 illorum
1644 1961 1791 2008 etiam

107 2030 282 2096 vulgus
328 2037 551 2095 usurpet.
628 2030 767 2080 Unde
815 2033 866 2080 in
914 2031 1206 2096 quibusdam
1247 2034 1605 2096 scripturarum
1654 2032 1790 2098 lociS,
1857 2044 1873 2055 “

105 2110 162 2154 ut
207 2104 457 2154 distinctio
507 2106 692 2153 certior
746 2112 1026 2172 appareret,
1075 2121 1172 2154 non
1221 2101 1495 2171 εὐσέβειαν,
1551 2106 1681 2170 quod
1732 2121 1790 2154 ex

106 2177 234 2226 bono
275 2178 434 2244 culm,
482 2178 568 2227 sed
607 2176 924 2244 θεοσέβειαν,
974 2179 1106 2243 quod
1147 2194 1205 2228 ex
1244 2178 1333 2228 Dei
1372 2179 1509 2228 cultu
1549 2181 1788 2244 composi-

109 2257 212 2300 tum
251 2258 471 2317 resonat,
511 2251 677 2300 dicere
714 2252 1008 2302 maluerunt.
1070 2252 1370 2302 Utrumlibet
1408 2259 1573 2302 autem
1611 2253 1790 2302 horum

108 2339 198 2373 nos
231 2341 328 2374 uno
361 2325 510 2374 verbo
552 2327 810 2375 enuntiare
843 2341 942 2375 non
981 2341 1259 2391 possumus,
1326 2325 1460 2384 Quae
1499 2328 1666 2390 itaque
1705 2330 1789 2374 λα-

1828 944 1882 983 10

1830 1309 1882 1350 15

1826 1678 1881 1716 20

107 2399 237 2463 τρεία
277 2398 462 2448 Graece
502 2405 818 2463 nuncupatur
858 2407 908 2448 et
944 2398 1115 2448 Latine
1164 2402 1521 2464 interpretatur
1560 2400 1786 2464 servium,
1819 2411 1876 2448 30

110 2471 195 2520 sed
249 2488 305 2521 ea
359 2487 454 2536 qua
509 2472 715 2521 colimus
769 2472 948 2539 Deum3
1002 2473 1078 2521 vel
1132 2488 1255 2537 quae
1302 2474 1542 2539 θρησκεία
1589 2472 1788 2535 Graece,

111 2543 280 2594 Latine
324 2552 487 2595 autem
528 2545 700 2610 religio
741 2545 944 2613 dicitur,
992 2547 1077 2595 sed
1118 2562 1174 2596 ea
1214 2561 1338 2610 quae
1378 2545 1519 2594 nobis
1559 2551 1635 2594 est
1673 2558 1786 2608 erga

227 2674 301 2728 23)
334 2678 374 2716 2.
406 2673 508 2717 Par.
541 2677 612 2728 30,
647 2677 693 2727 93
727 2672 866 2717 Eccli.
901 2679 941 2729 2,
976 2678 1052 2727 133
1085 2673 1243 2716 Iudith
1275 2677 1315 2728 7,
1349 2677 1418 2716 20.

99 2872 102 2873 ⁷
230 2825 282 2863 12
315 2821 440 2878 cum]
474 2819 584 2863 dum
617 2820 662 2863 A
692 2821 708 2877 ΙΙ
740 2825 794 2864 15
825 2819 1071 2863 insolerter
1101 2819 1218 2862 K¹ce
1241 2821 1256 2875 ΙΙ
1280 2823 1334 2862 23
1368 2813 1537 2876 εὐσεβῆ
1571 2817 1635 2861 ed.
1672 2816 1785 2860 Par.

110 2877 161 2922 in
192 2879 299 2922 adn.
333 2880 458 2933 crit.;
489 2879 691 2922 euseben
720 2892 833 2932 mss;
865 2874 1080 2936 εὐσεβεῖν
1113 2891 1138 2921 υ
1163 2878 1257 2933 {128
1291 2875 1534 2932 quodlibet
1564 2875 1608 2918 A

1343 2950 1434 2994 26*
