2038 3152
215 165 286 216 34
895 174 927 206 s.
955 174 1228 207 AUGUSTINI

886 370 1080 424 CAPUT
1115 369 1231 422 XX.

246 480 445 528 Nullam
487 493 592 527 esse
632 480 1001 537 auctoritatem,
1041 491 1171 538 quae
1217 477 1517 525 Christianis
1557 479 1608 525 in
1648 478 1883 538 qualibet,

529 565 688 600 causa
728 554 805 600 ius
845 552 1163 600 voluntariae
1200 552 1339 599 necis
1379 551 1583 599 tribuat.

365 669 535 733 Neque
584 669 715 717 enim
762 667 947 717 frustra
991 669 1043 715 in
1090 668 1271 716 sanctis
1318 669 1566 717 canonicis
1605 667 1744 717 libris
1783 682 1900 718 nus-

158 752 183 790 5
218 757 363 807 quam
413 742 556 791 nobis
607 741 839 790 divinitus
903 746 1224 806 praeceptum
1277 742 1636 805 permissumve
1690 742 1902 807 reperiri

215 822 400 881 potest,
452 823 506 865 ut
544 814 620 864 vel
658 816 815 880 ipsius
855 813 1196 879 adipiscendae
1234 814 1598 864 inmortalitatis
1637 814 1713 864 vel
1751 814 1901 864 ullius

217 889 418 939 cavendi
468 888 725 938 carendive
777 888 890 937 mali
940 903 1085 937 causa
1139 886 1386 937 nobismet
1437 890 1558 953 ipsis
1603 903 1777 938 necem
1827 889 1901 936 in-

216 964 445 1012 seramus
521 962 643 1011 Nam
691 969 739 1011 et
776 960 1053 1027 prohibitos
1099 976 1189 1010 nos
1231 976 1339 1010 esse
1378 961 1763 1027 intellegendum
1810 967 1903 1028 est,

216 1036 302 1086 ubi
355 1036 433 1085 lex
486 1037 573 1085 ait:
627 1037 737 1085 Non
785 1037 1007 1101 occideS,
1061 1037 1355 1099 praesertim
1403 1037 1519 1100 quia
1556 1050 1656 1084 non
1695 1034 1903 1084 addidit:

130 1120 183 1160 10
213 1109 521 1177 „proximum
560 1104 746 1175 tuum“,
786 1110 915 1158 sicut
947 1108 1124 1157 falsum
1162 1110 1502 1159 testimonium
1540 1124 1654 1159 cum
1690 1114 1903 1159 vetaret:

216 1185 432 1244 Falsum,
471 1184 647 1248 inquit,
686 1184 1019 1232 testimonium
1042 1197 1142 1232 non
1168 1185 1306 1232 dices
1345 1184 1590 1232 adversus
1608 1185 1903 1246 proximum

218 1263 367 1306 tuum.
445 1256 547 1305 Nec
593 1255 704 1305 ideo
750 1262 915 1304 tamen
965 1258 1007 1305 si
1054 1255 1289 1305 adversus
1337 1271 1390 1305 se
1436 1258 1600 1321 ipsum
1639 1257 1901 1321 quisquam

218 1330 394 1380 falsum
440 1330 777 1379 testimonium
825 1329 1024 1396 dixerit,
1072 1328 1131 1378 ab
1177 1328 1272 1378 hoc
1312 1331 1517 1379 crimine
1560 1345 1611 1379 se
1651 1331 1904 1395 putaverit

219 1403 456 1469 alienum,
512 1404 743 1467 quoniam
796 1402 1017 1467 regulam
1063 1401 1298 1467 diligendi
1343 1405 1625 1468 proximum
1670 1418 1695 1452 a
1747 1409 1906 1453 semet

133 1487 185 1527 15
218 1479 326 1542 ipso
351 1476 556 1526 dilector
580 1477 783 1541 accepit,
824 1476 1020 1540 quando
1054 1476 1254 1540 quidem
1294 1478 1534 1542 scriptum
1574 1483 1671 1526 est:
1711 1477 1906 1539 Diliyes

214 1553 503 1613 proximum
542 1555 680 1599 tuum
713 1555 966 1611 tamquam
1005 1556 1052 1599 te
1090 1552 1263 1612 ipsum.
1341 1550 1497 1599 Porro
1538 1553 1580 1600 si
1619 1550 1727 1599 salsi
1766 1552 1902 1599 testi-

219 1625 370 1673 monii
407 1638 506 1672 non
546 1625 708 1672 minus
754 1638 870 1672 reus
911 1629 986 1672 est
1024 1624 1110 1688 qui
1148 1623 1207 1672 de
1248 1639 1300 1673 se
1338 1626 1445 1690 ipso
1486 1624 1661 1674 falsum
1707 1624 1907 1690 fatetur,

221 1711 366 1761 quam
406 1698 446 1746 si
471 1696 706 1745 adversus
728 1697 1008 1761 proximum
1046 1696 1139 1745 hoc
1178 1697 1379 1764 faceret,
1421 1713 1533 1747 cum
1571 1699 1622 1746 in
1664 1713 1722 1746 eo
1761 1712 1902 1763 prae-

221 1777 387 1837 cept0‚
426 1785 523 1835 quo
564 1769 740 1819 falsum
777 1771 1117 1819 testimonium
1155 1770 1472 1839 prohibetur,
1519 1771 1754 1820 adversus
1791 1786 1904 1836 pro·

133 1854 188 1894 20
221 1845 405 1892 ximum
462 1842 785 1908 prohibeatur
841 1845 1099 1908 possitque
1157 1859 1258 1892 non
1316 1851 1451 1894 recte
1503 1842 1905 1910 intellegentibus

219 1917 374 1966 videri
412 1932 511 1965 non
537 1932 644 1966 esse
669 1916 987 1983 prohibitum,
1025 1923 1083 1966 ut
1120 1917 1355 1967 adversus
1394 1933 1447 1967 se
1486 1920 1649 1984 ipsum
1689 1920 1903 1984 quisque

222 1990 371 2040 falsus
411 1991 550 2039 testis
582 1990 806 2040 adsistat:
847 1996 1028 2055 quanto
1068 1992 1221 2056 magis
1260 1991 1647 2057 intellegendum
1687 1998 1764 2041 est
1801 2007 1900 2040 non

221 2064 370 2113 licere
408 2062 596 2112 homini
635 2079 687 2113 se
726 2065 888 2129 ipsum
928 2063 1178 2131 occidere,
1218 2080 1331 2114 cum
1370 2067 1422 2116 in
1462 2081 1535 2132 eo,
1575 2065 1707 2130 quod
1747 2066 1905 2130 scrip-

221 2144 326 2186 tum
366 2142 463 2186 est:
519 2138 627 2186 Non
667 2139 891 2202 occides·‚
946 2137 1097 2186 nihilo
1146 2137 1322 2187 deinde
1363 2138 1526 2189 addito
1566 2139 1732 2188 nullus
1745 2179 1759 2206 ,
1810 2154 1903 2188 nec

135 2219 190 2260 25
222 2212 327 2275 ipse
367 2212 562 2276 utique,
601 2212 681 2259 cui
718 2211 1043 2277 praecipitur,
1080 2210 1394 2276 intellegatur
1433 2210 1689 2278 exceptus!
1765 2211 1906 2261 Unde

223 2283 422 2348 quidam
443 2283 538 2332 hoc
561 2289 881 2348 praeceptum
911 2285 1060 2332 etiam
1098 2286 1149 2332 in
1187 2283 1371 2334 bestias
1410 2301 1464 2334 ac
1504 2301 1684 2351 pecora
1723 2299 1901 2334 conan-

223 2364 305 2406 tur
345 2357 625 2423 extendere,
663 2363 719 2406 ut
758 2373 818 2406 ex
856 2356 949 2406 hoc
989 2356 1176 2406 nullum
1217 2359 1364 2408 etiam
1401 2358 1598 2408 illorum
1637 2358 1782 2408 liceat
1820 2374 1900 2407 oc·

225 2430 403 2480 cidere.
482 2430 581 2480 Cur
619 2445 718 2479 non
757 2445 875 2495 ergo
916 2437 964 2479 et
1002 2429 1180 2479 herbas
1220 2438 1269 2480 et
1307 2431 1546 2497 quidquid
1585 2432 1735 2481 humo
1775 2431 1903 2481 radi-

225 2505 353 2553 citus
379 2503 524 2553 alitur
548 2519 603 2552 ac
634 2501 838 2569 figitur?
890 2503 1011 2552 Nam
1051 2510 1100 2553 et
1129 2503 1223 2553 hoc
1263 2520 1418 2569 genus
1457 2520 1642 2572 rerum,
1682 2507 1904 2570 quamvis

135 2588 193 2627 30
225 2593 324 2626 non
376 2579 580 2643 sentiat,
635 2577 817 2626 dicitur
866 2578 1030 2626 vivere
1081 2592 1135 2626 ac
1189 2593 1279 2642 per
1324 2578 1417 2628 hoc
1463 2585 1626 2644 potest
1678 2586 1727 2628 et
1765 2580 1908 2644 mori,

224 2650 430 2716 proinde
457 2653 617 2717 etiam,
657 2666 769 2700 cum
793 2652 865 2699 vis
891 2650 1165 2716 adhibetur,
1204 2652 1375 2701 occidi.
1452 2651 1590 2701 Unde
1625 2658 1674 2701 et
1713 2658 1907 2717 aposto—

224 2724 326 2788 lus,
367 2740 478 2773 cum
519 2725 577 2772 de
618 2724 823 2773 huiusce
865 2724 995 2773 modi
1035 2724 1304 2773 seminibus
1344 2726 1655 2790 loqueretur:
1709 2726 1794 2792 Tu,
1833 2727 1906 2774 in·

349 2897 419 2951 12)
451 2895 598 2941 Exod.
630 2900 701 2951 20,
734 2899 810 2950 133
846 2901 913 2940 16.
980 2898 1051 2953 16>
1083 2897 1164 2940 Mt.
1198 2901 1270 2955 22,
1302 2901 1371 2941 39.
