2020 3122
275 129 381 182 508
949 139 982 172 s.
1007 138 1280 172 AUGUSTJNI

882 291 1076 345 CAPUT
1106 291 1354 344 XXXIII.

276 388 352 435 De
384 387 580 434 duabus
613 387 908 445 anqelorum
937 386 1260 433 societatibus
1300 386 1513 433 diversis
1552 389 1703 444 atque
1742 387 1957 448 dispari-

277 462 387 520 ἰήιε,
438 474 568 519 quae
617 472 717 507 non
757 460 1038 519 inconqrue
1078 461 1436 518 intelle‘auntur
1475 460 1603 506 lucis
1642 463 1689 506 et
1729 460 1956 508 tenebra-

716 546 828 580 rum
867 533 1151 581 nominibus
1191 536 1529 592 nuncupatae.

219 646 244 685 5
424 635 662 684 Peccasse
704 642 868 683 autem
908 634 1144 698 quosdam
1185 633 1382 697 angelos
1423 642 1472 682 et
1510 635 1560 681 in
1599 633 1746 682 huius
1786 635 1955 683 mundi

275 711 371 757 ima
411 709 655 773 detr11SOS,
696 710 780 771 qui
819 710 890 756 eis
931 707 1062 756 velut
1103 722 1272 755 carcer
1313 715 1401 772 est,
1442 722 1598 771 usque
1638 707 1698 755 ad
1737 708 1954 756 futuram
1989 707 2006 719 “’

274 785 325 831 in
357 783 434 831 die
467 782 636 831 iudicii
667 781 889 830 ultimam
927 781 1290 829 damnationem
1329 780 1578 844 apostolus
1601 779 1780 829 Petrus
1820 797 1957 846 aper-

205 879 213 890 ·
274 858 462 905 tissime
518 855 734 904 ostendit
788 855 983 920 dicenS,
1038 854 1169 918 quod
1217 853 1347 902 Deus
1402 853 1587 918 angelis
1637 854 1956 918 peccantibus
2006 897 2007 903 ,

275 945 373 978 non
419 930 720 993 pepercerit,
768 928 854 976 sed
902 927 1185 976 carceribus
1232 927 1452 992 caliginis
1498 927 1645 976 inferi
1691 927 1955 977 retrudens
2006 923 2007 927 ’

189 1014 241 1053 10
275 1002 531 1052 tradiderit
569 1003 619 1050 in
667 1001 849 1050 iudicio
888 1001 1165 1066 puniendos
1206 1003 1461 1049 reservari.
1539 1000 1673 1049 Inter
1711 1001 1801 1050 hos
1842 1017 1958 1066 ergo
2005 1040 2008 1060 g

275 1084 324 1125 et
377 1075 486 1124 illos
534 1075 691 1124 Deum
744 1075 821 1123 vel
874 1076 1200 1139 praescientia
1254 1075 1330 1123 vel
1379 1090 1528 1138 opere
1580 1075 1802 1124 divisisse
1843 1077 1954 1139 quis

274 1146 501 1198 dubitet?
539 1148 746 1212 illosque
795 1149 956 1197 lucem
989 1150 1164 1198 merito
1198 1148 1431 1213 appellari
1471 1150 1581 1213 quis
1620 1146 1959 1198 contradicat?

275 1223 468 1287 quando
495 1222 693 1286 quidem
718 1237 807 1270 nos
833 1222 991 1271 adhuc
1015 1224 1066 1271 in
1090 1222 1185 1270 fide
1223 1223 1443 1270 viventes
1483 1229 1532 1270 et
1571 1237 1743 1271 eorum
1782 1237 1956 1286 aequa·
2007 1284 2008 1291 ἵ

273 1296 460 1345 litatem
499 1296 657 1344 adhuc
698 1303 968 1361 speranteS‚
1007 1298 1179 1359 utique
1219 1296 1436 1344 nondum
1476 1302 1702 1344 tenentes
1740 1297 1835 1344 iam
1874 1296 1958 1345 lux

193 1381 246 1419 15
282 1370 401 1418 dicti
440 1369 499 1418 ab
539 1369 760 1433 apostolo
801 1385 994 1418 sumus:
1043 1371 1230 1418 Fuiscis
1269 1372 1421 1429 enim,
1461 1371 1642 1435 inquit,
1682 1372 1957 1431 aliquando
2006 1365 2008 1426 ζ

275 1445 529 1503 tenebrae,
570 1458 706 1491 nime
747 1450 913 1492 autem
952 1447 1042 1492 lux
1083 1446 1134 1491 iii
1165 1444 1391 1492 Domino.
1469 1443 1595 1492 Istos
1634 1458 1750 1491 vero
1791 1443 1956 1492 deser·
2006 1488 2008 1490 ,

274 1523 408 1565 tores
462 1515 690 1565 tenebras
754 1518 1004 1580 aptissime
1059 1518 1335 1580 nuncupari
1397 1517 1618 1580 profecto
1681 1517 1956 1582 advertunt,
2000 1512 2008 1584 J

275 1592 359 1654 qui
412 1592 606 1654 peiores
663 1605 770 1638 esse
826 1589 1106 1639 hominibus
1171 1589 1450 1639 infidelibus
1506 1592 1606 1638 sive
1661 1590 1954 1654 intellegunt

274 1666 374 1712 sive
430 1663 654 1712 credunt.
732 1663 1069 1729 Quapropter,
1125 1665 1217 1712 etsi
1272 1663 1363 1712 alia
1415 1663 1500 1712 lux
1552 1666 1602 1712 in
1657 1666 1752 1712 isto
1806 1664 1952 1713 huius
2006 1664 2008 1666 ’

185 1747 240 1786 20
272 1736 386 1785 libri
424 1736 530 1784 loco
563 1736 891 1801 intellegenda
933 1745 1022 1802 est,
1061 1736 1147 1785 ubi
1184 1736 1415 1801 legimus:
1455 1739 1604 1786 Dixit
1640 1738 1800 1787 Deus:
1839 1740 1956 1786 Fiat
2002 1754 2004 1758 ·

272 1814 381 1870 leisc,
430 1817 478 1859 et
510 1809 658 1871 facta
697 1817 772 1859 est
809 1814 919 1871 lux,
969 1819 1017 1859 et
1067 1810 1186 1859 aliae
1226 1810 1460 1859 tenebrae
1500 1812 1797 1875 significatae
1839 1818 1955 1860 sunt
2002 1868 2006 1885 ἰ

270 1885 322 1932 in
369 1899 426 1931 eo
474 1883 604 1947 quod
661 1885 900 1948 scriptum
949 1891 1045 1933 est:
1099 1885 1282 1933 Divisit
1326 1886 1463 1934 Deus
1510 1888 1643 1934 inter
1689 1888 1850 1934 lucem
1906 1890 1953 1933 et
1996 1903 2007 1937 5-

272 1959 529 2006 tenebras:
575 1972 665 2005 nos
706 1964 869 2006 tamen
908 1957 995 2006 has
1036 1957 1156 2006 duas
1196 1958 1438 2022 angelicas
1479 1960 1764 2024 societateS,
1803 1973 1951 2007 unam

273 2031 519 2078 fruentem
551 2030 667 2095 Deo,
708 2030 908 2080 alteram
940 2038 1214 2080 tumentem
1244 2031 1417 2097 typh03
1457 2047 1606 2080 unam
1637 2034 1717 2080 cui
1749 2032 1953 2080 dicitur:
1991 2031 2005 2086 sz

184 2113 239 2152 25
272 2105 497 2152 Adorate
537 2119 646 2152 eum
679 2119 845 2153 omnes
885 2108 1057 2166 anqeli
1094 2108 1214 2165 eiuS,
1255 2105 1395 2152 aliam
1435 2107 1577 2154 cuius
1608 2106 1839 2170 princeps
1879 2105 1948 2153 di·

273 2179 360 2226 cit:
399 2178 542 2226 Haec
582 2180 749 2226 omnia
789 2179 882 2226 libi
919 2180 1064 2239 daha,
1104 2182 1150 2227 si
1180 2184 1470 2241 prostratas
1511 2181 1808 2228 adoraveris
1847 2193 1952 2236 me;

271 2265 420 2299 unam
459 2249 546 2298 Dei
586 2257 753 2298 sancto
793 2266 958 2300 amore
997 2252 1306 2317 flagrantem,
1346 2252 1547 2300 alteram
1585 2254 1813 2317 propriae
1853 2251 1947 2301 cel-

273 2324 501 2372 situdinis
554 2324 791 2372 inmundo
847 2340 1012 2374 amore
1066 2326 1357 2391 fumantem3
1414 2331 1462 2373 et
1514 2328 1767 2392 quoniam,
1821 2328 1950 2374 sicut
1996 2336 2005 2377 2

273 2399 510 2462 scriptum
545 2403 634 2462 est,
674 2398 810 2446 Deus
840 2401 1070 2460 superbis
1108 2402 1311 2458 resistit,
1349 2401 1617 2448 humilibus
1658 2406 1822 2449 autem
1863 2402 1952 2449 dat

270 2583 341 2626 Mt
386 2526 484 2627 ἓως)
505 2529 545 2567 2.
587 2525 706 2568 Petr.
748 2530 795 2582 2,
843 2530 881 2568 4.
947 2528 1020 2583 16)
1053 2526 1222 2583 Ephes.
1256 2531 1303 2583 5,
1345 2531 1384 2571 8.
1449 2529 1521 2583 25)
1554 2527 1626 2570 Ps.
1661 2532 1738 2581 96,
1773 2531 1810 2570 7.
1875 2527 1948 2582 26)
1992 2496 1999 2499 Α

344 2617 352 2625 .
416 2618 427 2639 ,
490 2618 497 2625 .

390 2751 418 2788 4
448 2748 740 2802 nuncupatae
773 2760 855 2791 om.
899 2746 937 2789 V
982 2749 996 2802 ΙΙ
1046 2753 1097 2790 17
1133 2748 1369 2803 aptissime
1412 2748 1523 2802 VA;
1555 2748 1844 2805 apertissime
1875 2761 1900 2790 v
1934 2746 1949 2803 Η

268 2803 637 2906 11Π8Χ1ἓέῗ11εἰὲἣηὺ
670 2841 680 2851 .
714 2840 724 2850 .
758 2805 948 2849 credant
990 2806 1030 2848 V
1050 2808 1064 2862 fl
1089 2811 1144 2850 20
1177 2807 1299 2850 Deus
1332 2821 1413 2850 om.
1457 2807 1532 2864 Vn
1556 2812 1610 2851 21
1645 2809 1692 2850 et
1721 2807 1849 2850 facta
1881 2807 1952 2848 est,
