2038 3152
627 153 693 183 DE
718 150 955 183 ewrrA'rE
980 151 1068 182 DEI
1092 151 1134 184 L.
1161 151 1193 184 1.
1219 151 1256 184 0.
1281 153 1334 184 10.
1753 140 1819 193 19

135 273 292 326 terra,
331 266 420 314 ubi
457 267 593 313 tinea
626 270 676 313 et
705 265 887 324 rubiyo
927 266 1271 312 easterminant
1309 271 1358 313 et
1395 266 1483 313 ube·
1514 264 1661 326 fures
1700 267 1818 326 effo-

136 342 282 389 diunt
327 345 375 388 et
415 337 668 399 furantur
676 355 696 395 ;
749 339 841 387 sed
885 339 1234 386 thesaurizate
1281 339 1417 387 vobis
1465 340 1729 388 thesauros
1770 342 1820 387 τή

135 416 296 473 cael0,
354 427 451 473 quo
486 411 578 473 fur
617 426 715 461 non
755 413 960 460 accedit
1011 425 1172 472 neque
1211 414 1347 460 tinea
1388 415 1695 474 corrumpit;
1735 414 1823 461 ubi

135 490 264 538 enim
303 494 378 535 est
415 488 684 535 thesaurus
724 492 852 545 ταας,
893 486 966 533 ibe·
1001 486 1099 534 erit
1139 491 1187 533 et
1225 500 1317 534 eor
1356 492 1507 545 tuum,
1547 485 1819 534 tribulatio-

135 563 213 610 nis
251 567 474 624 tempore
514 558 849 624 probaverunt
897 573 1042 622 quam
1091 566 1226 606 recte
1274 561 1530 623 sapuerint
1569 574 1666 607 non
1707 575 1819 608 con·
1854 569 1879 608 5

134 633 398 684 temnendo
460 634 832 682 veracissimum
900 639 1276 697 praeceptorem
1347 640 1396 681 et
1464 632 1683 682 thesauri
1745 635 1821 682 sui

134 708 475 757 fidelissimum
529 709 1006 770 invictissimumque
1064 706 1334 755 custodem.
1424 706 1545 755 Nam
1595 709 1635 755 si
1681 707 1819 756 multi

135 783 286 848 gavisi
327 788 442 830 sunt
489 780 557 830 ibi
604 797 656 830 se
699 780 927 829 habuisse
969 780 1164 829 divitias
1204 795 1318 828 suas
1331 821 1345 847 ,
1386 795 1483 844 quo
1524 782 1729 845 contigit
1767 787 1824 829 ut

134 856 290 905 hostis
329 871 427 904 non
469 855 747 904 accederet:
794 862 977 918 quanto
1027 857 1212 903 certius
1253 861 1302 903 et
1341 856 1567 903 securius
1607 854 1820 918 gaudere

134 937 420 995 potuerunt,
460 931 544 994 qui
567 930 756 978 monitu
782 928 870 977 Dei
899 930 977 977 sui
1008 928 1124 977 illuc
1165 930 1507 994 migraverant,
1546 943 1644 992 quo
1685 943 1818 977 acce·
1855 937 1912 978 10

137 1005 253 1053 dere
295 1005 492 1053 omnino
533 1018 630 1052 non
669 1001 858 1067 posset!
920 1001 1058 1050 Unde
1098 1002 1334 1051 Paulinus
1374 1009 1558 1068 noster,
1597 1002 1824 1051 Nolensis

137 1079 422 1143 episcopus,
468 1093 527 1126 ex
575 1077 949 1141 opulentissimo
998 1076 1146 1124 divite
1189 1076 1435 1125 voluntate
1475 1078 1822 1141 pauperrimus

136 1159 185 1201 et
224 1153 560 1216 copiosissime
611 1157 832 1216 sanctuS,
881 1150 1076 1214 quando
1124 1157 1174 1198 et
1219 1152 1374 1214 ipsam
1415 1149 1586 1198 Nolam
1624 1149 1820 1199 barbari

134 1232 470 1291 vastaverunt,
517 1239 630 1273 cum
678 1222 737 1272 ab
779 1226 849 1272 eis
890 1230 1169 1289 teneretur,
1210 1226 1281 1272 sic
1321 1226 1370 1272 in
1412 1224 1559 1272 corde
1601 1239 1714 1290 sue,
1767 1231 1822 1272 ut

136 1298 195 1348 ab
220 1314 278 1348 00
302 1305 475 1364 postea
499 1299 831 1363 cognovimuS,
870 1297 1187 1361 precabatur:
1225 1297 1478 1363 „Domine,
1518 1313 1615 1346 non
1649 1313 1820 1346 excru-
1855 1305 1911 1346 15

137 1374 240 1422 cier
285 1379 490 1438 propter
544 1386 722 1421 aurum
769 1379 819 1420 et
865 1378 1148 1436 argentum3
1204 1371 1290 1419 uhi
1338 1373 1469 1419 enim
1516 1373 1613 1419 sint
1661 1373 1823 1419 omnia

136 1461 273 1512 mea,
326 1454 381 1495 tu
433 1443 572 1495 scis.“
648 1445 721 1494 lbi
776 1447 907 1494 enim
954 1444 1163 1494 hahebat
1210 1447 1370 1493 omnia
1419 1460 1528 1511 sua,
1574 1445 1658 1493 ubi
1710 1460 1823 1494 eum

137 1521 349 1570 condere
398 1527 449 1569 et
494 1521 826 1569 thesaurizare
873 1519 952 1568 illc
994 1518 1376 1585 monstraverat,
1418 1521 1501 1583 qui
1540 1519 1660 1568 haec
1701 1519 1824 1567 mala

137 1595 320 1644 mundo
354 1601 560 1643 ventura
591 1593 915 1658 praedixerat.
993 1593 1060 1641 Ac
1100 1609 1190 1658 per
1228 1593 1322 1641 hoc
1362 1595 1446 1657 qui
1487 1593 1692 1641 Domino
1733 1608 1821 1642 suo

137 1670 358 1717 monenti
389 1667 729 1730 oboedierant‚
767 1666 854 1716 ubi
894 1676 942 1716 et
982 1683 1078 1731 quo
1120 1667 1264 1715 modo
1306 1667 1636 1716 thesaurizare
1677 1667 1820 1715 debe·
1855 1677 1911 1717 20

141 1749 267 1809 rent,
322 1757 413 1790 nec
468 1744 599 1807 ipsas
654 1749 878 1790 terrenas
933 1741 1124 1790 divitias
1179 1740 1401 1789 barbaris
1455 1740 1823 1789 incursantibus

138 1817 424 1866 amiserunt.
502 1815 636 1874 Quos
668 1823 833 1864 autem
871 1830 970 1863 11011
1011 1814 1269 1864 oboedisse
1309 1816 1565 1880 paenituit,
1606 1814 1722 1879 quid
1763 1814 1823 1862 de

137 1889 316 1939 talibus
356 1889 505 1939 rebus
544 1889 823 1938 faciendum
864 1895 1010 1954 esset,
1050 1891 1090 1937 si
1130 1904 1229 1937 non
1268 1888 1594 1953 praecedente
1636 1890 1823 1952 sapien·

136 1966 218 2030 tia,
259 1971 392 2012 certe
434 1970 768 2027 consequente
810 1964 1111 2027 experientia
1151 1962 1444 2011 didicerunt.

286 2038 347 2086 At
386 2039 517 2086 enim
558 2037 756 2101 quidam
794 2036 911 2085 boni
952 2038 1097 2085 etiam
1139 2036 1403 2085 Christiani
1444 2038 1702 2085 tormentis
1742 2052 1821 2084 ex·
1856 2044 1912 2084 25

143 2113 349 2160 cruciati
390 2117 526 2176 sunt,
573 2118 629 2159 ut
675 2110 802 2159 bona
842 2126 929 2160 sua
969 2110 1195 2159 hostibus
1234 2110 1518 2175 proderent.
1595 2110 1668 2158 Illi
1708 2125 1823 2159 vero

140 2200 231 2234 nec
270 2185 480 2250 prodere
522 2199 612 2233 1100
645 2185 853 2249 perdere
893 2192 1165 2249 potuerunt
1202 2183 1539 2249 homim,‚quo
1579 2186 1672 2248 ipsi
1710 2183 1825 2231 honi

143 2267 295 2308 erant.
374 2258 426 2307 Si
451 2265 614 2307 autem
638 2259 863 2322 torqueri
904 2273 1049 2322 quam
1088 2273 1363 2306 mammona
1402 2259 1673 2322 iniquitatis
1713 2272 1823 2321 pro-

140 2331 258 2381 dere
297 2332 600 2399 maluerunt,
648 2331 766 2380 boni
803 2347 903 2380 non
943 2339 1096 2381 erant.
1174 2331 1480 2380 Admouendi
1519 2339 1682 2380 autem
1722 2331 1823 2379 fue·

140 2413 266 2472 rant,
306 2408 388 2470 qui
429 2412 562 2456 tanta
593 2405 907 2470 patiebantur
944 2421 1035 2471 pro
1076 2421 1214 2472 aure,
1254 2412 1436 2469 quanta
1474 2412 1640 2454 essent
1679 2405 1822 2454 susti—
1857 2413 1913 2451 30

140 2480 300 2529 nenda
339 2495 429 2544 pro
470 2478 688 2547 Christ0,
735 2486 792 2529 ut
829 2495 943 2529 eum
982 2481 1147 2545 potius
1187 2479 1388 2544 diligere
1429 2479 1701 2544 discerent,
1740 2479 1824 2541 qui

66 2595 76 2601 .
141 2568 231 2618 pro
287 2569 338 2602 se
393 2569 564 2618 passos
620 2560 818 2603 aeterna
876 2554 1106 2603 felicitate
1159 2553 1360 2619 ditaret,
1416 2569 1513 2601 non
1562 2567 1733 2602 aurum
1775 2557 1824 2598 et

195 2737 199 2741 .
260 2697 304 2748 4)
335 2695 416 2739 Mt.
452 2702 494 2752 6,
526 2701 579 2739 19
612 2711 710 2752 sqq.

262 2833 286 2870 2
310 2829 580 2872 thesaurum
603 2829 647 2872 A
672 2831 687 2884 11
713 2834 767 2872 18
790 2829 1134 2872 monstrauera'o
1159 2828 1293 2881 OAv;
1317 2827 1558 2870 monuerat
1581 2824 1823 2867 KFPasrr.

145 2885 238 2929 rell.
262 2889 277 2942 ΙΙ
299 2887 379 2942 qui
410 2889 457 2931 01
486 2888 602 2931 haec
632 2901 657 2930 v
682 2889 697 2943 ΙΙ
721 2892 775 2931 27
809 2901 900 2942 quo
933 2889 980 2931 et
1009 2886 1096 2942 ipsi
1128 2902 1153 2929 ‘o

1412 2960 1469 2987 aa:

1414 2988 1436 3000 Διί
