2020 3122
163 918 219 957 10

164 1284 218 1324 15

163 1654 220 1692 20

164 2138 222 2178 25

167 2566 224 2605 30

246 118 355 171 586
918 128 952 162 s.
978 127 1253 164 Aoeusrm

248 243 377 308 ligna
424 243 531 292 eius
582 257 753 291 omnes
804 241 951 291 utiles
1002 241 1285 306 disciplinas
1340 247 1390 290 et
1442 241 1687 306 lignorum
1736 241 1928 291 fructus
1988 225 2017 298 ἷὲῘ

248 331 413 366 mores
458 317 654 381 piorum
702 321 750 365 et
795 315 983 380 lignum
1033 317 1156 364 vitae
1207 317 1364 380 ipsam
1416 313 1662 364 bonorum
1710 317 1929 365 omnium

249 397 456 439 matrem
496 391 784 454 sapientiam
816 396 866 438 et
895 389 1084 454 lignum
1117 390 1350 438 scientiae
1375 388 1493 438 boni
1532 395 1582 438 et
1619 388 1733 438 mali
1772 394 1931 438 trans·

249 465 408 527 gressi
455 463 670 512 mandati
716 465 1122 529 experimentum.
1213 462 1428 511 Poenam
1477 463 1610 511 enim
1663 463 1934 528 peccatori·
1992 476 2017 511 :2⁷

249 537 342 586 bus
380 536 507 586 hene
547 538 734 603 utique,
775 538 1005 602 quoniam
1043 538 1188 600 iuste,
1228 537 1486 584 constituit
1522 534 1670 601 DeuS,
1709 536 1796 585 sed
1833 551 1933 586 non

250 625 341 660 suo
395 609 525 660 bono
582 612 834 676 experitur
879 610 1040 659 homo.
1125 609 1341 658 Possunt
1386 609 1507 658 haec
1563 610 1712 658 etiam
1757 611 1808 658 in
1855 625 1933 659 ec-

250 684 398 734 clesia
429 683 662 751 intellegi,
701 690 757 733 ut
789 700 845 732 ea
884 683 1060 732 melius
1100 684 1397 747 accipiamus
1435 688 1683 747 tamquam
1721 682 1932 748 prophe·

250 759 346 807 tica
401 757 579 807 indicia
632 757 977 823 praecedentia
1031 757 1335 822 futurorum3
1409 756 1692 821 paradisum
1746 756 1934 806 scilicet

249 834 405 897 ipsam
453 831 732 897 ecclesiam,
782 833 910 880 sicut
957 830 1016 879 de
1063 829 1143 878 illa
1182 829 1362 894 legitur
1401 830 1451 878 in
1492 831 1681 879 cantico
1721 832 1932 880 cantico-

251 921 388 971 rum3
429 911 662 969 quattuor
702 910 866 953 autem
905 903 1119 969 paradisi
1157 903 1359 952 flumina
1399 910 1632 968 quattuor
1672 903 1934 970 evangelia,

1998 606 2020 861 .2.‘:-4-0u,„'2⁴sM·'
1993 630 1998 636 ”
2007 584 2020 602 η
1993 515 2018 558 “ζ”

249 979 379 1044 ligna
427 979 683 1027 fructifera
731 985 949 1043 sanctoS,
996 978 1189 1027 fructus
1236 983 1401 1026 autem
1453 992 1625 1026 eorum
1665 993 1815 1042 opera
1855 993 1933 1026 eo·
2010 1005 2012 1010 .

250 1068 385 1119 rum,
429 1051 618 1117 lignum
666 1054 792 1101 vitae
840 1058 1065 1102 sanctum
1112 1057 1394 1100 sanctorum
1449 1052 1621 1115 utique
1669 1050 1936 1118 Christum,
2003 1062 2019 1126 f

249 1126 436 1191 lignum
485 1128 716 1175 scientiae
768 1125 886 1174 boni
933 1132 982 1175 et
1035 1125 1149 1174 mali
1194 1126 1451 1190 proprium
1499 1125 1761 1175 voluntatis
1809 1124 1934 1174 arhi-

251 1201 416 1249 trium.
494 1199 595 1248 Nec
644 1215 695 1248 se
744 1201 851 1265 ipso
902 1201 1083 1264 quippe
1134 1198 1281 1247 homo
1329 1198 1491 1247 divina
1531 1198 1779 1248 voluntate
1821 1214 1935 1248 con·

251 1279 435 1339 tempta
467 1274 563 1322 nisi
593 1274 871 1338 perniciose
904 1275 977 1323 uti
1015 1279 1179 1339 potest
1218 1279 1363 1337 atque
1404 1274 1470 1321 ita
1507 1271 1668 1338 discit,
1708 1272 1826 1337 quid
1863 1273 1935 1322 in·
2004 1287 2018 1313 t>

252 1348 410 1414 tersit,
457 1353 626 1396 utrum
658 1346 911 1396 inhaereat
942 1348 1193 1397 communi
1223 1345 1452 1395 omnibus
1482 1345 1612 1395 bono
1645 1361 1705 1396 an
1721 1344 1937 1412 'proprio
2014 1355 2016 1358 ’

252 1420 541 1470 delectetur.
621 1420 683 1470 Se
732 1422 914 1487 quippe
970 1436 1137 1470 amans
1184 1419 1397 1469 donatur
1443 1419 1559 1486 sibi,
1613 1425 1670 1469 ut
1715 1419 1829 1469 inde
1876 1421 1934 1469 ti-

252 1493 474 1543 moribus
522 1494 930 1559 maeroribusque
986 1493 1262 1559 completus
1318 1499 1482 1542 cantet
1526 1494 1578 1542 in
1623 1492 1841 1560 psalmo,
1896 1495 1938 1542 si
2016 1493 2017 1551 J

252 1575 415 1617 tamen
458 1568 581 1617 mala
621 1584 709 1618 sua
748 1570 921 1618 sentit:
971 1569 1054 1618 Ad
1089 1583 1166 1617 me
1205 1570 1365 1630 ipsum
1405 1567 1612 1617 turbata
1654 1572 1729 1617 est
1766 1569 1938 1617 anima
2013 1575 2017 1608 1

252 1657 363 1691 mea
372 1660 392 1699 ;
439 1648 794 1706 correctusque
841 1643 937 1691 iam
977 1642 1127 1691 dicat:
1178 1642 1544 1691 Fortitudinem
1583 1655 1743 1691 meam
1783 1643 1855 1690 ad
1891 1646 1938 1690 te

254 1718 548 1765 custodiam.
625 1714 758 1764 Haec
807 1721 855 1765 et
903 1717 945 1764 si
984 1730 1078 1780 qua
1119 1714 1210 1763 alia
1249 1714 1554 1764 commodius
1593 1715 1691 1764 dici
1729 1720 1939 1781 possunt

253 1789 313 1838 de
345 1788 674 1854 intellegendo
708 1789 993 1855 spiritaliter
1031 1788 1256 1854 paradiso
1296 1790 1492 1837 nemine
1531 1787 1826 1853 prohibente
1866 1787 1936 1836 di·

254 1869 450 1929 cantur,
497 1862 615 1912 dum
662 1869 826 1913 tamen
876 1870 925 1912 et
971 1862 1101 1912 illius
1147 1861 1382 1911 historiae
1428 1863 1608 1911 veritas
1655 1861 1936 1911 fidelissima

254 1951 423 1986 rerum
462 1943 713 2001 gestarum
751 1938 1032 1986 narratione
1073 1934 1410 1985 commendata
1450 1934 1694 1985 credatur.

893 2122 1090 2178 CAPUT
1122 2123 1295 2177 XXII.

255 2231 331 2281 De
370 2233 670 2293 corporibus
708 2237 1001 2282 sanctorum
1042 2236 1157 2294 post
1196 2231 1644 2296 resurrectionem,
1694 2244 1826 2292 quae
1863 2233 1938 2280 sic

345 2307 603 2367 spiritalia
642 2310 804 2365 erunt,
845 2310 902 2355 ut
938 2319 1038 2355 non
1078 2307 1129 2354 in
1167 2306 1400 2368 spiritum
1440 2318 1563 2354 caro
1604 2308 1848 2353 vertatur.

405 2407 623 2472 Corpora
655 2423 772 2472 ergo
812 2409 1072 2474 iustorum,
1113 2422 1236 2471 quae
1276 2408 1327 2456 in
1366 2408 1733 2457 resurrectione
1774 2407 1941 2456 sutura

256 2487 387 2548 sunt,
425 2496 586 2545 neque
619 2481 718 2531 ullo
750 2480 882 2546 ligno
915 2479 1220 2546 indigebunt,
1260 2495 1357 2544 quo
1389 2481 1473 2529 fiat
1503 2487 1561 2530 ut
1590 2479 1725 2529 nullo
1765 2479 1938 2529 morbo

257 2555 331 2603 vel
379 2561 634 2604 senectute
682 2556 952 2604 inveterata
990 2555 1287 2619 moriantur,
1334 2569 1496 2619 neque
1535 2553 1648 2602 ullis
1687 2552 1792 2602 aliis
1832 2568 1938 2602 cor-

377 2684 421 2737 9)
455 2680 584 2726 Cant.
617 2686 660 2737 4,
695 2686 762 2726 13.
825 2683 902 2738 20)
932 2681 1005 2725 Ps.
1039 2684 1111 2736 41,
1145 2685 1184 2724 7.
1247 2682 1322 2735 21)
1353 2679 1425 2723 Ps.
1461 2683 1531 2734 58,
1566 2684 1634 2724 10.

382 2865 435 2904 14
466 2859 568 2916 ipso
599 2872 682 2904 om.
725 2858 801 2915 Vn
826 2862 880 2902 19
913 2871 941 2902 a
972 2870 1046 2900 me
1076 2855 1179 2913 ipso
1211 2855 1332 2900 ΑΨ
