2038 3152
200 144 271 196 20
863 154 901 188 S.
933 153 1209 188 AUGUSTINI

199 276 478 334 argentum,
525 282 614 332 pro
655 281 751 331 quo
790 268 892 331 pati
931 268 1260 315 miserrimum
1302 267 1415 331 fuit,
1463 281 1551 314 seu
1601 264 1881 314 mentiendo

200 343 547 407 occultaretur,
587 355 676 390 seu
707 355 879 389 verum
915 339 1122 389 dicendo
1161 340 1472 404 proderetur.
1548 339 1769 403 Namque
1809 342 1881 388 in-

199 424 277 465 ter
301 422 546 465 tormenta
577 429 721 463 nemo
747 413 998 463 Christum
1024 414 1302 463 confitendo
1328 414 1504 479 amisit,
1536 427 1681 462 nemo
1706 428 1883 462 aurum

200 492 296 539 nisi
345 489 567 554 negando
619 488 841 536 servavit.
934 487 1176 545 Quocirca
1227 487 1424 536 utiliora
1474 493 1616 536 erant
1674 486 1882 536 fortasse

143 572 168 610 5
201 570 465 629 tormenta,
516 577 639 626 quae
691 560 877 610 bonum
915 560 1288 626 incorruptibile
1330 560 1591 610 amandum
1629 559 1886 627 docebant,

201 652 348 702 quam
393 636 474 686 illa
520 635 673 700 bona,
722 650 846 698 quae
894 636 1000 683 sine
1049 634 1148 683 ullo
1189 633 1298 684 utili
1336 635 1502 684 fructu
1543 634 1768 683 dominos
1808 636 1886 684 sui

200 726 365 760 amore
405 708 715 774 torquebant.

350 783 447 833 Sed
473 783 671 847 quidam
696 784 843 831 etiam
866 797 965 830 non
996 781 1234 831 habentes
1275 782 1406 846 quod
1445 782 1730 847 proderent,
1769 782 1886 831 dum

203 874 303 907 non
344 857 638 923 creduntur,
678 857 797 904 torti
837 862 968 904 sunt.
1043 854 1106 903 Et
1143 855 1196 903 hi
1235 856 1362 904 forte
1402 855 1584 905 habere
1625 855 1888 920 cupiebant

117 943 173 983 10
203 948 295 982 nec
336 937 503 981 sancta
540 929 790 979 voluntate
829 943 1074 994 pauperes
1114 935 1276 994 erant3
1328 927 1508 992 quibus
1548 929 1886 978 demonstran-

202 1007 321 1056 dum
345 1006 438 1054 fuit
477 1019 575 1053 non
602 1002 873 1068 facultateS,
912 1001 999 1050 sed
1034 1004 1165 1066 ipsas
1191 1000 1486 1066 cupiditates
1510 1001 1691 1052 talibus
1717 1002 1888 1067 dignas

203 1094 312 1128 esse
353 1077 668 1127 cruciatibus.
747 1075 799 1124 Si
837 1090 954 1124 vero
1001 1077 1127 1124 vitae
1166 1075 1384 1125 melioris
1422 1077 1677 1141 proposito
1716 1091 1888 1125 recon-

204 1154 362 1203 ditum
401 1166 577 1201 aurum
632 1155 989 1214 argentumque
1029 1164 1128 1198 non
1167 1148 1434 1216 habebant,
1481 1151 1650 1198 nescio
1690 1149 1890 1214 quidem

205 1233 376 1276 utrum
415 1227 644 1289 cuiquam
684 1223 855 1272 talium
895 1223 1150 1288 acciderit,
1197 1229 1253 1271 ut
1291 1222 1410 1271 dum
1447 1222 1629 1272 habere
1669 1223 1891 1273 creditur

118 1311 172 1350 15
203 1305 551 1363 torqueretur:
604 1312 774 1345 verum
823 1303 987 1345 tamen
1035 1297 1226 1344 etiamsi
1273 1296 1470 1362 accidit,
1508 1297 1756 1362 profectO,
1805 1298 1891 1361 qui

203 1376 334 1423 inter
395 1371 474 1420 illa
542 1375 787 1419 tormenta
855 1375 1195 1434 paupertatem
1271 1376 1487 1419 sanctam
1550 1370 1892 1436 confitebatur,

207 1446 459 1496 Christum
500 1442 839 1512 confitebatur.
932 1441 1244 1507 Quapropter
1297 1445 1391 1492 etsi
1441 1459 1542 1492 non
1595 1446 1777 1494 meruit
1831 1444 1890 1494 ab

204 1519 432 1569 hostibus
472 1517 623 1583 credi,
661 1532 760 1565 non
791 1517 953 1580 potuit
991 1522 1155 1565 tamen
1195 1523 1391 1566 sanctae
1430 1519 1736 1582 paupertatis
1776 1533 1892 1567 con-

208 1595 369 1643 fessor
409 1593 514 1640 sine
555 1590 754 1639 caelesti
792 1589 1019 1639 mercede
1060 1592 1296 1654 torqueri.

121 1678 178 1718 20
355 1665 561 1729 MultoS,
610 1665 867 1729 inquiunt,
922 1665 1069 1712 etiam
1109 1662 1413 1713 Christianos
1460 1665 1613 1714 fames
1660 1665 1894 1714 diuturna

209 1741 427 1790 vastavit.
502 1737 606 1786 Hoc
647 1752 842 1802 quoque
882 1738 934 1785 in
973 1752 1093 1786 usus
1133 1752 1250 1786 suos
1289 1736 1407 1786 boni
1446 1737 1614 1801 fideles
1652 1740 1732 1803 pie
1773 1738 1893 1788 tole-

210 1813 365 1863 rando
412 1817 683 1861 verterunt.
760 1811 894 1868 Quos
942 1811 1072 1858 enim
1119 1810 1270 1859 fames
1323 1813 1534 1876 necavit,
1589 1812 1728 1860 malis
1767 1813 1893 1861 vitae

210 1888 382 1952 huiuS,
428 1887 557 1934 sicut
603 1886 826 1949 corporis
873 1882 1097 1949 morbuS,
1153 1885 1356 1948 eripuit:
1411 1900 1535 1948 quos
1583 1891 1747 1934 autem
1794 1899 1894 1934 non

211 1962 425 2025 necavit,
464 1958 632 2007 docuit
670 1959 866 2022 parcius
906 1959 1085 2022 vivere,
1125 1958 1291 2006 docuit
1329 1958 1620 2022 productius
1660 1961 1894 2008 ieiunare.

62 715 91 730 Ἣ-

124 2148 180 2187 25
891 2127 1089 2182 CAPUT
1122 2129 1214 2182 XI.

260 2242 334 2289 De
367 2242 472 2298 fine
511 2234 799 2301 temporalis
837 2239 971 2286 vitae
1009 2238 1111 2285 sive
1150 2239 1392 2298 longioris
1430 2241 1534 2287 sive
1573 2239 1834 2288 breviori&

364 2343 461 2392 Sed
502 2343 633 2391 euim
655 2339 798 2389 multi
821 2340 969 2387 etiam
993 2337 1257 2388 Christiani
1294 2340 1544 2390 interfecti
1582 2347 1714 2408 sunt,
1753 2340 1896 2390 multi

218 2418 483 2467 multarum
541 2415 774 2463 mortium
831 2412 971 2460 foeda
1032 2414 1263 2462 varietate
1323 2416 1618 2479 consumpti.
1700 2413 1804 2464 Hoc
1856 2416 1900 2464 si

219 2505 363 2556 aegre
388 2488 647 2539 ferendum
679 2492 768 2552 est,
807 2485 1051 2552 omnibus,
1090 2488 1174 2550 qui
1213 2488 1263 2535 in
1302 2486 1427 2536 hanc
1466 2490 1615 2537 vitam
1652 2489 1899 2554 procreati

132 2576 188 2614 30
225 2572 366 2631 sunt,
419 2565 592 2628 utique
647 2574 906 2610 commune
948 2565 1037 2608 est.
1114 2559 1218 2608 Hoc
1273 2562 1389 2621 scio,
1443 2563 1693 2611 neminem
1747 2562 1898 2611 fuisse

222 2637 498 2702 mortuum,
553 2636 638 2700 qui
691 2649 790 2682 non
851 2632 1011 2681 fuerat
1074 2633 1333 2697 aliquando
1387 2637 1674 2685 moriturus
1765 2634 1900 2684 Finis

223 2718 386 2761 autem
434 2712 560 2759 vitae
611 2715 709 2757 tam
759 2706 951 2770 longam
1006 2721 1152 2770 quam
1197 2706 1398 2757 brevem
1443 2710 1590 2758 vitam
1636 2709 1729 2758 hoc
1769 2707 1900 2758 idem

346 2888 396 2924 15
429 2880 647 2925 acciderit
681 2879 745 2922 Αι
