2020 3122
599 141 664 172 DE
690 140 929 173 civrrA'rE
955 141 1043 173 Dm
1065 143 1107 174 L.
1138 143 1182 174 x.
1209 142 1247 175 c.
1273 145 1327 176 32.
1699 132 1810 184 455

124 251 256 300 Haec
296 257 374 300 est
412 253 543 299 enim
584 251 794 315 quodam
833 252 976 299 modo
1017 252 1193 316 regalis
1232 255 1328 319 via,
1369 269 1493 318 quae
1534 269 1631 303 una
1670 254 1806 304 ducit

123 325 185 374 ad
217 339 439 390 regnum,
479 339 578 372 non
610 323 870 388 temporali
910 325 1102 388 fastigio
1135 326 1494 394 nutabundum,
1531 328 1618 377 sed
1651 335 1806 377 aeter-

122 399 288 448 nitatis
328 398 557 446 firmitate
591 412 840 446 securum.
904 396 1027 446 Cum
1058 405 1221 448 autem
1262 399 1381 448 dicit
1420 401 1724 466 Porphyrius
1757 404 1808 451 in

121 473 280 536 primo
331 473 465 520 iuxta
505 471 654 519 finem
693 471 752 519 de
791 485 1023 534 regressu
1073 473 1260 520 animae
1307 473 1432 522 libro
1474 475 1693 524 nondum
1731 490 1807 525 re-

60 557 78 564 ·
120 551 322 610 ceptum
360 546 410 592 in
449 559 598 593 unam
639 543 881 608 quandam
914 551 1119 609 sectam,
1160 546 1291 609 quod
1332 547 1659 596 universalem
1692 563 1805 597 con·
1842 558 1868 597 5

121 620 274 668 tineat
311 619 439 666 viam
472 619 658 666 animae
699 616 996 683 liberandae,
1035 617 1111 666 vel
1143 633 1170 666 a
1207 618 1516 683 philosophia
1550 623 1804 671 verissima

120 691 282 755 aliqua
305 691 382 740 vel
414 691 472 739 ab
504 691 738 739 Indorum
763 690 986 740 moribus
1011 707 1066 740 ac
1098 691 1368 758 disciplina,
1402 699 1485 741 aut
1516 694 1803 744 inductione

121 763 479 813 Chaldaeorum
525 771 609 814 aut
649 763 739 813 alia
787 763 1008 828 qualibet
1056 767 1153 831 via,
1200 765 1519 830 nondumque
1567 769 1618 815 in
1668 783 1806 816 suam

122 840 346 887 notitiam
385 837 591 886 eandem
631 839 756 886 viam
795 837 1035 887 historiali
1075 840 1353 903 cognitione
1394 839 1654 904 perlatam:
1693 856 1805 905 pro-

121 911 203 960 cul
249 910 398 960 dubio
440 911 703 960 confitetur
753 925 861 959 esse
910 910 1142 977 aliquam,
1190 912 1277 961 sed
1316 912 1536 962 nondum
1573 915 1625 962 in
1666 929 1803 963 suam
1843 925 1897 963 10

121 986 313 1033 venisse
346 986 585 1033 notitiam.
647 984 719 1033 Ita
752 986 797 1033 ei
829 1000 928 1033 non
961 985 1236 1034 sufficiebat
1276 986 1514 1050 quidquid
1554 986 1613 1035 de
1649 989 1808 1036 anima

120 1057 370 1106 liberanda
418 1058 778 1107 studiosissime
827 1058 1065 1107 didicerat
1112 1059 1302 1123 sibique
1350 1060 1424 1108 vel
1487 1061 1652 1124 potius
1703 1061 1811 1109 aliis

121 1146 267 1180 nosse
299 1147 355 1180 ac
394 1138 566 1181 tenere
598 1130 868 1180 videbatur.
933 1131 1192 1181 Sentiehat
1231 1135 1361 1181 enim
1396 1133 1553 1182 adhuc
1595 1133 1689 1182 sibi
1721 1134 1808 1182 de-

121 1220 231 1253 esse
271 1205 482 1269 aliquam
528 1206 1002 1269 praestantissimam
1041 1208 1405 1270 auctoritatem,
1457 1222 1602 1271 quam
1652 1207 1710 1255 de
1753 1223 1805 1255 re

120 1284 255 1327 tanta
287 1281 429 1342 sequi
468 1285 735 1343 oporteret.
800 1277 922 1327 Cum
954 1285 1118 1327 autem
1159 1279 1277 1328 dicit
1316 1280 1391 1328 vel
1430 1296 1457 1328 a
1495 1280 1804 1345 philosophia
1842 1291 1894 1329 15

121 1353 377 1400 verissima
440 1352 600 1415 aliqua
663 1351 882 1400 nondum
943 1354 994 1400 in
1050 1367 1188 1400 suam
1243 1355 1466 1402 notitiam
1519 1356 1805 1417 pervenisse

121 1431 330 1491 sectam,
382 1440 505 1489 quae
548 1425 874 1473 universalem
914 1427 1162 1474 contineat
1203 1427 1328 1474 viam
1368 1428 1556 1475 animae
1596 1426 1806 1475 liberan-

118 1497 232 1548 dae:
272 1500 389 1547 satis
402 1538 415 1564 ,
467 1505 705 1562 quantum
760 1497 996 1563 arbitror,
1053 1499 1269 1547 ostendit
1332 1499 1408 1548 vel
1448 1515 1554 1548 eam
1593 1500 1806 1564 philoso-

120 1571 307 1638 phiam,
355 1574 407 1620 in
454 1587 550 1636 qua
595 1573 701 1636 ipse
747 1571 1120 1636 philosophatus
1169 1579 1266 1637 est,
1313 1588 1412 1621 non
1462 1588 1570 1621 esse
1612 1575 1806 1622 verissi-

120 1660 275 1710 mam,
323 1645 400 1694 vel
451 1661 506 1694 ea
557 1661 656 1694 non
707 1647 951 1694 contineri
999 1645 1145 1694 talem
1197 1647 1335 1694 viam.
1412 1645 1475 1695 Et
1516 1662 1613 1710 quo
1654 1647 1798 1695 modo
1833 1658 1891 1697 20

121 1720 217 1767 iam
255 1725 419 1783 potest
459 1734 567 1767 esse
606 1720 885 1784 verissima,
935 1733 1030 1782 qua
1069 1734 1168 1767 non
1209 1721 1494 1768 continetur
1532 1720 1654 1768 haec
1694 1717 1806 1769 via?

121 1791 243 1841 Nam
281 1808 406 1856 quae
446 1792 538 1841 alia
576 1794 651 1841 via
691 1798 766 1840 est
805 1791 1096 1840 universalis
1137 1794 1324 1840 animae
1365 1791 1670 1858 liberandae,
1710 1795 1806 1841 nisi

121 1880 218 1929 qua
248 1867 507 1915 universae
541 1867 728 1914 animae
761 1864 1035 1913 liberantur
1067 1879 1122 1913 ac
1152 1880 1243 1928 per
1273 1865 1367 1913 hoc
1407 1867 1513 1914 sine
1552 1865 1633 1914 illa
1674 1865 1807 1915 nulla

121 1941 280 1988 anima
326 1936 601 1988 liberatur?
650 1938 773 1987 Cum
822 1944 986 1986 autem
1026 1937 1159 1986 addit
1199 1944 1247 1987 et
1286 1938 1427 1988 dicit:
1473 1938 1590 2004 „Vel
1629 1939 1688 1987 ab
1728 1939 1805 1987 In-

119 2011 297 2061 dorum
338 2011 559 2060 moribus
599 2027 654 2061 ac
693 2010 964 2076 disciplina,
1002 2010 1079 2059 vel
1118 2010 1177 2059 ab
1216 2011 1501 2061 inductione
1542 2011 1802 2061 Chaldaeo·
1839 2023 1895 2063 25

72 2092 76 2094 ’
120 2101 234 2134 rum
286 2085 363 2134 vel
407 2085 499 2134 alia
545 2085 762 2149 qualibet
807 2079 940 2149 via“,
987 2085 1384 2134 manifestissima
1440 2100 1558 2134 voce
1599 2092 1810 2135 testatur

123 2173 288 2222 neque
319 2158 416 2207 illis
448 2173 572 2222 quae
612 2158 672 2207 ab
704 2157 836 2206 Indis
877 2172 1038 2221 neque
1077 2157 1173 2206 illis
1214 2173 1338 2222 quae
1379 2174 1405 2206 a
1445 2157 1699 2208 Chaldaeis
1739 2159 1808 2208 di-

121 2231 311 2280 dicerat
355 2232 481 2281 hanc
534 2231 860 2281 universalem
909 2232 1035 2280 viam
1085 2233 1274 2280 animae
1322 2231 1604 2281 liberandae
1655 2234 1808 2281 conti·

126 2307 253 2370 neri3
307 2311 356 2353 et
404 2307 575 2370 utique
628 2321 680 2354 se
721 2321 747 2353 a
788 2303 1041 2353 Chaldaeis
1081 2304 1278 2354 oracula
1317 2305 1479 2354 divina
1520 2307 1805 2371 sumpsisse,

123 2393 336 2442 quorum
367 2378 621 2428 adsiduam
652 2379 1168 2428 commemorationem
1208 2378 1339 2444 facit,
1378 2386 1542 2428 tacere
1582 2394 1681 2427 non
1719 2394 1804 2442 po·
1839 2390 1896 2429 30

123 2453 232 2500 tuit.
310 2451 468 2509 Quam
505 2452 609 2501 vult
648 2467 764 2516 ergo
803 2450 1022 2516 intellegi
1061 2453 1249 2500 animae
1290 2451 1569 2501 liberandae
1609 2454 1806 2500 univer-

124 2524 275 2573 salem
329 2527 455 2574 viam
508 2526 729 2574 nondum
782 2530 1031 2589 receptam
1093 2524 1170 2573 vel
1224 2540 1283 2573 ex
1338 2525 1498 2589 aliqua
1553 2526 1807 2572 verissima

123 2597 429 2663 philosophia
469 2599 544 2647 vel
584 2615 644 2647 ex
675 2613 846 2648 earum
886 2600 1107 2661 gentium
1147 2598 1400 2663 doctriniS,
1441 2612 1563 2661 quae
1604 2611 1805 2661 magnae

244 2801 271 2840 4
303 2800 542 2855 receptum
573 2797 621 2841 in
652 2812 794 2842 unam
825 2811 938 2852 mss‚·
970 2800 1205 2855 receptam
1240 2811 1380 2841 unam
1411 2809 1436 2840 v
1461 2797 1476 2852 ΙΙ
1501 2800 1525 2839 5
1551 2796 1675 2851 quod
1697 2809 1811 2848 mss;

124 2869 243 2910 quae
276 2870 301 2899 υ
