2020 3122
562 149 629 181 DE
655 147 893 182 c1v1‘rATE
918 149 1005 181 Dm
1028 149 1073 183 L.
1098 151 1142 183 v.
1160 150 1198 183 ο.
1222 152 1277 184 18.
1658 140 1766 192 227

86 276 210 325 quae
256 259 486 325 perducit
535 260 593 309 ad
642 261 871 326 patriam,
922 259 1007 309 ubi
1058 277 1199 311 verae
1248 262 1441 313 divitiae
1483 262 1614 312 Deus
1661 266 1766 328 ipse

84 342 174 401 est,
215 350 328 383 cum
352 333 516 383 audiat
539 333 615 382 vel
646 333 774 398 legat
805 333 856 382 L.
889 333 1149 400 Valerium,
1190 338 1275 400 qui
1305 338 1355 385 in
1388 352 1477 386 suo
1503 337 1767 387 defunctus

83 415 160 458 est
199 407 479 473 consulam,
518 423 676 472 usque
717 407 836 457 adeo
878 408 1030 456 fuisse
1069 423 1352 475 pauperem,
1392 418 1448 460 ut
1486 413 1700 460 nummis
1741 427 1767 460 a

82 482 264 547 populo
298 481 502 531 conlatis
543 483 650 530 eius
691 481 944 546 sepultura
985 479 1283 531 curaretur?
1323 484 1486 533 audiat
1524 484 1600 534 vel
1638 485 1766 550 legat

85 553 341 613 Quintium
374 554 735 621 Cincinnatum,
776 570 890 604 cum
922 562 1155 619 quattuor
1194 557 1363 620 iugera
1401 557 1679 621 possideret
1720 566 1768 608 et
1799 569 1824 608 5

83 644 140 678 ea
191 631 293 679 suis
349 628 574 678 manibus
629 629 838 694 coleret,
894 628 953 677 ab
1008 635 1171 678 aratro
1223 645 1330 678 esse
1379 630 1664 696 adductum,
1711 639 1766 681 ut

84 702 294 753 dictator
325 703 482 769 fieret,
520 704 676 751 maior
709 704 879 767 utique
904 702 1093 752 honore
1119 719 1266 768 quam
1299 704 1488 770 consul,
1526 706 1765 770 victisque

81 775 306 826 hostibus
345 778 597 841 ingentem
644 776 849 841 gloriam
896 783 1218 826 consecutum
1258 779 1309 826 in
1350 777 1517 827 eadem
1558 794 1765 843 pauper-

81 856 180 900 tate
220 847 498 900 mansisse?
574 850 671 899 Aut
710 851 827 914 quid
868 866 921 899 se
961 866 1192 915 magnum
1235 851 1412 900 fecisse
1451 851 1767 918 praedicabit,

81 926 167 989 qui
212 924 348 974 nullo
393 925 612 989 praemio
660 924 831 973 mundi
875 924 1024 973 huius
1071 925 1222 974 fuerit
1268 924 1328 974 ab
1368 932 1595 974 aeternae
1635 925 1766 975 illius
1802 936 1854 976 10

79 1000 267 1062 patriae
308 1000 542 1047 societate
583 998 841 1064 seductuS,
881 1013 995 1047 curn
1032 997 1313 1048 Fabricium
1352 999 1580 1048 didicerit
1618 1001 1767 1049 tantis

80 1071 371 1121 muneribus
395 1071 587 1137 Pyrrhi,
627 1074 759 1136 regis
783 1071 1115 1139 Epirotarum,
1154 1074 1397 1137 promissa
1422 1075 1568 1122 etiam
1594 1080 1769 1137 quarta
1795 1076 1798 1078 ’

79 1152 220 1210 parte
260 1147 400 1207 regni
440 1160 467 1194 a
505 1145 723 1194 Romana
762 1147 957 1195 civitate
998 1161 1096 1195 non
1135 1148 1356 1211 potuisse
1397 1146 1559 1195 divelli
1598 1146 1765 1211 ibique

79 1220 131 1267 in
169 1234 258 1269 sua
295 1225 584 1284 paupertate
624 1221 870 1283 privatum
909 1234 1108 1268 manere
1148 1217 1416 1269 maluisse?
1484 1220 1607 1269 Nam
1646 1220 1766 1269 illud

79 1293 211 1357 quod
249 1308 356 1342 rem
394 1292 664 1359 publicam,
703 1292 752 1341 id
792 1299 868 1342 est
906 1308 1013 1341 rem
1050 1294 1234 1360 populi,
1273 1309 1380 1342 rem
1418 1296 1619 1360 patriae,
1659 1309 1766 1343 rem
1801 1305 1853 1344 15

79 1381 406 1434 communem,
431 1381 545 1415 cum
568 1366 809 1416 haherent
839 1366 1260 1432 opulentissimam
1292 1373 1438 1431 atque
1463 1368 1766 1434 ditissimam,

80 1441 150 1489 sic
181 1442 277 1506 ipsi
306 1442 358 1489 in
391 1441 494 1489 suis
526 1440 753 1490 domibus
785 1455 1030 1505 pauperes
1055 1447 1208 1507 erant,
1247 1447 1304 1490 ut
1342 1440 1540 1504 quidam
1579 1456 1767 1506 eorum,

82 1517 167 1578 qui
198 1517 295 1564 iam
318 1513 395 1563 bis
420 1514 594 1563 consul
625 1515 816 1580 fuisset,
856 1529 916 1563 ex
954 1514 1036 1563 illo
1077 1522 1251 1564 senatu
1290 1515 1546 1563 hominum
1584 1531 1764 1580 paupe-

79 1603 189 1637 rum
240 1588 510 1653 pelleretur
564 1590 815 1637 notatione
872 1589 1122 1655 censoria,
1185 1589 1317 1653 quod
1379 1587 1550 1638 decem
1602 1589 1764 1654 pondo

81 1664 272 1727 argenti
310 1664 362 1711 in
392 1663 520 1711 vasis
557 1661 740 1711 habere
780 1667 1065 1727 compertus
1106 1669 1202 1728 est3
1241 1664 1308 1712 ita
1346 1661 1478 1711 idem
1515 1664 1610 1727 ipsi
1647 1678 1764 1727 pau-
1798 1674 1854 1714 20

77 1751 223 1800 peres
272 1742 433 1802 erant,
481 1751 694 1800 quorum
740 1736 1006 1801 triumphis
1051 1735 1305 1801 publicum
1344 1734 1592 1785 ditabatur
1630 1751 1763 1785 aera-

78 1811 231 1859 rium:
269 1825 433 1859 nonne
475 1825 646 1859 omnes
679 1809 960 1875 Christiani,
1002 1812 1086 1873 qui
1126 1809 1470 1859 excellentiore
1509 1811 1762 1874 proposito

79 1882 270 1933 divitias
316 1898 432 1932 suas
480 1898 767 1933 communes
814 1884 1003 1932 faciunt
1048 1883 1322 1933 secundum
1367 1883 1417 1931 id
1465 1883 1596 1948 quod
1645 1884 1761 1932 scri-

78 1963 218 2021 ptum
251 1958 402 2006 estin
427 1957 619 2006 actibus
652 1956 1003 2023 apostolorum,
1042 1963 1098 2006 ut
1123 1956 1448 2006 distribuatur
1480 1958 1763 2022 unicuique,

79 2032 208 2080 sicut
255 2033 435 2095 cuique
485 2046 610 2095 opus
665 2036 763 2097 est,
810 2037 860 2079 et
909 2045 1054 2079 nemo
1102 2030 1232 2080 dicat
1270 2030 1452 2094 aliquid
1491 2032 1764 2095 proprium,
1796 2042 1851 2081 25

79 2104 166 2154 sed
218 2106 317 2153 sint
367 2104 461 2152 illis
513 2105 677 2153 omnia
728 2106 1032 2170 communia,
1082 2104 1375 2169 intellegunt
1422 2119 1473 2153 se
1521 2103 1653 2153 nulla
1700 2103 1762 2152 ob

77 2177 171 2226 hoc
203 2177 429 2227 ventilari
461 2184 692 2242 oportere
731 2180 975 2244 iactantia,
1014 2177 1063 2227 id
1103 2178 1326 2227 faciendo
1365 2192 1455 2242 pro
1497 2177 1763 2226 obtinenda

79 2253 311 2302 societate
360 2251 671 2317 angelorum,
717 2267 831 2301 cum
876 2267 1032 2316 paene
1080 2251 1175 2301 tale
1222 2251 1405 2316 aliquid
1444 2251 1514 2300 illi
1553 2251 1762 2300 fecerint

78 2340 167 2390 pro
208 2325 539 2375 conservanda
578 2325 732 2390 gloria
770 2323 1141 2375 Romanorum?

225 2399 356 2449 Haec
396 2406 446 2448 et
484 2399 597 2465 alia,
638 2401 679 2448 si
719 2414 814 2464 qua
853 2399 1025 2449 huisce
1064 2399 1197 2449 modi
1234 2401 1555 2465 reperiuntur
1594 2400 1644 2446 in
1684 2397 1758 2446 lit·
1793 2410 1850 2448 30

79 2475 199 2522 teris
233 2488 420 2540 eorum,
460 2472 654 2536 quando
695 2474 765 2522 sic
803 2475 1190 2540 innotescerent,
1229 2473 1422 2538 quando
1462 2479 1594 2521 tanta
1634 2471 1760 2519 fama

79 2546 511 2612 praedicarentur,
571 2548 668 2595 nisi
721 2546 997 2596 Romanum
1048 2549 1313 2612 imperium
1366 2546 1509 2609 longe
1563 2544 1757 2606 lateque

78 2627 364 2683 porrectum
402 2621 672 2684 magnificis
712 2620 1025 2670 successibus
1065 2616 1371 2686 augeretur?
1418 2617 1629 2667 Proinde
1668 2631 1758 2681 per

195 2749 270 2801 26)
301 2748 402 2791 Act.
436 2753 476 2804 2,
512 2752 590 2801 45;
623 2752 666 2805 4,
697 2752 769 2792 32.

197 2885 222 2923 6
254 2879 505 2924 adductum
535 2894 646 2934 mss;
677 2880 782 2925 abd.
814 2893 839 2924 υ
863 2881 879 2936 ss
904 2883 959 2923 10
991 2879 1071 2935 qui
1101 2878 1270 2931 AKF,·
1302 2877 1425 2933 quod
1457 2890 1483 2920 v

1316 2952 1402 2994 15*
