2020 3122
241 127 353 180 324
922 135 959 170 s.
985 135 1262 171 AUGUSTINI

242 251 498 300 stultitiam
525 251 653 299 scire
680 265 730 298 se
758 248 939 314 aliquid
972 250 1278 314 opinantium
1304 251 1452 299 etiam
1482 251 1534 298 in
1574 250 1694 314 ipsis
1733 249 1926 300 morali-

241 324 335 374 bus
374 322 767 389 quaestionib11S‚
816 338 912 388 quo
959 329 1118 372 totum
1169 325 1387 373 animum
1425 322 1696 372 intendisse
1736 322 1927 373 videba-
1964 340 1965 343 ¹

241 405 345 463 tur,
393 397 467 446 vel
515 398 740 446 confessa
785 398 1059 461 ignorantia
1107 412 1193 446 sua
1247 397 1324 446 vel
1370 395 1674 446 dissimulata
1724 398 1931 447 scientia

240 471 407 536 lepore
442 470 653 520 mirabili
684 470 960 520 disserendi
992 478 1040 519 et
1081 471 1363 519 acutissima
1401 469 1678 519 urbanitate
1719 472 1927 535 agitasse

165 542 213 595 ‘5
246 552 391 609 atque
432 560 669 594 versasse.
747 543 886 593 Unde
934 551 983 593 et
1023 545 1281 592 concitatis
1319 545 1590 592 inimicitiis
1630 543 1932 605 calumniosa

246 620 586 668 criminatione
650 618 908 667 damnatus
969 624 1127 666 morte
1191 617 1426 666 multatus
1489 623 1577 666 est.
1657 617 1753 667 Sed
1817 633 1930 668 eum

242 699 414 757 postea
461 692 540 742 illa
588 693 715 758 ipsa,
763 707 884 755 quae
933 690 1127 755 publice
1176 690 1510 756 damnaverat,
1556 690 1931 742 Atheniensium

243 768 415 815 civitas
453 766 650 830 publice
683 766 821 831 luxit,
858 766 909 813 in
949 764 1072 813 duos
1113 771 1424 814 accusatores
1463 767 1570 814 eius
1610 781 1769 830 usque
1810 765 1930 815 adeo
1975 812 1978 814 ,

243 839 413 904 populi
445 840 778 904 indignatione
821 854 1072 904 conversa,
1111 845 1166 886 ut
1198 854 1327 888 unus
1367 854 1540 887 eorum
1578 854 1847 904 oppressus
1885 841 1933 889 vi

162 925 216 966 10
248 913 576 962 multitudinis
624 914 873 977 interiret,
923 911 1067 960 exilio
1117 919 1279 961 autem
1320 912 1595 962 voluntario
1636 920 1783 977 atque
1820 929 1931 978 per·

247 993 397 1052 petuo
428 1002 636 1050 poenam
670 985 876 1034 similem
918 985 1041 1034 alter
1081 985 1322 1035 evaderet.
1399 986 1518 1035 Tam
1558 986 1807 1051 praeclara
1844 988 1932 1052 igi-

247 1067 330 1109 tur
368 1061 493 1108 vitae
535 1061 808 1123 mortisque
856 1059 982 1108 fama
1023 1058 1253 1108 Socrates
1292 1059 1493 1124 reliquit
1529 1059 1769 1125 plurimos
1809 1075 1927 1110 suae

243 1132 582 1198 philosophiae
623 1139 893 1182 sectatores
906 1173 919 1198 ,
967 1148 1178 1197 quorum
1227 1135 1453 1182 certatim
1493 1133 1711 1183 studium
1751 1134 1844 1183 fuit
1882 1136 1934 1183 in

249 1209 595 1272 quaestionum
627 1206 886 1255 moralium
920 1206 1274 1271 disceptatione
1308 1209 1509 1274 versari,
1548 1206 1634 1256 ubi
1673 1209 1834 1272 agitur
1873 1207 1934 1257 de

163 1292 217 1333 15
250 1296 440 1330 summo
473 1280 619 1347 bono,
660 1296 756 1344 quo
789 1281 896 1329 fieri
926 1280 1073 1329 homo
1106 1280 1280 1330 beatus
1319 1288 1496 1346 potest.
1574 1281 1716 1339 Quod
1755 1283 1807 1330 in
1847 1281 1933 1330 So·

250 1357 398 1404 cratis
438 1354 877 1420 disputationibUS,
926 1354 1044 1404 dum
1091 1357 1252 1404 omnia
1291 1361 1454 1404 movet
1493 1357 1669 1404 asserit
1709 1355 1935 1421 destruit,

251 1430 481 1493 quoniam
513 1443 613 1477 non
646 1428 897 1477 evidenter
930 1431 1175 1494 apparuit:
1217 1429 1348 1493 quod
1380 1430 1559 1494 cuique
1598 1428 1782 1494 placuit
1820 1428 1933 1478 inde

248 1508 569 1567 sumpserunt
616 1509 664 1551 et
710 1502 794 1551 ubi
841 1504 1019 1567 cuique
1070 1497 1229 1552 visum
1269 1510 1344 1552 est
1384 1505 1750 1552 constituerunt
1787 1503 1935 1552 finem

247 1575 378 1624 boni.
454 1575 591 1624 Finis
616 1582 779 1625 autem
814 1575 931 1625 boni
963 1576 1249 1641 appellatur,
1290 1593 1386 1641 quo
1421 1578 1629 1642 quisque
1671 1591 1783 1626 cum
1822 1591 1934 1641 per·

161 1658 217 1699 20
248 1651 437 1698 venerit
468 1648 642 1699 heatus
683 1656 770 1699 est.
851 1649 932 1699 Sic
973 1656 1138 1700 autem
1178 1650 1394 1700 diversas
1433 1652 1564 1700 inter
1604 1666 1656 1699 se
1691 1649 1935 1700 Socratici

249 1723 307 1772 de
348 1725 443 1772 isto
484 1723 579 1772 fine
633 1725 902 1773 sententias
941 1723 1244 1791 habuerunt,
1292 1720 1545 1791 ut„(quod
1584 1726 1662 1772 vix
1702 1722 1935 1773 credibile

251 1803 327 1846 est
359 1799 508 1846 unius
541 1799 762 1862 magistri
793 1799 1014 1862 potuisse
1049 1799 1210 1848 facere
1245 1793 1540 1866 sectatores)
1582 1797 1781 1863 quidam
1805 1813 1934 1847 sum-

248 1886 384 1919 mum
431 1870 616 1920 honum
664 1887 772 1920 esse
821 1871 1044 1921 dicerent
1090 1872 1412 1937 voluptatem,
1460 1873 1588 1922 sicut
1635 1871 1936 1936 Aristippus;

253 1944 451 2008 quidam
478 1946 723 2007 virtutem,
764 1946 892 1994 sicut
915 1945 1247 1996 Antisthenes,
1319 1946 1400 1996 Sic
1425 1945 1505 1995 alii
1530 1952 1675 2010 atque
1701 1945 1782 1994 alii
1806 1944 1936 1994 aliud

163 2025 219 2066 25
252 2024 397 2083 atque
439 2018 569 2068 aliud
609 2020 793 2083 opinati
832 2025 969 2086 sunt,
1018 2035 1142 2084 quos
1182 2035 1567 2070 commemorare
1606 2018 1808 2084 longum
1847 2025 1936 2068 est.

929 2206 1124 2261 CAPUT
1156 2207 1249 2261 IV.

255 2312 332 2362 De
364 2314 647 2375 praecipuo
688 2315 820 2362 inter
860 2313 1090 2364 Socratis
1131 2316 1402 2378 discipulos
1442 2285 1674 2374 Platone,
1714 2317 1804 2376 qui
1840 2327 1937 2364 om-

422 2401 533 2436 nem
567 2387 934 2449 philosophiam
975 2390 1168 2451 triplici
1198 2391 1477 2451 partitione
1515 2390 1761 2438 distinxit.

405 2486 502 2537 Sed
547 2490 678 2538 inter
718 2489 984 2554 discipulos
1026 2490 1270 2556 SocratiS‚
1316 2506 1415 2540 non
1455 2490 1655 2555 quidem
1694 2492 1940 2556 inmerit0‚

165 2571 223 2612 30
256 2561 665 2611 excellentissima
719 2562 872 2628 gloria
922 2562 1123 2630 claruit,
1177 2580 1301 2628 quae
1357 2566 1555 2613 omnino
1611 2571 1803 2614 ceteros
1855 2563 1938 2613 ob·

256 2642 495 2702 scuraret,
533 2635 684 2686 Plato.
763 2636 858 2694 Qui
890 2652 1003 2686 cum
1044 2644 1177 2687 esset
1209 2637 1521 2687 Atheniensis
1561 2637 1770 2687 honesto
1810 2636 1938 2703 apud
1964 2695 1998 2704 NJ

375 2811 431 2851 16
464 2805 649 2866 asserit]
687 2808 843 2853 malim
884 2808 1044 2853 atterit
1088 2810 1103 2865 ΙΙ
1142 2813 1198 2853 30
1231 2822 1349 2865 quae
1384 2809 1522 2855 Parr.
1554 2809 1695 2863 mezl.;
1728 2808 1836 2865 quia.
1866 2807 1936 2861 A,-

256 2865 338 2921 qui
367 2865 547 2910 KFacv
