2020 3122
551 156 618 188 DE
642 155 880 189 crva'rr:
905 159 995 190 nm
1018 159 1059 190 L.
1084 159 1156 191 111.
1182 159 1219 192 c.
1245 162 1297 193 ιτ.
1658 150 1762 202 125

80 270 289 319 rentinis
327 267 568 333 Pyrrhus,
623 283 711 317 rex
752 267 1005 335 Graeciae,
1060 277 1178 320 tunc
1218 273 1406 336 ingenti
1445 273 1596 336 gloria
1635 273 1760 322 cele·

78 341 276 408 bratus,
315 342 649 391 Romanorum
689 342 846 391 hostis
886 343 1092 393 effectus
1132 351 1221 393 est.
1299 345 1389 394 Cui
1429 361 1544 395 sane
1585 346 1646 395 de
1685 362 1760 395 re-

79 431 192 465 rum
249 417 418 466 futuro
481 422 660 465 eventu
716 416 995 466 consulenti
1051 420 1168 467 satis
1222 418 1410 467 urbane
1464 420 1635 483 Apollo
1691 422 1761 469 sic

78 489 363 554 ambiguum
411 489 666 538 oraculum
713 490 886 555 edidit,
933 496 1011 556 ut,
1059 507 1085 539 e
1126 490 1320 540 duobus
1360 493 1597 556 quidquid
1637 496 1760 542 acci-

78 562 248 629 disset,
286 565 392 628 ipse
432 563 626 612 divinus
649 562 918 612 haberetur
958 557 1052 631 (ait
1076 567 1228 614 enim:
1266 564 1416 631 „Dico
1456 573 1521 631 te,
1559 567 1762 633 Pyrrhe,

78 638 276 686 vincere
322 652 469 703 posse
516 631 852 703 Romanos“)
868 644 1015 702 atque
1061 640 1151 703 ita,
1199 640 1298 687 sive
1340 637 1437 702 Pyt
1441 638 1560 688 rhus
1601 656 1627 688 a
1667 641 1760 689 Ro-

79 713 236 760 manis
269 713 370 760 sive
394 711 602 760 Romani
633 726 660 759 a
683 711 875 776 Pyrrho
914 713 1248 778 vincerentur,
1288 727 1496 761 securus
1535 713 1762 762 fatidicus

78 785 370 834 utrumlibet
402 790 685 850 expectaret
717 791 962 835 eventum.
1041 785 1175 844 Quae
1216 792 1335 835 tunc
1376 793 1426 835 et
1465 801 1611 850 quam
1649 786 1760 835 hor-

78 859 232 908 renda
271 861 531 923 utriusque
572 860 820 908 exercitus
860 858 1047 909 clades!
1103 860 1158 908 In
1199 875 1294 924 qua
1333 867 1497 908 tamen
1536 862 1763 924 superior

78 931 300 997 Pyrrhus
325 934 502 998 extitit,
544 939 597 981 ut
620 934 717 981 iam
740 939 909 997 posset
932 933 1206 998 Apollinem
1246 949 1336 998 pro
1378 949 1467 982 suo
1507 933 1761 983 intellectu

79 1006 365 1071 praedicare
391 1006 625 1072 divinum,
664 1009 760 1056 nisi
784 1009 1006 1071 proxime
1047 1007 1140 1056 alio
1179 1007 1366 1072 proelio
1407 1007 1615 1056 Romani
1653 1007 1760 1056 abs-

77 1080 315 1130 cederent
339 1082 636 1144 superiores,
712 1080 871 1145 Atque
906 1083 955 1130 in
979 1087 1113 1130 tanta
1149 1088 1310 1145 strage
1335 1080 1579 1130 bellorum
1616 1083 1763 1130 etiam

77 1153 360 1218 pestilentia
404 1155 565 1218 gravis
614 1161 784 1203 exorta
830 1162 906 1203 est
952 1155 1229 1204 mulierum.
1295 1154 1428 1203 -Nam
1473 1156 1763 1219 priusquam

78 1233 299 1276 maturos
345 1234 518 1292 partus
565 1228 796 1293 ederent,
851 1228 1077 1292 gravidae
1125 1227 1476 1278 moriebantur.
1554 1228 1647 1277 Ubi
1694 1244 1762 1294 se,

78 1300 251 1366 cre'd0,
297 1300 618 1365 Aesculapius
666 1301 952 1367 excusabat,
999 1302 1130 1366 quod
1171 1302 1493 1366 archiatrum,
1540 1317 1639 1350 non
1679 1301 1762 1350 ob-

78 1376 332 1424 stetricem
378 1374 718 1439 profitebatur.
802 1375 1026 1425 Pecudes
1082 1391 1278 1440 quoque
1329 1375 1555 1424 similiter
1612 1377 1762 1424 inter-

78 1447 230 1514 ibant,
268 1450 335 1498 ita
373 1450 558 1498 utiam
590 1448 902 1498 defecturum
941 1465 1098 1514 genus
1138 1449 1422 1498 animalium
1461 1449 1763 1498 crederetur.

79 1519 249 1579 Quid?
302 1522 460 1571 hiems
499 1521 581 1571 illa
618 1523 950 1573 memorabilis
998 1529 1098 1572 tam
1151 1522 1429 1572 incredibili
1478 1524 1762 1572 inmanitate

78 1597 317 1662 saevienS,
356 1603 412 1646 ut
449 1595 644 1646 nivibus
675 1597 923 1646 horrenda
954 1597 1211 1647 altitudine
1252 1599 1399 1646 etiam
1438 1599 1490 1645 in
1528 1597 1635 1646 foro
1674 1612 1764 1661 pet

78 1670 184 1720 dies
224 1659 544 1734 quadraginta
590 1671 902 1720 manentibus
942 1670 1136 1720 Tiberis
1183 1686 1379 1735 quoque
1427 1671 1580 1734 glacie
1621 1670 1762 1719 dura-

77 1751 233 1810 retur,
273 1745 315 1793 si
353 1746 537 1793 nostris
562 1744 880 1810 temporibus
894 1745 1168 1809 accidisset,
1209 1760 1332 1809 quae
1372 1746 1455 1793 isti
1494 1751 1545 1793 et
1583 1751 1763 1808 quanta

77 1815 338 1867 dixissent!
380 1815 546 1875 Quid?
570 1817 651 1867 illa
675 1819 845 1868 itidem
876 1821 1051 1883 ingens
1075 1818 1370 1884 pestilentia,
1403 1817 1634 1882 quamdiu
1661 1833 1762 1866 sae-

77 1892 186 1956 viit,
238 1907 384 1956 quam
431 1892 613 1941 multos
659 1891 890 1957 peremit!
944 1892 1079 1950 Quae
1127 1908 1240 1942 cum
1286 1894 1338 1940 in
1385 1907 1569 1941 annum
1616 1891 1764 1940 alium

78 1965 233 2014 multo
266 1967 461 2029 gravius
501 1966 791 2015 tenderetur
831 1967 1015 2015 frustra
1053 1973 1314 2031 praesente
1339 1965 1644 2031 AesculapiO,
1683 1965 1762 2013 ad-

78 2039 204 2088 itum
244 2031 319 2088 est
359 2038 417 2087 ad
457 2038 612 2088 libros
645 2039 923 2104 Sibyllinos
978 2040 1034 2088 In
1075 2055 1172 2104 quo
1213 2055 1395 2104 genere
1436 2039 1764 2103 oraculorum,

79 2113 209 2161 sicut
248 2112 420 2162 Cicero
460 2115 512 2161 in
551 2112 690 2161 libris
739 2114 798 2162 de
847 2114 1142 2163 divinatione
1183 2120 1556 2179 commemorat,
1611 2114 1764 2176 magis

78 2185 438 2251 interpretibus
485 2193 540 2235 ut
585 2194 795 2251 possunt
841 2203 930 2236 seu
978 2187 1149 2237 volunt
1187 2187 1335 2237 dubia
1374 2186 1764 2237 coniectantibus

79 2259 216 2308 credi
271 2260 410 2309 solet.
494 2260 635 2309 Tunc
686 2277 803 2326 ergo
860 2261 1047 2311 dictum
1110 2268 1186 2310 est
1239 2277 1347 2310 eam
1405 2276 1512 2310 esse
1569 2274 1764 2309 causam

79 2333 409 2401 pestilentiae,
457 2335 588 2398 quod
633 2335 870 2400 plurimas
918 2336 1063 2385 aedes
1111 2351 1274 2384 sacras
1322 2335 1463 2384 multi
1502 2340 1763 2398 occupatas

80 2407 307 2470 privatim
361 2414 612 2457 tenerent:
671 2410 741 2458 sic
794 2411 996 2458 interim
1050 2425 1076 2458 a
1130 2425 1305 2474 magno
1360 2409 1634 2473 imperitiae
1689 2405 1764 2454 vel

80 2478 296 2530 desidiae
337 2483 541 2530 crimine
582 2482 903 2547 Aesculapius
927 2483 1164 2532 liberatus
1205 2491 1293 2532 est.
1370 2482 1508 2530 Unde
1550 2488 1712 2530 autem
1738 2496 1761 2527 a

82 2552 250 2603 multis
302 2555 447 2604 aedes
495 2555 604 2604 illae
653 2557 850 2606 fuerant
896 2563 1162 2622 occupatae
1211 2558 1406 2605 nemine
1457 2553 1763 2618 prohibente,

82 2627 178 2674 nisi
218 2630 332 2692 quia
377 2634 540 2678 tantae
582 2632 841 2679 numinum
888 2630 1063 2680 turbae
1103 2630 1188 2679 diu
1226 2631 1411 2679 frustra
1450 2629 1610 2676 fuerat
1648 2642 1761 2689 sup-

82 2698 337 2769 plicatum,
384 2709 530 2766 atque
569 2705 637 2752 ita
686 2703 920 2768 paulatim
959 2704 1064 2753 loca
1104 2702 1459 2752 deserebantur
1497 2717 1524 2749 3
1563 2700 1760 2749 cultori-

83 2770 202 2840 bus,
257 2782 313 2824 ut
366 2781 615 2840 tamquam
669 2793 819 2827 vacua
874 2779 979 2827 sine
1034 2777 1182 2827 ullius
1236 2777 1503 2825 offensione
1558 2779 1761 2838 possent

202 2888 275 2942 26)
307 2887 358 2932 L.
393 2893 419 2931 2
453 2902 488 2932 ο.
524 2893 594 2932 54.

1798 946 1850 985 10

1798 1313 1850 1353 15

1797 1681 1852 1720 20

1796 2049 1851 2087 25

1796 2416 1850 2454 30
