2020 3122
165 656 190 695 5

135 1025 190 1063 10

136 1392 188 1430 15

133 1761 189 1799 20

134 2127 189 2166 25

134 2496 190 2535 30

229 110 335 162 358
891 121 926 154 S.
958 121 1233 156 Aucuszmm

847 288 1043 343 CAPUT
1077 278 1275 343 XXIV.

232 398 337 455 Quo
369 397 512 445 modo
545 397 754 445 Hermes
789 393 1094 461 (patenter)
1132 401 1404 458 parentum
1445 411 1651 445 suorum
1693 400 1760 446 sit
1788 411 1905 448 con-

307 468 474 531 fessus
513 485 754 530 errorem,
796 485 941 531 quem
981 477 1145 519 tamen
1186 472 1405 519 doluerit
1443 472 1816 520 destruendum.

371 572 489 622 Post
528 572 679 621 multa
721 575 851 622 enim
892 573 950 621 ad
990 573 1082 621 hoc
1123 574 1285 636 ipsum
1325 572 1474 639 redit,
1522 579 1577 622 ut
1614 575 1797 623 iterum
1835 574 1906 623 di-

225 653 301 696 cat
334 645 392 695 de
426 646 534 713 diis,
574 662 698 710 quos
729 647 953 695 homines
987 648 1227 709 fecerunt,
1267 647 1334 694 ita
1372 645 1602 710 loquens:
1641 647 1773 713 „Sed
1811 650 1908 696 iam

224 720 283 769 de
315 719 496 769 talibus
530 722 628 769 sint
668 723 785 769 satis
826 721 954 768 dicta
995 719 1118 768 talia.
1198 719 1398 784 lterum,
1438 722 1612 787 inquit,
1653 721 1711 769 ad
1750 721 1906 770 homi-

223 809 336 843 nem
391 796 730 857 rationemque
786 795 1067 859 redeamuS,
1123 809 1182 841 ex
1233 808 1330 857 quo
1381 793 1544 842 divino
1593 794 1720 843 dono
1761 795 1906 843 homo

224 867 400 916 animal
451 868 636 917 dictum
689 874 763 915 est
813 866 1063 915 rationale.
1154 866 1315 915 Minus
1367 869 1498 915 enim
1547 868 1766 916 miranda
1815 870 1908 918 etsi

223 940 442 990 miranda
475 948 604 1005 sunt,
647 956 768 1004 quae
803 940 862 989 de
896 940 1094 988 homine
1128 940 1256 989 dicta
1297 947 1426 989 sunt.
1505 941 1737 990 Omnium
1777 943 1908 991 enim

223 1014 515 1063 mirabilium
556 1016 671 1063 vicit
710 1013 1096 1079 admirationem,
1137 1013 1267 1077 quod
1307 1014 1453 1062 homo
1495 1014 1707 1063 divinam
1746 1017 1908 1080 potuit

221 1089 442 1137 invenire
490 1095 715 1136 naturam
764 1103 968 1151 eamque
1010 1088 1221 1136 efficere.
1301 1087 1540 1145 Quoniam
1583 1105 1699 1154 ergo
1738 1091 1907 1154 proavi

222 1163 379 1210 nostri
428 1161 636 1210 multum
685 1160 916 1210 errabant
967 1163 1097 1210 circa
1137 1161 1344 1210 deorum
1383 1164 1625 1210 rationem
1664 1162 1908 1212 increduli

221 1243 271 1284 et
308 1250 405 1283 non
439 1234 883 1284 animadvertentes
924 1235 980 1283 ad
1024 1234 1212 1284 cultum
1252 1235 1638 1300 religionemque
1681 1236 1907 1303 divinam,

221 1311 518 1357 invenerunt
557 1315 737 1374 artem,
790 1324 885 1373 qua
925 1309 1181 1357 efficerent
1220 1308 1352 1357 deos.
1432 1309 1522 1358 Cui
1560 1311 1785 1359 inventae
1827 1310 1907 1359 ad·

222 1385 490 1432 iunxerunt
536 1384 769 1431 virtutem
809 1383 867 1431 de
910 1382 1079 1431 mundi
1118 1388 1292 1431 natura
1333 1384 1727 1449 convenientem,
1779 1399 1906 1432 eam-

222 1471 316 1521 que
358 1458 636 1522 miscentes,
677 1458 905 1520 quoniam
948 1458 1132 1504 animas
1174 1456 1334 1504 facere
1375 1472 1474 1505 non
1512 1464 1756 1522 poterant,
1797 1473 1906 1506 evo·

222 1537 389 1579 cantes
445 1532 629 1578 animas
678 1530 971 1579 daemonum
1024 1529 1099 1578 vel
1146 1530 1432 1594 angelorum
1489 1545 1570 1578 eas
1619 1530 1907 1580 indiderunt

220 1603 514 1668 imaginibus
555 1606 736 1653 sanctis
777 1603 1051 1668 divinisque
1093 1605 1362 1670 mysteriiS,
1402 1619 1491 1668 per
1531 1619 1652 1668 quas
1691 1604 1819 1653 idola
1859 1611 1908 1653 et

221 1676 345 1726 bene
399 1678 607 1726 faciendi
659 1685 706 1727 et
758 1677 880 1726 male
931 1680 1059 1726 vires
1106 1677 1287 1726 habere
1327 1674 1652 1742 potuissent.“
1726 1677 1904 1726 Nescio

224 1758 392 1800 utrum
424 1753 495 1800 sic
529 1752 886 1800 confiterentur
925 1753 1019 1816 ipsi
1059 1751 1322 1800 daemones
1362 1751 1583 1812 adiurati,
1625 1767 1721 1816 quo
1761 1751 1906 1800 modo

221 1827 314 1873 iste
356 1826 613 1875 consessus
655 1833 743 1874 est.
818 1825 1116 1892 „Quoniam,
1156 1826 1338 1890 inquit,
1377 1827 1547 1890 proavi
1586 1827 1744 1874 nostri
1783 1825 1905 1874 mul-

220 1905 327 1947 tum
381 1899 611 1947 errabant
666 1901 796 1947 circa
851 1899 1056 1948 deorum
1111 1900 1352 1947 rationem
1405 1898 1649 1947 increduli
1702 1906 1752 1948 et
1806 1913 1906 1947 non

222 1972 666 2021 animadvertentes
700 1974 756 2022 ad
793 1973 979 2022 cultum
1013 1972 1400 2037 religionemque
1442 1972 1668 2038 divinam,
1708 1974 1904 2021 invene-

222 2052 339 2093 runt
397 2052 553 2095 artem
610 2062 703 2110 qua
759 2036 1014 2095 efficerent
1065 2041 1229 2095 deos“
1315 2045 1681 2110 Numquidnam
1735 2046 1907 2094 saltem

223 2119 539 2167 mediocriter
591 2135 676 2168 eos
727 2121 848 2169 dixit
896 2134 1112 2186 errasse,
1163 2126 1218 2168 ut
1268 2119 1394 2168 hanc
1434 2127 1590 2168 artem
1629 2121 1907 2168 invenirent

222 2191 431 2240 faciendi
465 2193 597 2257 deOS,
638 2200 720 2242 aut
753 2200 1016 2242 contentus
1050 2195 1143 2242 suit
1174 2193 1361 2243 dicere:
1400 2192 1658 2259 Errabant,
1699 2194 1793 2241 nisi
1825 2192 1905 2241 ad-

223 2265 362 2314 deret
403 2273 451 2314 et
491 2266 699 2315 diceret:
738 2266 944 2315 Multum
986 2264 1251 2316 errabant?
1313 2266 1410 2316 Iste
1452 2282 1568 2330 ergo
1607 2266 1789 2315 multos
1831 2281 1906 2315 er-
1969 2301 1974 2305 -

222 2354 307 2387 ror
347 2345 397 2388 et
434 2339 753 2388 incredulitas
794 2355 892 2388 non
933 2340 1425 2389 animadvertentium
1467 2340 1525 2389 ad
1566 2339 1754 2389 cultum
1794 2340 1904 2388 reli-

222 2413 516 2477 gionemque
559 2413 771 2461 divinam
810 2415 997 2461 invenit
1036 2421 1207 2479 artem,
1247 2429 1343 2478 qua
1383 2414 1604 2462 efficeret
1643 2413 1776 2463 deos‚
1843 2412 1907 2462 Et

223 2494 387 2535 tamen
438 2486 568 2551 quod
627 2486 809 2535 multus
858 2501 999 2535 error
1050 2494 1100 2535 et
1145 2486 1464 2536 incredulitas
1512 2494 1561 2535 et
1608 2501 1634 2534 a
1674 2486 1810 2536 cultu
1849 2502 1905 2535 ac

221 2559 457 2625 religione
509 2559 670 2608 divina
723 2561 911 2608 aversio
962 2561 1110 2608 animi
1149 2562 1360 2620 invenit,
1414 2567 1467 2609 ut
1505 2560 1651 2608 homo
1692 2567 1796 2609 arte
1835 2561 1902 2609 sa-

342 2690 415 2743 19)
448 2688 571 2734 Asel.
603 2702 649 2744 p.
683 2692 753 2731 99.

341 2854 366 2891 2
399 2850 615 2905 patenter
648 2862 728 2893 om.
767 2849 904 2894 Parr.
929 2850 1023 2905 1125
1055 2847 1341 2892 inuenissent
1371 2849 1416 2892 A
