2004 3162
839 144 1134 177 PRAEFATIO.
1736 136 1822 180 VII

138 275 326 309 summa
373 274 486 307 cum
532 257 675 308 laude
723 263 943 323 praeest,
990 263 1093 305 tres
1142 258 1368 321 antiquos
1418 258 1557 307 codd.
1599 254 1823 326 (ΒΑΕ)

137 333 355 383 nondum
396 331 598 381 collatos
637 331 769 380 ultro
812 330 931 379 mihi
978 329 1156 379 obtulit
1204 337 1253 379 et
1291 345 1382 394 per
1423 331 1700 396 complures
1741 349 1822 382 an-

135 423 252 468 nos,
323 406 439 455 dum
494 420 665 454 eorum
728 404 967 453 lectiones
1027 403 1379 468 perscrutabar
1441 412 1491 453 et
1544 405 1601 453 ad
1659 421 1822 455 emen-

135 480 342 529 dandam
400 481 673 528 orationem
733 479 995 543 Augustini
1057 476 1401 544 conferebam,
1467 493 1565 526 non
1636 480 1824 529 destitit

135 553 381 603 monendo
423 552 672 602 suadendo
721 551 943 601 docendo
992 551 1153 600 studia
1199 566 1307 600 mea
1353 551 1625 616 provehere
1678 559 1823 617 atque

134 628 395 677 moderari.

283 708 353 756 De
400 707 597 756 illorum
645 707 870 756 codicum
916 708 1216 772 praestantia
1262 714 1524 771 postquam
1570 722 1822 771 program-

135 790 263 833 mate
311 783 551 847 gymnasii
596 780 1026 845 Norimbergensis
1075 795 1202 829 anno
1254 777 1396 830 1862
1449 780 1579 830 edito
1619 780 1823 829 uberius

137 857 364 922 disserui,
403 857 685 920 insequenti
733 870 860 904 anno
909 854 1062 903 libros
1100 854 1485 918 Augustinianos
1526 853 1586 902 de
1628 855 1822 904 civitate

135 930 223 980 Dei
263 932 313 979 in
354 928 556 978 aedibus
597 929 648 978 Β.
689 929 743 978 G.
784 927 1091 978 Teubneri
1132 927 1348 977 edendos
1388 929 1568 977 curavi.

284 1012 409 1060 Ante
442 1011 535 1059 hoc
567 1012 836 1060 triennium
871 1025 984 1059 cum
1023 1009 1287 1074 bibliopola
1325 1009 1704 1058 honestissimus
1744 1024 1822 1058 me

138 1086 545 1150 commonuisset,
585 1086 767 1133 iterum
806 1090 862 1133 ut
902 1083 1098 1133 eosdem
1139 1082 1291 1132 libros
1332 1098 1660 1146 recenserem,
1700 1098 1824 1132 nova

137 1160 277 1221 coepi
317 1157 493 1206 auxilia
533 1159 843 1220 conquirere.

283 1237 346 1288 Et
400 1237 713 1286 Parisinos
768 1238 966 1300 quidem
1013 1237 1167 1286 libros
1212 1244 1269 1286 ut
1315 1245 1399 1286 aut
1446 1239 1551 1302 ipse
1600 1245 1683 1287 aut
1733 1253 1824 1303 per

136 1312 284 1362 alium
324 1311 525 1376 adirem,
563 1310 612 1359 id
653 1309 784 1374 quod
824 1313 1095 1376 aegerrime
1136 1311 1267 1377 ser0,
1306 1326 1404 1359 non
1445 1311 1564 1359 mihi
1604 1313 1823 1376 contigit.

137 1385 450 1435 Corbeiensis
482 1384 654 1434 saltem
687 1384 872 1434 codicis
909 1385 1149 1434 lectiones
1179 1386 1230 1432 in
1270 1399 1434 1433 meum
1474 1400 1620 1434 usum
1661 1385 1823 1434 denuo

136 1461 438 1524 exscriptum
484 1460 546 1507 iri
593 1458 853 1522 aliquando
894 1473 1226 1523 speraveram,
1275 1457 1360 1506 sed
1403 1473 1458 1506 ea
1498 1474 1694 1523 quoque
1735 1474 1822 1524 spe

136 1533 403 1582 destitutus
443 1547 566 1582 sum.
642 1531 811 1596 Itaque
851 1531 1153 1596 ubicumque
1192 1533 1244 1580 in
1282 1531 1360 1580 his
1398 1531 1538 1580 libris
1578 1532 1821 1582 Parisino-

135 1621 246 1656 rum
285 1606 524 1656 librorum
564 1607 865 1667 mentionem
906 1607 1016 1673 feci,
1055 1604 1424 1656 Duebnerianas
1463 1605 1701 1655 lectiones
1742 1622 1821 1655 ex-

136 1682 312 1745 cerpsi.

285 1761 476 1811 Solacio
523 1762 638 1829 fuit,
685 1762 816 1826 quod
856 1760 1227 1811 Veronensis
1276 1761 1460 1810 codicis
1499 1763 1823 1811 vetustissimi

135 1837 296 1884 variae
327 1835 566 1885 lectiones
597 1835 718 1884 mihi
748 1842 947 1900 praesto
981 1843 1135 1886 erant.
1190 1834 1334 1884 Hunc
1367 1834 1456 1883 Dr.
1484 1834 1613 1884 Chr.
1638 1835 1820 1884 Hoer-

135 1924 263 1975 ner,
303 1909 488 1974 collega
526 1909 927 1975 humanissimuS,
966 1925 1076 1958 meo
1116 1916 1291 1974 rogatu
1331 1924 1522 1958 summa
1562 1924 1675 1958 cum
1716 1909 1820 1958 dili-

135 1985 298 2047 gentia
331 1983 554 2050 contulit,
594 1999 691 2048 quo
731 1985 782 2032 in
821 1998 972 2048 opere
1013 1982 1212 2032 Caroli
1253 1982 1557 2049 Giuliarii,
1598 1985 1822 2032 canonici

62 2090 68 2092 -
135 2063 185 2105 et
217 2055 577 2106 bibliothec-arii
609 2056 923 2123 VeronensiS,
962 2059 1190 2106 comitate
1228 2072 1284 2106 ac
1323 2055 1612 2106 liberalitate
1644 2071 1820 2121 magno

135 2145 284 2194 opere
325 2129 520 2180 adiutus
561 2138 649 2179 est.

282 2203 699 2253 Coloniensem
755 2204 976 2254 codicem
1027 2206 1133 2269 ipse
1182 2204 1389 2268 contuli,
1436 2211 1695 2269 postquam
1747 2207 1818 2253 in-

135 2278 262 2341 signi
300 2277 592 2327 liberalitate
634 2293 941 2327 summorum
980 2280 1030 2327 in
1070 2278 1303 2328 Borussia
1344 2284 1392 2327 et
1431 2277 1632 2327 Bavaria
1672 2280 1820 2342 magi·

134 2356 379 2401 stratuum
420 2358 469 2400 et
508 2351 814 2401 Coloniensis
854 2351 1180 2401 bibliothecae
1228 2352 1467 2417 praefecti
1507 2352 1689 2402 sactum
1730 2358 1820 2418 est,

134 2432 189 2475 ut
226 2423 306 2473 ille
347 2424 545 2473 domum
585 2441 744 2474 meam
784 2427 1078 2475 mitteretur.

283 2497 488 2547 Codices
528 2499 950 2564 Frisingenses
983 2506 1033 2549 et
1063 2498 1492 2566 Augustanum,
1548 2498 1726 2563 quibus
1766 2499 1817 2546 in

132 2574 297 2636 priore
345 2574 440 2620 iam
488 2572 701 2622 editione
750 2573 1098 2622 conformanda
1144 2589 1266 2623 usus
1306 2588 1462 2639 eram,
1511 2572 1819 2621 Monacensis

132 2645 458 2695 bibliothecae
513 2648 788 2695 antistitum
842 2646 1182 2696 benevolentia
1237 2649 1419 2696 iterum
1474 2645 1647 2695 usibus
1694 2646 1818 2694 meis

134 2734 395 2768 concessos
435 2720 603 2769 multis
635 2719 756 2770 locis
797 2721 959 2770 denuo
999 2722 1204 2785 inspexi.
1282 2720 1817 2784 Alderspacensem

134 2807 329 2857 quoque
391 2794 608 2843 indidem
669 2793 903 2858 precibus
968 2796 1090 2843 meis
1150 2795 1360 2858 petitum
1423 2792 1672 2841 interdum
1736 2791 1815 2840 ad-

132 2865 282 2915 liibui.
