2020 3122
518 161 585 193 DE
609 159 847 193 CIVITATE
870 160 960 193 DEI
982 162 1024 195 L.
1049 163 1158 196 v111.
1183 164 1219 196 ο.
1246 167 1298 198 12.
1324 167 1376 199 13.
1691 154 1796 207 339

111 272 337 340 pluribus
378 287 515 322 sacra
555 273 717 322 facere
750 280 989 340 oporteat,
1028 277 1160 342 satis,
1205 283 1259 325 ut
1298 278 1538 345 existimo,
1578 282 1796 344 exposui.

54 363 58 366 ·
112 347 225 397 [deo
266 348 448 412 quippe
494 346 585 395 hos
630 348 943 411 potissimum
984 347 1130 414 elegi,
1177 353 1407 413 quoniam
1456 351 1515 400 de
1556 367 1654 401 uno
1694 352 1794 402 Deo

31 472 36 480 ,
112 422 195 486 qui
229 421 345 469 fecit
377 420 567 469 caelum
601 427 650 469 et
682 426 880 486 terram,
914 428 1096 484 quanto
1130 422 1305 472 melius
1339 433 1619 487 senserunt,
1658 433 1794 475 tanto

111 496 291 544 ceteris
341 494 661 559 gloriosiores
715 500 764 542 et
817 494 1132 543 inlustriores
1186 495 1453 564 habentur,
1506 501 1556 547 in
1604 506 1794 550 tantum

110 568 216 617 aliis
254 567 460 633 praelati
498 567 680 616 iudicio
721 573 1059 631 posterorum,
1099 575 1168 633 ut,
1209 584 1322 618 cum
1361 571 1650 620 Aristoteles
1690 573 1793 622 Pla-

113 643 244 692 tonis
283 641 578 708 discipulus,
616 642 691 689 vir
731 640 1018 690 excellentis
1058 643 1243 706 ingenii
1283 650 1332 691 et
1372 643 1565 708 eloquio
1606 645 1795 696 Platoni

114 715 312 781 quidem
343 717 517 782 impar,
557 714 643 764 sed
676 714 858 763 multos
899 714 1038 764 facile
1080 731 1334 780 superans,
1377 724 1559 766 sectam
1599 718 1795 784 Peripa·

112 791 308 839 teticam
357 789 685 855 condidisset,
737 788 867 852 quod
916 788 1235 838 deambulans
1287 790 1538 855 disputare
1591 806 1794 841 consue-

110 870 260 929 verat,
299 862 636 928 plurimosque
671 861 940 926 discipulos
971 863 1222 927 praeclara
1254 864 1380 912 sama
1412 864 1657 914 excellens
1689 868 1796 915 vivo

111 937 268 986 adhuc
315 943 636 1002 praeceptore
684 938 735 984 in
782 950 920 984 suam
966 936 1210 986 haeresim
1258 946 1630 1006 congregasset,
1684 946 1797 1004 post

110 1018 320 1060 mortem
370 1025 487 1059 vero
528 1009 746 1059 Platonis
788 1008 1096 1075 Speusippus
1109 1051 1122 1077 ,
1175 1013 1362 1060 sororis
1403 1014 1509 1060 eius
1549 1013 1700 1080 filius,
1748 1020 1797 1062 et

93 1083 428 1150 Xenocrates,
466 1083 678 1132 dilectus
712 1085 819 1132 eius
852 1083 1139 1151 discipuluS,
1179 1087 1228 1133 in
1264 1085 1477 1134 scholam
1511 1087 1632 1152 eiuS,
1672 1102 1796 1151 quae

109 1157 368 1207 Academia
407 1157 687 1222 vocabatur,
728 1156 887 1205 eidem
928 1160 1288 1207 successissent
1326 1166 1473 1223 atque
1514 1158 1575 1207 ob
1616 1160 1708 1208 hoc
1748 1167 1798 1209 et

108 1233 204 1297 ipsi
241 1238 291 1281 et
330 1247 502 1280 eorum
536 1245 851 1280 successores
891 1230 1169 1280 Academici
1208 1232 1587 1300 appellarentur,
1627 1249 1795 1282 recen-

109 1307 260 1355 tiores
298 1313 459 1355 tamen
490 1304 770 1370 philosophi
803 1303 1110 1372 nobilissimi,
1148 1305 1327 1370 quibus
1358 1305 1495 1355 Plato
1536 1307 1797 1356 sectandus

109 1379 318 1445 placuit,
370 1378 620 1428 noluerint
668 1393 720 1427 se
773 1377 872 1427 dici
922 1377 1278 1444 Peripateticos
1330 1386 1413 1428 aut
1464 1379 1821 1447 AcademiCOS,'

110 1453 195 1502 sed
246 1452 540 1502 Platonicos
616 1451 690 1500 Ex
746 1450 927 1516 quibus
979 1459 1094 1502 sunt
1144 1453 1282 1502 valde
1335 1452 1578 1503 nobilitati
1625 1453 1797 1503 Graeci

108 1526 355 1594 Plotinus,
400 1525 720 1592 IamblichuS,
768 1524 1094 1592 Porphyrius3
1141 1529 1192 1575 in
1239 1533 1449 1591 utraque
1497 1534 1661 1577 autem
1707 1527 1795 1576 lin-

109 1615 233 1667 gua,
282 1599 331 1649 id
383 1607 459 1649 est
509 1607 558 1648 et
609 1599 794 1648 Graeca
845 1606 893 1648 et
930 1599 1132 1667 Latina,
1187 1600 1423 1665 Apuleius
1471 1600 1587 1649 Afer
1634 1602 1796 1651 extitit

108 1673 391 1723 Platonicus
430 1673 621 1722 nobilis
701 1672 796 1722 Sed
845 1674 895 1722 hi
935 1689 1105 1722 omnes
1146 1681 1195 1723 et
1235 1676 1389 1723 ceteri
1429 1676 1536 1722 eius
1575 1675 1706 1723 modi
1746 1682 1795 1723 et

110 1749 215 1812 ipse
257 1747 393 1796 Plato
435 1747 526 1796 diis
566 1747 792 1812 plurimis
834 1763 941 1796 esse
983 1763 1119 1796 sacra
1160 1748 1379 1796 facienda
1419 1754 1728 1811 putaverunt.

761 1933 959 1987 CAPUT
992 1933 1140 1986 XIII.

65 2058 69 2059 ⁷
112 2043 187 2092 De
234 2045 483 2092 sententia
526 2043 774 2102 PlatoniS,
822 2056 922 2101 qua
971 2026 1196 2099 definivii
1244 2042 1362 2090 cleos
1408 2055 1506 2089 non
1554 2057 1659 2091 esse
1698 2043 1799 2091 nisi

569 2117 721 2164 bonos
760 2117 1046 2174 amicosque
1084 2117 1336 2163 virtutum.

259 2219 564 2283 Quamquam
597 2233 713 2282 ergo
747 2232 774 2265 a
806 2215 948 2265 nobis
981 2224 1029 2265 et
1061 2218 1111 2265 in
1152 2217 1258 2265 aliis
1298 2217 1465 2266 multis
1505 2217 1653 2267 rebus
1694 2233 1790 2267 ma-

112 2293 318 2358 gnisque
352 2292 660 2357 dissentiant,
699 2293 749 2339 in
783 2290 875 2338 hoc
909 2296 1088 2356 tamen,
1128 2291 1257 2354 quod
1299 2290 1443 2339 modo
1483 2293 1641 2358 posui,
1681 2293 1794 2355 quia

112 2380 270 2430 neque
316 2382 463 2431 parva
510 2381 590 2414 res
638 2372 713 2414 est
760 2370 810 2412 et
854 2364 967 2412 inde
1008 2379 1140 2412 nunc
1181 2366 1403 2428 quaestio
1444 2371 1542 2431 est,
1580 2367 1794 2429 primum

112 2437 171 2487 ah
211 2442 281 2488 eis
322 2455 528 2506 quaem,
581 2437 760 2502 quibus
802 2437 894 2486 diis
934 2439 1084 2486 istum
1124 2437 1311 2487 cultum
1352 2437 1679 2486 exhibendum
1718 2453 1792 2485 ar-

112 2511 380 2581 bitrentur,
433 2518 600 2562 utrum
656 2511 799 2560 honis
853 2527 913 2559 an
962 2511 1099 2560 malis
1150 2527 1209 2559 an
1259 2518 1307 2560 et
1354 2511 1495 2559 bonis
1542 2518 1590 2559 et
1638 2510 1788 2558 maliS.

1831 950 1884 988 10

1831 1316 1885 1356 15

1828 1683 1884 1723 20

1825 2228 1879 2267 25

115 2584 210 2634 Sed
260 2586 498 2636 habemus
557 2586 851 2635 sententiam
910 2585 1126 2634 Platonis
1182 2584 1389 2633 dicentis
1445 2599 1613 2632 omnes
1669 2583 1786 2631 deos
1819 2592 1875 2631 30

113 2658 268 2709 honos
307 2676 415 2709 esse
456 2676 548 2709 nec
588 2675 695 2708 esse
738 2660 937 2707 omnino
978 2658 1131 2708 ullum
1172 2658 1378 2706 deorum
1419 2657 1610 2706 malum.
1667 2655 1790 2704 Con-

234 2837 254 2874 1
290 2831 544 2875 sacrificare
578 2832 620 2874 A
653 2833 668 2887 ΙΙ
701 2835 723 2874 7
759 2844 863 2873 cum
897 2830 1071 2873 sectam
1103 2827 1272 2871 AK¹F
1309 2828 1383 2880 (cf.
1420 2831 1503 2880 59,
1541 2830 1626 2878 14,·
1666 2829 1742 2881 17)
1778 2825 1793 2882 Η

117 2893 169 2931 11
204 2889 464 2946 Xeusippus
498 2890 536 2933 G

1352 2961 1438 3002 22*
