2020 3122
163 903 216 942 10

163 1373 215 1411 15

158 1736 214 1776 20

159 2103 215 2143 25

158 2470 215 2510 30

248 106 355 159 568
919 115 953 148 S.
978 113 1249 148 AUGUSTIM

247 224 565 296 potestesse.
641 229 716 278 An
747 230 913 294 potius
953 235 1001 277 et
1041 230 1091 276 in
1131 229 1226 276 vita
1267 235 1316 277 et
1354 229 1405 277 in
1445 235 1603 277 morte
1645 229 1788 278 simul
1828 237 1920 295 est3

248 307 298 352 in
338 306 434 352 vita
480 303 696 363 seilicet,
752 305 803 351 in
853 317 947 366 qua
995 303 1135 367 vivit,
1190 301 1346 350 donec
1386 308 1487 350 tota
1526 302 1831 368 detrahatur3
1870 304 1922 351 in

249 383 406 426 morte
447 382 626 443 autem,
666 378 778 441 quia
817 377 914 424 iam
952 377 1176 436 moritur,
1218 390 1331 424 cum
1369 377 1467 424 vita
1506 373 1815 426 detrahitur?
1869 374 1922 424 Si

250 452 380 499 enim
426 465 526 499 non
573 457 648 499 est
698 452 749 498 in
788 451 914 515 vita,
968 449 1086 513 quid
1126 455 1202 498 est
1241 448 1371 513 quod
1411 449 1714 515 detrahitur,
1767 449 1921 498 donec

249 526 355 572 eius
379 524 462 573 fiat
484 523 703 588 perfecta
729 519 1074 587 consumptio?
1115 521 1170 571 Si
1205 528 1369 571 autem
1408 537 1506 571 non
1548 529 1624 571 est
1660 524 1712 571 in
1749 529 1924 587 morte,

248 597 365 662 quid
414 603 490 646 est
534 599 659 646 vitae
706 599 811 661 ipsa
857 593 1132 645 detractio?
1208 594 1317 644 Non
1365 597 1494 644 enim
1544 595 1756 661 frustra,
1810 611 1921 645 eum

247 672 344 720 vita
374 671 525 720 fuerit
557 672 753 736 corpori
785 676 886 719 tota
925 669 1157 734 detracta,
1195 674 1309 734 post
1346 675 1557 718 mortem
1595 670 1689 718 iam
1729 669 1923 735 dieitur,

247 746 342 792 nisi
389 746 502 808 quia
548 759 680 792 mors
730 749 856 809 erat,
904 758 1017 791 oum
1065 742 1423 791 detraheretur.
1498 742 1620 791 Nam
1666 745 1707 791 si
1747 757 1803 791 ea
1841 742 1922 791 de·

247 824 403 867 tracta
435 833 532 866 non
574 824 650 866 est
679 817 826 865 homo
866 818 916 864 in
956 823 1130 881 morte,
1169 815 1255 864 sed
1294 823 1407 880 post
1446 822 1674 866 mortem:
1715 815 1924 882 quande,

250 893 344 940 nisi
385 906 497 940 eum
537 890 827 956 detrahitur,
869 891 963 938 erit
1000 891 1050 938 in
1090 886 1285 938 morte?

927 1017 1117 1071 CAPUT
1156 1018 1247 1072 XI.

307 1113 385 1160 Αη
425 1114 688 1173 quisquam
726 1113 876 1160 simul
912 1118 961 1160 et
997 1114 1167 1160 vivens
1207 1126 1313 1160 esse
1346 1114 1503 1174 possit
1542 1116 1591 1159 et
1627 1117 1865 1160 mortuus

397 1214 449 1263 Si
488 1221 651 1263 autem
698 1214 967 1263 absurdum
1014 1221 1110 1279 est,
1156 1221 1211 1262 ut
1248 1213 1519 1279 hominem,
1566 1220 1826 1278 antequam
1866 1214 1926 1262 ad

248 1294 457 1337 mortem
495 1290 769 1353 perveniat,
817 1290 914 1336 iam
953 1303 1060 1336 esse
1101 1287 1320 1336 dicamus
1360 1289 1411 1336 in
1449 1294 1608 1336 morte
1649 1281 1755 1354 (oui
1796 1289 1925 1336 enim

247 1363 546 1426 propinquat
591 1361 869 1426 peragendo
917 1363 1042 1410 vitae
1091 1376 1207 1410 suae
1253 1367 1497 1428 tempora,
1544 1363 1585 1409 si
1623 1363 1719 1410 iam
1756 1363 1808 1409 in
1846 1360 1926 1409 illa

250 1429 401 1500 esffl),
439 1436 646 1483 maxime
687 1437 799 1499 quia
824 1436 969 1483 nimis
1009 1442 1084 1483 est
1121 1434 1353 1499 ins'olenS,
1393 1441 1447 1483 ut
1487 1434 1631 1483 simul
1671 1442 1720 1484 et
1758 1436 1924 1482 vivens

250 1523 358 1557 esse
398 1508 589 1558 dicatur
630 1514 679 1557 et
717 1509 954 1573 morienS,
1003 1523 1116 1556 oum
1162 1507 1363 1571 vigilans
1404 1514 1453 1556 et
1491 1507 1740 1556 dormiens
1781 1506 1927 1556 simul

250 1597 358 1630 esse
414 1597 511 1629 non
565 1583 742 1645 possit:
797 1581 1132 1645 quaerendum
1187 1587 1263 1630 est
1310 1581 1505 1646 quando
1555 1584 1649 1630 erit
1695 1582 1925 1630 moriens,

248 1654 445 1704 Etenim
484 1662 745 1718 antequam
792 1670 925 1703 mors
964 1657 1147 1720 veniat,
1194 1669 1292 1703 non
1333 1661 1408 1703 est
1447 1657 1686 1721 moriens,
1733 1654 1820 1703 sed
1861 1656 1928 1702 vi-

249 1743 389 1793 vens3
429 1743 542 1777 eum
573 1743 688 1776 vero
728 1743 862 1777 mors
900 1730 1106 1793 venerit,
1143 1734 1370 1777 mortuus
1409 1729 1518 1794 erit,
1557 1744 1655 1777 non
1695 1729 1925 1776 moriens,

246 1801 370 1850 Illud
410 1817 526 1865 ergo
567 1808 642 1850 est
673 1801 831 1850 adhuc
871 1808 983 1850 ante
1022 1807 1247 1866 mortem,
1285 1802 1379 1850 hoo
1417 1803 1514 1850 iam
1551 1809 1664 1867 post
1701 1808 1925 1850 mortem.

249 1874 453 1931 Quando
479 1890 595 1939 ergo
620 1877 671 1924 in
704 1873 898 1924 morte?
937 1875 1076 1924 Tune
1116 1877 1247 1924 enim
1287 1882 1365 1936 est
1401 1877 1631 1941 morienS,
1673 1882 1739 1940 ut,
1779 1889 1926 1939 quem

248 1949 307 1997 ad
332 1948 532 1997 modum
563 1951 658 1997 tria
690 1955 805 1998 sunt
837 1964 951 1998 oum
982 1949 1190 1998 dicimus
1229 1956 1372 2015 „ante
1405 1956 1629 2014 mortem,
1668 1950 1720 1997 in
1751 1955 1926 2014 morte,

247 2028 360 2085 post
398 2018 658 2088 mortem“,
704 2024 772 2071 ita
809 2025 905 2071 tria
958 2022 1163 2087 singulis
1212 2022 1402 2086 singula
1438 2024 1658 2088 „vivens,
1707 2024 1925 2070 moriens

247 2090 604 2159 mortuusque“
653 2096 936 2145 reddantur.
1021 2095 1225 2153 Quando
1264 2097 1429 2160 itaque
1470 2098 1533 2144 sit
1586 2097 1822 2161 moriens,
1875 2095 1926 2143 id

246 2170 395 2216 estin
427 2175 600 2228 morte,
640 2168 725 2218 ubi
758 2185 919 2233 neque
961 2171 1024 2219 sit
1055 2171 1238 2235 vivenS,
1277 2169 1408 2234 quod
1441 2176 1518 2218 est
1549 2175 1660 2218 ante
1700 2175 1925 2234 mortem,

244 2256 404 2306 neque
451 2247 700 2308 mortium,
749 2242 879 2306 quod
919 2248 995 2291 est
1032 2250 1146 2307 post
1182 2250 1417 2309 mortem,
1464 2242 1551 2291 sed
1591 2244 1828 2306 morienS,
1874 2241 1924 2290 id

246 2322 322 2364 est
366 2316 418 2363 in
463 2321 644 2380 morte,
692 2315 976 2364 difficillime
1024 2316 1269 2365 definitur.
1347 2316 1589 2374 Quamdiu
1629 2318 1810 2380 quippe
1851 2322 1928 2364 est

247 2389 406 2436 anima
451 2390 503 2436 in
550 2403 779 2454 corpore,
828 2391 1036 2438 maxime
1083 2391 1125 2438 si
1165 2391 1311 2438 etiam
1351 2405 1526 2438 sensus
1566 2389 1713 2454 adsit,
1752 2388 1925 2452 procul

248 2460 397 2510 dubio
446 2463 561 2510 vivit
605 2461 782 2526 hom0,
834 2463 918 2525 qui
966 2470 1157 2511 constat
1197 2478 1255 2511 ex
1295 2465 1454 2511 anima
1495 2469 1544 2511 et
1583 2477 1816 2526 corpore,
1868 2476 1924 2509 ae

245 2549 334 2598 per
373 2534 466 2583 hoc
498 2534 656 2583 adhuc
696 2541 807 2583 ante
848 2542 1072 2601 mortem,
1111 2551 1211 2584 non
1249 2539 1300 2584 in
1338 2543 1497 2584 morte
1538 2550 1646 2584 esse
1687 2534 1926 2583 dicendus

247 2613 342 2673 est3
398 2623 510 2657 cum
567 2623 679 2656 vero
736 2609 894 2656 anima
955 2608 1251 2658 abscesserit
1311 2624 1605 2673 omnemque
1667 2607 1927 2656 abstulerit
1998 2651 2020 2657 ,γ

246 2683 468 2744 corporis
515 2696 738 2747 sensum,
784 2683 879 2729 iam
924 2689 1037 2745 post
1084 2689 1295 2731 mortem
1333 2689 1657 2745 mortuusque
1697 2679 1924 2745 perhibe·

364 2827 389 2865 3
423 2822 533 2876 quia
562 2833 675 2875 272333
710 2835 803 2878 qua
831 2835 858 2865 v
882 2823 897 2878 ΙΙ
922 2828 947 2865 5
980 2823 1316 2867 consummatio
1348 2825 1393 2866 A
