2020 3122
541 142 607 174 DE
632 140 870 174 c1v1'rA'rE
895 141 983 173 DEI
1006 141 1047 173 L.
1072 141 1180 174 xm.
1205 140 1242 175 c.
1268 142 1320 174 23.
1671 129 1777 183 589

96 256 187 315 qui
223 255 487 303 suscitavit
529 253 778 303 Christum
817 268 850 302 a
891 257 1121 314 mortuis,
1168 256 1366 303 habitat
1405 257 1454 303 in
1493 256 1653 304 vobis:
1692 259 1782 317 qui

95 329 361 377 suscitavit
397 327 648 376 Christum
679 342 711 376 a
743 330 954 376 mortuis
991 329 1268 387 vivificabit
1306 334 1353 377 et
1391 331 1626 389 mortalia
1666 344 1776 379 cor-

92 415 227 463 pora
281 405 450 449 vestra
499 415 596 462 per
660 401 1022 450 inhabitantem
1075 404 1308 463 spiritum
1362 404 1469 451 eius
1525 405 1575 451 in
1630 404 1777 453 vobis.

99 473 239 522 Tunc
272 488 388 538 ergo
420 475 514 522 erit
546 488 727 538 corpus
757 475 808 521 in
841 475 1070 539 spiritum
1100 475 1437 540 vivificantem,
1476 475 1607 539 quod
1646 491 1779 525 nunc

101 554 177 596 est
214 548 265 596 in
299 549 511 596 animam
542 549 807 613 viventem3
847 554 896 596 et
935 555 1098 596 tamen
1139 555 1390 598 mortuum
1429 548 1547 598 dicit
1586 555 1777 614 aposto-

99 620 191 687 lus,
232 622 345 685 quia
383 622 480 670 iam
511 621 754 670 moriendi
793 622 1085 670 necessitate
1127 623 1449 671 constrictum
1489 629 1576 672 est.
1639 623 1779 672 Tunc

99 701 263 743 autem
297 701 401 743 erat
431 696 482 743 in
515 696 726 743 animam
765 696 1023 760 viventem,
1063 696 1284 758 quamvis
1323 709 1422 742 non
1461 697 1511 743 in
1551 697 1779 760 spiritum

99 768 452 834 vivificantem,
508 774 563 817 ut
617 774 780 818 tamen
829 775 1079 818 mortuum
1126 767 1223 817 dici
1269 783 1368 816 non
1415 774 1549 816 recte
1597 776 1780 835 posset,

99 842 214 906 quia
284 843 379 890 nisi
446 844 812 907 perpetratione
882 843 1072 907 peccati
1133 843 1476 891 necessitatem
1539 842 1781 891 moriendi

99 914 281 964 habere
330 930 428 964 non
474 923 656 980 posset.
734 915 856 965 Cum
902 931 1018 964 vero
1060 915 1190 964 Deus
1238 922 1288 964 et
1326 914 1558 964 dicendo:
1604 916 1780 978 Adam,

100 991 190 1038 ubi
226 991 309 1039 es?
356 995 565 1039 mortem
613 990 959 1054 significaverit
998 991 1207 1055 animae,
1256 1004 1379 1054 quae
1420 988 1547 1038 facta
1585 995 1661 1038 est
1699 989 1780 1038 illo

100 1062 384 1129 deserente,
425 1070 474 1112 et
512 1062 742 1113 dicendo:
796 1064 956 1114 Terra
1004 1078 1055 1112 es
1101 1068 1151 1112 et
1189 1066 1240 1112 in
1280 1068 1472 1111 terram
1511 1064 1606 1112 ibis
1651 1078 1780 1112 mor·

102 1144 200 1186 tem
242 1137 588 1200 significaverit
628 1139 866 1203 corporis,
906 1152 1030 1201 quae
1070 1136 1141 1185 illi
1180 1137 1234 1186 fit
1273 1137 1432 1185 anima
1474 1135 1780 1186 discedente:

100 1216 364 1275 propterea
413 1210 472 1259 de
521 1217 678 1259 morte
726 1210 943 1260 secunda
989 1209 1110 1258 nihil
1155 1210 1334 1258 dixisse
1377 1209 1652 1259 credendus
1694 1216 1781 1275 est,

101 1285 216 1348 quia
262 1283 506 1333 occultam
553 1299 661 1333 esse
716 1284 869 1333 voluit
920 1290 1126 1349 propter
1173 1283 1589 1348 dispensationem
1636 1289 1782 1332 testa·

102 1358 257 1406 menti
295 1359 430 1422 novi,
478 1356 564 1406 ubi
612 1357 828 1407 secunda
867 1373 1000 1407 mors
1042 1358 1350 1421 apertissime
1390 1356 1690 1422 declaratur3
1729 1363 1784 1406 ut

100 1432 240 1495 prius
279 1432 372 1480 ista
410 1446 544 1480 mors
582 1432 756 1498 prima,
796 1446 920 1496 quae
961 1432 1236 1480 communis
1276 1437 1351 1479 est
1390 1429 1633 1496 omnibUS,
1671 1445 1782 1494 pro-

100 1505 304 1554 deretur
352 1520 410 1553 ex
458 1504 540 1553 illo
588 1507 780 1554 venisse
826 1511 1051 1571 peccato,
1098 1503 1230 1568 quod
1277 1505 1327 1553 in
1376 1519 1475 1552 uno
1524 1518 1782 1553 commune

104 1579 288 1627 sactum
321 1585 395 1627 est
427 1577 677 1644 omnibus;
717 1594 855 1635 mors
890 1594 1006 1627 vero
1048 1577 1264 1627 secunda
1302 1593 1401 1626 non
1441 1579 1612 1641 utique
1654 1592 1782 1626 com-

102 1653 265 1701 munis
297 1658 372 1700 est
404 1651 632 1701 omnibus
670 1659 875 1717 propter
908 1668 1008 1718 eos,
1047 1655 1136 1713 qui
1163 1653 1439 1701 secundum
1473 1653 1784 1712 propositum

103 1729 272 1775 vocati
307 1732 444 1792 sunt,
484 1741 606 1787 quos
646 1733 757 1775 ante
792 1728 1072 1788 praescivit
1110 1731 1158 1774 et
1190 1726 1614 1786 praedestinavit,
1655 1725 1785 1772 sicut

102 1801 170 1847 ait
194 1799 459 1864 apostolus,
483 1799 766 1860 conformes
798 1801 1033 1860 imaginis
1059 1801 1159 1858 filii
1180 1801 1273 1858 sui,
1307 1803 1363 1847 ut
1385 1800 1451 1846 sit
1473 1799 1578 1859 ipse
1594 1800 1783 1859 primo-

98 1875 300 1934 genitus
347 1876 399 1921 in
449 1875 614 1921 multis
655 1872 935 1934 fratribus,
991 1887 1115 1936 quos
1167 1887 1193 1920 a
1244 1870 1460 1920 secunda
1499 1877 1656 1920 morte
1696 1886 1785 1935 per

102 1945 421 1994 Mediatorem
460 1945 548 1994 Dei
586 1947 741 2010 gratia
778 1945 1015 1995 liberavit.

251 2018 306 2067 ln
355 2034 562 2083 corpore
616 2034 732 2083 ergo
788 2019 983 2068 animali
1033 2021 1247 2083 primum
1298 2018 1548 2066 hominem
1602 2018 1785 2066 factum

103 2093 174 2142 sic
215 2091 465 2157 apostolus
503 2092 736 2156 loquitur.
813 2092 992 2142 Volens
1032 2094 1161 2141 enim
1202 2091 1261 2140 ab
1302 2090 1524 2157 spiritali,
1565 2090 1695 2155 quod
1734 2092 1786 2139 in

104 2167 470 2215 resurrectione
527 2167 751 2216 futurum
802 2172 901 2232 est,
955 2166 1049 2215 hoc
1096 2166 1227 2230 quod
1275 2180 1406 2214 nunc
1453 2171 1529 2213 est
1581 2163 1786 2213 animale

104 2239 410 2288 discernere:
451 2239 764 2301 Seminatur,
812 2242 994 2306 inquit,
1042 2242 1093 2289 in
1134 2241 1481 2301 corruptione,
1520 2244 1696 2299 surqet
1736 2240 1786 2286 in

106 2316 487 2375 incorruptione
495 2331 516 2371 ;
551 2316 832 2363 seminatur
864 2317 915 2362 in
947 2316 1263 2374 contumelia,
1303 2318 1478 2373 surqet
1510 2314 1560 2360 in
1589 2314 1787 2372 ψυγέα,-

104 2390 384 2436 seminatur
440 2389 492 2437 in
542 2389 860 2448 infirmitate,
915 2392 1091 2448 surqet
1137 2390 1188 2435 in
1239 2389 1454 2443 virtute;
1506 2387 1787 2433 seminatur

107 2475 291 2522 corpus
330 2463 570 2519 animale,
617 2467 794 2522 surqct
831 2476 1016 2523 corpus
1054 2463 1298 2523 spiritale.
1375 2457 1560 2506 Deinde
1599 2463 1655 2506 ut
1692 2456 1786 2505 hoc

106 2533 362 2598 probaret:
403 2534 462 2583 Si
498 2540 582 2594 est,
624 2535 809 2600 inquit,
849 2549 1033 2596 corpus
1074 2536 1304 2593 animale,
1346 2538 1419 2581 est
1457 2537 1505 2581 et
1541 2532 1784 2592 spiritale.

226 2663 273 2716 3)
304 2661 437 2704 Rom.
461 2664 501 2715 8,
538 2666 606 2704 11.
672 2662 742 2717 12)
776 2660 888 2705 Gen.
922 2665 961 2717 3,
996 2666 1044 2715 93
1080 2666 1148 2704 19.
1212 2660 1283 2713 23)
1315 2659 1447 2701 Rom.
1483 2661 1522 2711 8,
1558 2660 1611 2700 28
1645 2670 1712 2711 sq.

229 2813 251 2850 7
287 2810 387 2851 erat
427 2807 537 2860 VF;
569 2807 636 2851 ita
669 2810 768 2851 erat
798 2822 823 2851 v
870 2809 885 2863 ΙΙ
930 2812 988 2851 24
1018 2805 1237 2851 liberabit
1268 2806 1313 2848 A
1358 2807 1373 2860 11
1420 2808 1474 2847 -28
1506 2817 1596 2860 sqq.
1631 2805 1788 2861 surget,

119 2865 184 2909 Vc
216 2870 342 2920 (584,
374 2870 478 2922 10)‚·
510 2866 658 2924 surgit
690 2867 787 2910 AF

1816 924 1871 963 10

1817 1290 1872 1330 15

1818 1659 1874 1699 20

1818 2026 1873 2066 25

1819 2393 1876 2433 30
